2176 3424
552 115 1183 168 ETYMOLOGIARVM
1224 113 1352 159 LIB.
1396 111 1482 157 IX.
1523 105 1555 155 ii

178 268 326 315 quem
363 249 566 299 fluvium
603 247 916 305 inhabitasse,
953 254 1001 294 et
1043 261 1101 293 ex
1143 260 1203 292 eo
1242 240 1442 290 traxisse
1481 255 1665 287 nomen
1708 236 1922 285 Vandali

178 332 508 396 perhibentur.
583 328 907 380 Germanicae
951 335 1122 390 gentes
1164 325 1339 381 dictae,
1386 322 1522 384 quod
1566 318 1662 368 sint
1704 316 1923 366 inmania
1947 328 2015 377 97

177 430 382 478 corpora
417 413 742 475 inmanesque
789 409 1014 458 nationes
1064 404 1359 455 saevissimis
1396 404 1600 452 duratae
1635 399 1894 464 frigoribus
1913 418 1927 460 3

179 495 263 560 qui
280 479 439 544 mores
465 511 524 543 ex
548 495 656 557 ipso
676 491 799 541 caeli
823 491 980 554 rigore
1005 495 1266 546 traxerunt,
1285 483 1460 535 ferocis
1487 482 1640 532 animi
1666 490 1715 531 et
1735 497 1928 543 semper

135 596 156 635 5
179 575 420 636 indomiti,
458 584 597 639 raptu
628 583 908 636 venatuque
941 570 1175 620 viventes.
1251 570 1450 616 Horum
1483 564 1724 629 plurimae
1756 572 1927 626 gentes

180 659 339 707 variae
387 655 546 717 armis,
593 655 860 705 discolores
908 651 1095 711 habitu,
1137 650 1316 713 linguis
1359 647 1605 708 dissonae,
1650 655 1698 695 et
1741 643 1927 708 origine

180 739 534 789 vocabulorum
560 736 774 786 incertae
796 754 809 797 3
832 744 886 784 ut
905 735 1180 793 Tolosates,
1201 729 1458 790 Amsivari,
1484 727 1665 791 Quadi,
1689 724 1925 789 Tuungri,

181 820 538 880 Marcomanni,
570 819 775 879 Bruteri,
801 815 1056 876 Chamavi,
1086 811 1359 877 Blangiani,
1386 811 1647 862 Tubantes
1667 828 1679 871 3
1716 824 1928 873 quorum

179 902 441 953 inmanitas
457 902 710 952 barbariae
731 899 879 949 etiam
905 900 954 947 in
980 897 1097 961 ipsis
1123 894 1377 945 vocabulis
1402 895 1655 943 horrorem
1677 893 1928 957 quendam

112 1008 159 1036 10
180 983 433 1048 significat.
485 982 630 1033 Suevi
649 999 759 1047 pars
776 983 1139 1032 Germanorum
1156 980 1352 1027 fuerunt
1369 976 1419 1026 in
1441 977 1540 1026 fine
1555 975 1928 1039 Septentrionis.
1953 964 2022 1024 98

183 1069 260 1116 De
287 1066 466 1131 quibus
495 1067 727 1114 Lucanus
755 1063 820 1128 (2,
843 1062 927 1126 51)
952 1081 961 1111 :

451 1146 636 1196 Fundit
677 1146 741 1194 ab
780 1143 1025 1207 extremo}
1041 1145 1193 1191 flavos
1220 1139 1467 1208 ssaquilone
1507 1142 1709 1190 Suevos.

185 1231 410 1292 Quorum
453 1229 602 1278 fuisse
641 1236 842 1277 centum
882 1242 1033 1290 pagos
1071 1235 1118 1273 et
1160 1226 1372 1287 populos
1413 1222 1554 1271 multi
1593 1221 1930 1286 prodiderunt.

184 1312 319 1361 Dicti
334 1321 500 1361 autem
526 1311 672 1360 Suevi
698 1318 933 1373 putantur
957 1325 986 1356 a
1011 1315 1182 1355 monte
1209 1307 1385 1364 Suevo,
1406 1304 1490 1367 qui
1511 1304 1574 1353 ab
1601 1314 1709 1353 ortu
1737 1302 1931 1352 initium

114 1416 159 1455 15
183 1395 478 1444 Germaniae
504 1393 632 1451 facit,
662 1390 800 1440 cuius
827 1391 936 1439 loca
962 1388 1290 1437 incoluerunt.
1366 1386 1746 1450 Burgundiones
1780 1402 1935 1450 quon·
1957 1397 2032 1445 99

183 1477 312 1535 darn,
354 1492 383 1525 a
430 1473 673 1524 Romanis
713 1472 918 1521 subacta
958 1469 1176 1519 interiori
1214 1469 1492 1527 Germania,
1535 1485 1621 1531 per
1663 1477 1934 1516 castrorum

183 1556 362 1606 limites
378 1556 526 1621 positi
550 1574 579 1604 a
603 1553 806 1605 Tiberio
835 1555 1046 1603 Caesare
1071 1551 1122 1599 in
1148 1568 1378 1615 magnam
1404 1551 1694 1599 coaluerunt
1719 1559 1932 1613 gentem,

183 1648 332 1702 atque
362 1638 428 1687 ita
464 1655 649 1687 nomen
685 1653 742 1685 ex
774 1636 897 1684 locis
923 1641 1240 1698 sumpserunt
1259 1650 1271 1693 3
1308 1634 1422 1696 quia
1448 1632 1619 1680 crebra
1643 1649 1730 1695 per
1755 1630 1935 1680 limites

185 1719 464 1769 habitacula
490 1718 756 1768 constituta
780 1717 962 1779 burgos
994 1717 1139 1779 vulgo
1164 1723 1359 1763 vocant.
1435 1713 1506 1761 Hi
1531 1723 1704 1776 postea
1728 1713 1937 1762 rebelles

117 1824 164 1852 20
186 1800 427 1850 Romanis
468 1800 628 1849 effecti
670 1802 780 1863 plus
818 1815 966 1861 quam
1013 1796 1263 1860 octoginta
1305 1795 1438 1843 milia
1467 1804 1767 1844 armatorum
1802 1794 1935 1858 ripae

189 1881 353 1931 Rheni
389 1881 605 1930 fluminis
643 1880 946 1938 insederunt,
976 1887 1023 1928 et
1049 1895 1235 1927 nomen
1259 1876 1418 1940 gentis
1445 1875 1781 1926 obtinuerunt.
1855 1878 1937 1925 Sa·
1959 1878 2056 1914 100

186 1982 370 2014 xonum
402 1981 522 2027 gens
552 1962 603 2012 in
629 1961 818 2013 Oceani
843 1960 1067 2009 litoribus
1095 1968 1142 2009 et
1167 1958 1433 2023 paludibus
1458 1957 1600 2007 inviis
1627 1958 1731 2017 sita,
1760 1957 1938 2007 virtute

187 2055 336 2109 atque
367 2044 581 2109 agilitate
618 2043 809 2092 habilis.
882 2043 1031 2090 Vnde
1065 2051 1113 2090 et
1146 2042 1404 2105 appellata,
1434 2041 1570 2103 quod
1596 2041 1657 2089 sit
1683 2041 1862 2089 durum
1889 2049 1938 2089 et

189 2126 543 2176 validissimum
589 2143 744 2190 genus
793 2123 1056 2173 hominum
1105 2131 1152 2171 et
1191 2131 1444 2185 praestans
1485 2121 1659 2171 ceteris
1703 2121 1931 2186 piraticis.

118 2236 165 2276 25
191 2207 364 2258 Franci
400 2226 429 2256 a
465 2209 683 2272 quodam
719 2205 918 2270 proprio
955 2206 1083 2254 duce
1119 2203 1282 2253 vocari
1318 2213 1566 2267 putantur.
1655 2204 1753 2252 Alii
1790 2221 1874 2254 eos
1910 2222 1938 2253 a
1961 2217 2046 2252 101

189 2290 379 2340 feritate
419 2307 613 2339 morum
657 2297 969 2351 nuncupatos
1015 2286 1308 2336 existimant.
1396 2288 1520 2335 Sunt
1569 2285 1702 2335 enim
1745 2286 1795 2335 in
1843 2286 1937 2335 illis

190 2390 350 2422 mores
370 2371 625 2431 inconditi,
646 2371 876 2420 naturalis
893 2368 1116 2418 ferocitas
1133 2367 1427 2417 animorum.
1470 2367 1717 2417 Brittones
1734 2367 1938 2432 quidam
1961 2386 2055 2420 102

248 2518 266 2543 1
299 2510 341 2543 et
360 2518 443 2544 om.
467 2505 508 2543 A
674 2502 871 2542 uuandali
892 2502 992 2541 BC:
1022 2500 1210 2539 uuandili
1238 2500 1275 2538 T
1447 2513 1472 2537 2
1503 2500 1758 2539 Germaniae
1780 2498 1945 2538 ABCT

191 2560 289 2610 quia
311 2573 344 2598 s.
365 2559 494 2598 minia
511 2572 572 2598 co.
590 2558 636 2596 K
740 2570 765 2606 3
785 2557 994 2596 sevissimi
1016 2555 1062 2594 K
1167 2569 1192 2604 4
1209 2555 1374 2594 feroces
1390 2553 1526 2593 ΑΒΚ
1629 2566 1653 2603 5
1676 2556 1744 2593 ho.
1762 2555 1816 2604 pl.
1838 2567 1939 2603 gen.

190 2627 271 2652 om.
301 2614 352 2653 Tl
462 2628 483 2663 7
507 2613 710 2652 tolerates
732 2612 831 2650 CT:
863 2612 1086 2651 collorates
1105 2610 1146 2648 Β
1254 2610 1372 2649 amisi
1394 2608 1462 2659 (ex
1480 2609 1557 2661 -ci)
1578 2611 1667 2648 vari
1689 2609 1730 2647 A
1819 2609 1938 2657 tungi

190 2668 232 2706 A
254 2683 262 2707 :
293 2668 484 2718 turungri
508 2668 594 2706 CTl
759 2668 784 2704 8
805 2665 1064 2705 Arcomanni
1093 2664 1130 2702 T
1288 2665 1471 2703 bructeri
1492 2664 1532 2701 Β
1696 2677 1862 2702 camaso
1890 2662 1943 2701 T²

191 2722 455 2772 blangiannii
474 2723 538 2762 B:
570 2721 780 2761 blanciani
801 2720 848 2759 K
981 2734 1007 2769 9
1036 2720 1079 2757 in
1100 2732 1182 2759 om.
1206 2718 1252 2757 K
1374 2731 1560 2757 errorem
1590 2719 1648 2758 T:
1679 2725 1884 2757 terrorem
1908 2717 1943 2756 C

198 2790 247 2815 12
277 2777 473 2827 aquilene
501 2777 538 2815 T
700 2789 748 2825 14
777 2789 838 2815 or.
860 2775 960 2814 solis
983 2776 1045 2814 in.
1066 2772 1113 2812 K
1277 2784 1324 2822 15
1354 2774 1454 2812 fecit
1476 2773 1522 2811 K
1693 2774 1874 2823 quodam
1896 2771 1943 2811 K

200 2833 249 2870 16
268 2845 464 2871 romanas
487 2831 537 2870 Cl
674 2831 892 2880 germanie
921 2830 958 2869 T
1066 2841 1112 2876 17
1148 2829 1313 2867 coalere
1334 2827 1403 2866 K:
1422 2828 1640 2867 caluerunt
1660 2828 1702 2866 A
1727 2842 1735 2866 :
1757 2827 1839 2866 col·
1859 2827 1944 2865 BT

202 2898 250 2935 19
269 2887 351 2926 vul.
375 2886 463 2925 bur.
490 2885 537 2924 K
615 2885 785 2937 postea]
807 2890 1030 2935 praeterea
1051 2882 1145 2922 KC1
1257 2896 1310 2923 20
1330 2883 1493 2922 romani
1512 2881 1557 2920 K
1664 2895 1713 2921 21
1738 2887 1780 2920 et
1793 2895 1875 2921 om.
1893 2882 1934 2921 A

199 2939 407 2980 Saxorum
428 2941 469 2978 A
601 2954 653 2979 22
683 2952 818 2990 genus
836 2939 914 2979 BC
918 2939 956 2978 T
1089 2950 1296 2978 oceanum
1317 2936 1364 2976 K
1509 2937 1591 2988 pal.
1614 2936 1774 2976 invicta
1793 2937 1872 2976 vir.
1893 2936 1935 2975 A

198 3006 250 3043 24
277 2995 382 3047 vah]
400 2995 675 3045 agilissimum
695 2994 743 3034 K
847 2994 926 3045 pir.
948 3007 1030 3034 om.
1050 2994 1092 3032 A
1116 2996 1218 3044 (non
1244 2993 1302 3043 U)
1415 3005 1466 3043 25
1496 2994 1602 3031 duce
1623 2989 1822 3042 propriae
1844 2991 1889 3043 (i.
1906 3005 1938 3030 e.

198 3048 294 3100 -rie)
318 3048 364 3087 K
540 3051 593 3088 26
623 3050 856 3100 nuncupari
879 3048 926 3088 K
1103 3048 1217 3088 enim
1239 3061 1320 3088 om.
1347 3045 1393 3086 K
1592 3059 1641 3095 27
1676 3045 1873 3086 Britones
1894 3046 1934 3084 A

197 3103 299 3155 (non
318 3102 441 3144 Bern.
465 3105 583 3156 extr.)
