2176 3424
1032 108 1304 157 ISIDORI

287 237 427 301 quasi
465 238 592 298 lecti,
637 239 687 287 id
726 246 799 287 est
837 237 982 286 armis
1022 238 1177 287 electi.
1251 239 1451 302 Proprie
1488 248 1654 288 autern
1695 241 2034 290 Macedonum

199 336 263 386 47
286 321 512 384 phalanx,
551 321 805 369 Gallorum
840 328 1045 379 caterva,
1073 329 1240 369 nostra
1274 320 1403 383 legio
1435 319 1626 372 dicitur.
1701 320 1853 385 Legio
1885 322 2034 370 habet

287 402 537 466 sexaginta
562 401 820 461 centuriaS‚
842 401 1122 466 manipulos
1147 401 1355 466 triginta,
1380 404 1606 452 cohortes
1632 403 1914 464 duodecim,
1942 413 2035 453 tur-

197 491 264 551 48
287 501 392 534 mas
418 485 673 533 ducentas·
747 485 983 534 Centuria
1007 493 1080 533 est
1113 500 1223 548 pars
1256 483 1496 534 exercitus
1520 484 1571 534 in
1597 494 1832 536 centenos
1857 485 2036 535 milites

191 587 264 636 49
287 566 457 618 divisa.
527 567 677 616 Vnde
703 575 751 615 et
780 567 865 630 qui
890 565 965 615 his
990 575 1224 630 praesunt
1256 565 1569 616 centuriones
1599 566 1842 618 dicuntur.
1916 567 2037 616 Sub·
2059 581 2080 621 5

288 647 548 699 centuriati
572 665 687 697 vero
714 657 842 707 sunt,
871 664 974 697 non
998 647 1083 711 qui
1109 647 1159 696 in
1184 647 1354 712 prima,
1384 649 1472 697 sed
1498 648 1583 712 qui
1608 648 1659 698 in
1684 650 1902 698 secunda
1927 666 2038 699 cen-

287 729 412 778 turia
437 738 564 789 sunt,
593 729 734 793 quasi
759 730 852 779 sub
885 731 1043 793 prima
1076 729 1323 780 centuria:
1361 738 1528 779 tamen
1561 730 1731 780 structi
1764 730 1911 781 etiam
1944 731 2037 795 ipsi

290 822 337 861 et
374 811 426 860 in
462 812 674 876 speculis
711 811 859 876 positi
894 811 944 860 in
979 812 1112 861 bello
1145 820 1259 861 sunt
1277 830 1290 873 ,·
1326 821 1380 862 ut
1409 811 1449 861 si
1482 812 1639 876 prima
1668 813 1915 874 defecerit,
1943 812 2034 873 isti,

290 911 416 958 quos
448 895 539 943 sub
573 911 625 943 se
659 893 887 954 diximus,
926 892 1266 943 laborantibus
1303 892 1471 958 primis
1505 893 1819 944 subveniunt.
1890 896 2039 944 Vnde

291 986 339 1026 et
363 978 427 1026 ad
457 975 795 1025 insidiandum
831 974 1030 1039 ponitur
1062 974 1471 1036 subcenturiatus,
1501 975 1642 1040 quasi
1673 975 1820 1026 armis
1854 976 2039 1026 dolosis
2066 989 2115 1020 10

199 1077 268 1127 50
290 1058 569 1108 instructus.
656 1059 945 1122 Manipulus
982 1059 1311 1107 ducentorum
1359 1068 1432 1107 est
1480 1057 1706 1107 militum.
1794 1057 2040 1122 Manipuli

290 1150 457 1190 autem
477 1139 597 1189 dicti
623 1149 736 1189 sunt
761 1138 955 1200 milites,
984 1139 1085 1189 sive
1111 1139 1225 1203 quia
1259 1140 1444 1189 bellurn
1470 1139 1629 1204 primo
1660 1157 1811 1190 manu
1844 1140 2039 1205 incipie-

290 1223 425 1283 bant,
455 1221 556 1272 sive
582 1223 719 1285 quod
744 1230 1012 1286 antequam
1048 1221 1184 1285 signa
1218 1230 1396 1283 essent,
1426 1222 1705 1286 manipulos
1740 1222 1846 1282 sibi,
1884 1222 1934 1272 id
1969 1232 2041 1272 est

289 1304 550 1354 fasciculos
589 1304 798 1368 stipulae
831 1306 907 1354 vel
945 1304 1127 1354 herbae
1162 1303 1370 1354 alicuius
1406 1320 1495 1368 pro
1531 1304 1680 1367 signis
1717 1304 1976 1364 faciebant,
2013 1322 2041 1353 a

290 1403 392 1450 quo
428 1386 568 1450 signo
605 1386 933 1450 manipulares
967 1385 1145 1436 milites
1175 1385 1510 1450 cognominati
1543 1396 1670 1436 sunt.
1746 1388 1824 1436 De
1860 1385 2039 1450 quibus
2067 1401 2113 1443 15

292 1472 521 1518 Lucanus
550 1468 616 1533 (1,
638 1467 779 1531 296):

484 1553 742 1601 Convocat
775 1559 989 1600 armatos
1026 1552 1273 1615 extemplo
1308 1552 1373 1600 ad
1408 1551 1547 1614 signa
1584 1550 1840 1614 maniplos

219 1651 269 1700 51
290 1637 479 1684 Turma
503 1632 699 1697 triginta
725 1634 913 1696 equites
939 1642 1066 1681 sunt.
1122 1632 1338 1681 Romani
1363 1632 1495 1681 enim
1522 1632 1710 1697 equites
1730 1633 1779 1681 in
1798 1649 1895 1682 una
1913 1633 2041 1682 tribu

292 1715 498 1767 trecenti
523 1716 734 1765 fuerunt.
810 1716 889 1764 De
922 1715 1124 1779 singulis
1157 1715 1287 1764 enirn
1323 1715 1554 1764 centuriis
1590 1717 1764 1765 decem
1798 1715 2043 1765 dabantur

203 1807 268 1856 52
294 1806 342 1846 et
368 1796 554 1845 fiebant
579 1806 753 1847 turma.
818 1799 1011 1847 Cohors
1037 1796 1333 1860 quingentos
1359 1797 1538 1847 milites
1563 1797 1727 1848 habet.
1788 1797 1904 1846 Tria
1929 1807 2040 1846 sunt
2068 1814 2118 1843 20

205 1899 270 1951 53
294 1879 495 1928 militiae
531 1894 740 1943 genera:
789 1888 1166 1939 sacramentum,
1207 1880 1443 1941 evocati0,
1495 1880 1782 1931 coniuratio,
1879 1882 2041 1929 Sacra-

293 1971 530 2022 mentum,
554 1962 605 2010 in
625 1978 725 2025 quo
746 1971 858 2026 post
877 1962 1171 2011 electionem
1198 1962 1322 2011 iurat
1341 1961 1681 2027 unusquisque
1707 1962 1846 2012 miles
1872 1978 1923 2012 se
1939 1979 2041 2012 non

294 2045 523 2093 recedere
547 2061 576 2092 a
601 2043 788 2105 militia,
817 2043 910 2093 nisi
943 2052 1056 2108 post
1090 2046 1321 2108 conpleta
1353 2043 1612 2108 stipendia,
1640 2044 1690 2094 id
1725 2054 1811 2104 est,
1840 2043 2041 2093 militiae

293 2135 518 2190 tempora
537 2144 549 2187 3
585 2135 632 2175 et
658 2126 708 2174 hi
733 2135 847 2176 sunt
872 2126 957 2189 qui
982 2126 1169 2176 habent
1193 2127 1390 2190 plenam
1417 2125 1657 2175 militiam.
1719 2128 1849 2175 Nam
1874 2125 2041 2190 viginti

204 2222 270 2273 54
291 2218 342 2258 et
368 2208 588 2272 quinque
611 2209 754 2257 annis
778 2217 1022 2258 tenentur.
1095 2207 1350 2268 Evocatio,
1378 2210 1498 2258 dum
1523 2209 1588 2257 ad
1613 2208 1831 2257 subitum
1857 2208 2040 2257 bellum
2068 2222 2118 2265 25

295 2307 397 2340 non
414 2292 574 2339 solum
591 2290 731 2340 miles
749 2292 836 2340 sed
853 2300 900 2340 et
916 2290 1065 2340 ceteri
1082 2300 1363 2340 evocantur.
1400 2291 1549 2339 Vnde
1565 2289 1712 2339 etiarn
1732 2291 1905 2339 consul
1923 2291 2043 2338 sole-

295 2372 380 2421 bat
405 2373 570 2422 dicere
591 2390 600 2422 :
642 2377 654 2398 ‘
671 2372 772 2435 Qui
797 2372 1154 2437 rempublicam
1182 2374 1366 2421 salvam
1401 2388 1507 2421 esse
1531 2373 1648 2432 vult,
1677 2387 1757 2421 me
1783 2373 2042 2434 sequatur!

207 2465 271 2518 55
295 2452 598 2515 Coniuratio,
628 2470 755 2518 quae
780 2456 834 2504 fit
867 2454 917 2503 in
951 2455 1179 2514 tumultu,
1207 2454 1410 2516 quando
1443 2453 1659 2502 vicinum
1693 2452 1826 2502 urbis
1859 2451 2043 2516 pericu-

293 2536 397 2585 lum
424 2534 641 2599 singulos
666 2535 823 2585 iurare
848 2552 949 2586 non
976 2535 1169 2599 patitur,
1187 2536 1274 2584 sed
1299 2543 1502 2598 repente
1520 2533 1762 2598 colligitur
1777 2533 2043 2583 multitudo

355 2680 374 2705 1
406 2678 472 2705 au.
494 2664 639 2715 lingua
659 2664 765 2706 Mae.
792 2664 893 2705 K²C
999 2678 1023 2703 2
1055 2665 1157 2715 Leg.
1178 2670 1319 2703 autem
1339 2663 1434 2703 hab.
1455 2663 1490 2703 C
1505 2677 1513 2703 :
1535 2663 1636 2713 Leg.
1659 2664 1742 2703 hoc
1762 2663 1856 2703 hab.
1880 2662 1927 2702 K
1937 2665 2042 2712 (non

296 2722 362 2773 A)
501 2733 525 2769 4
555 2725 760 2761 centones
782 2721 866 2760 mil.
890 2719 947 2758 B1
1085 2732 1108 2769 7
1140 2732 1207 2770 qu.
1229 2731 1458 2769 supprema
1477 2724 1589 2759 cent.
1611 2718 1657 2757 K
1771 2718 1906 2757 stricti
1926 2717 2004 2757 BC
2010 2719 2048 2758 T

296 2789 323 2826 9
349 2775 425 2815 sub
445 2774 513 2826 se]
535 2774 710 2814 subesse
731 2773 778 2813 K
791 2789 801 2814 ε
831 2775 908 2814 sub
928 2775 1116 2814 secunda
1139 2774 1189 2813 C1
1351 2773 1508 2823 primus
1531 2771 1581 2811 C1
1742 2772 1989 2812 subveniant
2012 2772 2048 2812 C

301 2843 351 2870 10
380 2830 637 2870 insuandum
660 2828 710 2868 Cl
835 2841 880 2869 11
913 2834 1008 2868 ante
1027 2829 1203 2867 militum
1225 2827 1296 2868 del.
1321 2840 1523 2867 numerus
1543 2826 1589 2865 K
1709 2839 1756 2865 12
1786 2827 1940 2866 milites
1961 2827 2035 2866 del.

297 2885 493 2925 Schwarz
589 2884 767 2934 primum
785 2883 831 2922 K
909 2884 1174 2935 accipiebant
1190 2881 1237 2921 K
1362 2894 1410 2931 13
1430 2882 1623 2921 manibus
1642 2881 1691 2922 si.
1715 2882 1755 2920 id
1773 2888 1839 2921 est
1857 2881 2039 2921 fasculos

299 2938 346 2977 K
432 2952 481 2990 14
501 2951 578 2990 pro
593 2937 746 2990 signis]
763 2939 911 2989 pronis
933 2938 971 2978 T
1061 2950 1108 2988 17
1132 2942 1252 2977 vocat
1266 2935 1312 2975 K
1389 2936 1589 2987 exemplo
1602 2934 1648 2975 K
1652 2936 1688 2975 T
1778 2938 1827 2975 18
1846 2936 2038 2985 aequitas

300 2994 351 3032 Cl
412 3020 419 3026 -
485 3006 533 3044 19
563 2992 773 3033 dabuntur
790 2992 842 3032 C²
969 3006 1022 3033 20
1052 2992 1256 3032 fiebatB:
1291 2991 1559 3030 fiebanturT
1682 3003 1733 3041 25
1763 2995 1932 3030 tenetur
1947 2989 2045 3032 C1T

297 3049 351 3086 26
376 3054 582 3088 vocantur
602 3047 648 3087 K
753 3060 802 3098 27
833 3047 990 3088 salvam
1011 3061 1094 3087 om.
1127 3047 1178 3087 T¹
1286 3047 1338 3085 28
1368 3045 1482 3086 orbis
1505 3045 1553 3086 C¹
