2176 3424
1035 119 1307 168 ISIDORI

293 246 438 308 dicta,
475 250 611 311 quod
646 250 750 298 sola
780 248 853 308 sit,
887 264 980 297 nec
1017 248 1146 297 circa
1176 247 1478 297 consortium
1514 247 1600 297 viri
1630 247 1907 311 coniugalia
1943 249 2047 297 iura

216 346 270 396 17
293 330 553 380 custodiat.
628 330 808 379 Fratris
846 347 966 379 uxor
1007 330 1221 379 fratrissa
1256 339 1471 379 vocatur.
1547 329 1714 379 Mariti
1750 331 1895 379 frater
1929 330 2047 379 levir

293 411 485 462 dicitur.
560 414 788 462 Duorum
815 413 941 462 inter
973 429 1025 461 se
1057 414 1259 461 fratrum
1294 428 1469 461 uxores
1500 411 1756 461 ianetrices
1792 421 2043 472 vocantur,

293 494 433 556 quasi
458 497 670 544 eandem
696 496 894 544 ianuam
921 504 1148 556 terentes,
1175 496 1252 543 vel
1277 511 1364 558 per
1390 495 1601 544 eandem
1627 493 1825 543 ianuam
1851 493 1942 543 iter
1965 495 2047 542 ha-

213 580 269 627 18
291 576 481 626 bentes.
531 576 636 625 Viri
662 594 799 626 soror
822 579 958 641 galos
984 579 1269 641 appellatur.
1322 576 1510 625 Sororis
1529 577 1600 625 vir
1625 575 1836 640 speciale
1861 593 2046 624 nomen
2070 594 2091 634 5

209 676 269 723 19
291 675 394 708 non
442 659 607 719 habet,
658 677 751 709 nec
794 659 956 708 uxoris
998 661 1156 709 frater.
1254 658 1632 708 Matrimonium
1676 667 1749 707 est
1800 657 2046 707 nubilium

200 757 269 793 20
291 740 418 789 iusta
455 741 720 791 conventio
754 752 803 791 et
836 741 1081 791 condicio.
1154 740 1455 804 Coniugium
1489 750 1562 790 est
1593 740 1920 804 legitimarum
1945 757 2047 803 per-

292 839 525 871 sonarum
568 823 695 873 inter
731 840 783 873 se
820 823 1035 873 coeundi
1073 832 1121 872 et
1157 822 1426 886 copulandi
1475 822 1711 886 nuptiae:
1760 820 2045 885 coniugium

291 904 481 954 dictum
519 905 635 968 quia
671 906 925 956 coniuncti
964 914 1093 965 sunt,
1128 907 1205 954 vel
1240 922 1270 953 a
1306 904 1421 968 iugo
1456 921 1556 968 quo
1590 904 1641 952 in
1677 903 1861 967 nuptiis
1898 920 2047 967 copu-

213 989 465 1046 211antur‚
495 1003 559 1037 ne
584 988 762 1037 resolvi
795 997 879 1037 aut
914 989 1124 1052 separari
1155 987 1359 1051 possint.
1435 986 1722 1037 Conubium
1752 996 1918 1035 autem
1942 1002 2045 1035 non
2073 1005 2123 1034 10

289 1086 318 1118 a
343 1078 510 1132 nupta,
541 1072 629 1120 sed
653 1087 680 1119 a
706 1070 946 1120 nubendo
972 1072 1255 1118 formatum,
1329 1068 1523 1117 Dicitur
1555 1078 1720 1118 autem
1756 1067 2042 1128 conubium,

290 1168 403 1200 cum
442 1155 674 1216 aequales
712 1153 762 1201 in
796 1154 994 1216 nuptias
1029 1161 1227 1212 coeunt,
1260 1159 1314 1199 ut
1350 1160 1469 1214 puta
1506 1150 1637 1200 cives
1675 1149 1907 1210 Romani,
1944 1150 2047 1214 pari

290 1234 461 1298 utique
477 1234 730 1298 dignitate.
785 1236 1074 1285 Conubium
1096 1243 1262 1284 autem
1283 1249 1386 1282 non
1407 1242 1494 1294 est,
1515 1250 1629 1282 cum
1650 1232 1768 1281 civis
1786 1234 2046 1280 Romanus

292 1335 407 1367 cum
435 1317 612 1368 Latina
636 1317 865 1381 iungitur.
941 1316 1188 1380 Quotiens
1213 1324 1379 1365 autem
1415 1315 1686 1364 conubium
1718 1331 1820 1363 non
1845 1323 1933 1373 est,
1961 1313 2047 1361 filii

205 1426 269 1463 22
291 1410 480 1465 patrem
524 1416 625 1449 non
666 1409 951 1463 sequuntur.
1028 1401 1355 1463 Hymenaeus
1400 1397 1579 1447 dicitur
1616 1413 1644 1446 a
1683 1397 1903 1459 quodam
1945 1397 2046 1459 Hy·
2074 1416 2120 1458 15

291 1498 515 1543 menaeo,
535 1483 619 1545 qui
636 1481 823 1545 primus
840 1498 1074 1545 prospere
1091 1498 1208 1530 usus
1235 1489 1309 1530 est
1335 1478 1533 1543 nuptiis,
1560 1481 1637 1529 vel
1657 1481 1748 1528 ἀπὸ
1767 1481 1849 1528 τοῦ
1867 1479 2042 1542 ὑμένος,

203 1586 267 1634 23
291 1581 419 1628 quae
453 1564 744 1613 membrana
775 1563 1065 1628 virginitatis
1096 1572 1171 1612 est
1204 1565 1486 1611 claustrum.
1550 1560 1947 1611 Contubernium
1973 1570 2045 1609 est

289 1649 352 1698 ad
390 1656 587 1711 tempus
623 1646 835 1696 coeundi
875 1646 1171 1707 conventi03
1208 1647 1343 1694 unde
1385 1654 1434 1694 et
1476 1645 1863 1704 tabernaculum,
1909 1643 2045 1705 quod

200 1746 265 1793 24
289 1731 443 1780 modo
480 1731 591 1789 huc,
631 1730 785 1778 modo
822 1728 937 1777 illuc
974 1727 1271 1792 praefigitur.
1344 1725 1631 1790 Repudium
1671 1735 1744 1775 est
1780 1726 1916 1788 quod
1952 1724 2045 1773 sub

203 1827 267 1877 25
289 1811 575 1862 testimonio
594 1810 791 1860 testium
814 1812 890 1860 vel
910 1810 1155 1874 praesenti
1175 1811 1252 1858 vel
1271 1808 1463 1858 absenti
1485 1807 1704 1857 mittitur.
1765 1805 2044 1855 Divortium
2073 1831 2123 1860 20

290 1903 364 1944 est
394 1894 844 1958 quotienscumque
882 1893 1125 1943 dissoluto
1163 1889 1480 1939 matrimonio
1515 1891 1636 1939 alter
1665 1906 1835 1938 eorum
1871 1889 2045 1937 alteras

291 1978 487 2042 nuptias
514 1977 745 2041 sequitur.
820 1975 1102 2026 Divortium
1123 1983 1289 2023 autem
1308 1973 1497 2022 dictum
1522 1989 1550 2021 a
1575 1973 1703 2021 flexu
1729 1971 1930 2030 viarum,
1949 1972 2045 2019 hoc

198 2067 265 2115 26
291 2070 377 2120 est,
418 2059 524 2109 viae
561 2059 610 2108 in
649 2059 841 2109 diversa
880 2060 1157 2108 tendentes.
1233 2057 1482 2104 Frivolum
1520 2063 1594 2103 est
1630 2071 1744 2102 cum
1782 2069 1842 2102 eo
1877 2051 2045 2101 animo

291 2152 590 2207 separantur,
610 2151 662 2191 ut
687 2159 878 2190 rursum
905 2142 969 2190 ad
990 2157 1041 2189 se
1060 2139 1273 2188 invicem
1298 2145 1613 2187 revertantur.
1689 2137 1820 2184 Nam
1845 2133 2045 2182 frivolus

291 2235 364 2275 est
389 2227 522 2274 velut
547 2241 754 2287 quassae
779 2223 959 2273 mentis
985 2231 1034 2271 et
1059 2223 1232 2280 fluxae,
1260 2236 1353 2268 nec
1379 2217 1579 2267 stabilis.
1652 2216 1853 2280 Proprie
1878 2225 2043 2264 autem
2072 2240 2090 2266 2
2098 2240 2119 2279 5

206 2321 268 2372 27
292 2307 462 2357 frivola
487 2316 725 2356 vocantur
751 2305 919 2354 fictilia
949 2321 1066 2354 vasa
1096 2301 1301 2351 inutilia.
1374 2299 1555 2349 Tribus
1585 2308 1751 2349 autem
1785 2298 1851 2348 ob
1886 2297 2044 2346 causis

352 2451 369 2476 1
403 2438 517 2478 solae
538 2437 622 2476 sint
647 2435 693 2474 K
710 2435 813 2486 (non
831 2435 893 2488 A>
1055 2431 1186 2484 circa]
1208 2433 1270 2470 ira
1291 2430 1338 2469 K
1354 2432 1458 2485 (non
1482 2429 1546 2482 A)
1687 2442 1711 2466 2
1742 2428 1982 2467 custodiant
2003 2426 2050 2466 K

294 2493 399 2532 levis
419 2493 475 2530 Β1
608 2506 634 2542 3
662 2491 875 2530 ianitrices
898 2489 944 2528 K
1070 2501 1094 2538 5
1125 2488 1223 2538 glos
1241 2486 1326 2525 edd.
1441 2483 1563 2535 app.]
1586 2483 1739 2522 dicitur
1761 2483 1796 2522 C
1902 2483 1929 2520 6
1957 2495 2042 2521 non

295 2561 378 2588 om.
408 2545 447 2585 T
554 2546 756 2586 nobilium
780 2544 904 2585 CKT
1065 2557 1085 2592 7
1117 2544 1235 2581 iuxta
1261 2541 1299 2580 T
1404 2540 1479 2580 int.
1502 2552 1548 2578 se
1564 2551 1673 2588 pers.
1699 2538 1740 2576 Β
1903 2538 1929 2575 8
1959 2538 2037 2576 dic.

295 2601 461 2652 coniug.
493 2602 530 2641 T
743 2614 770 2650 9
807 2599 897 2652 vel]
920 2612 971 2638 ve
993 2597 1039 2636 K
1224 2595 1337 2646 quod
1356 2594 1406 2633 C1
1427 2609 1436 2634 ε
1465 2607 1543 2634 om.
1575 2593 1613 2632 T
1790 2592 1832 2631 in
1854 2604 1937 2630 om.
1959 2591 2049 2630 BU

300 2671 349 2696 10
377 2656 470 2708 aut]
494 2661 535 2695 et
563 2656 600 2694 T
846 2667 891 2693 11
915 2655 967 2693 ad
989 2652 1187 2691 nubendo
1209 2649 1249 2688 Β
1406 2653 1503 2700 post
1518 2649 1570 2687 di.
1591 2661 1657 2687 au.
1679 2660 1741 2688 co.
1763 2660 1842 2697 seq.
1866 2646 2039 2685 formam

298 2713 393 2751 dim.
415 2715 483 2750 etc.
508 2711 585 2762 (vl.
615 2709 683 2760 17)
706 2710 748 2748 in
770 2709 810 2746 A
837 2711 939 2757 (non
958 2708 1003 2746 in
1023 2707 1085 2759 D)
1294 2717 1342 2742 12
1375 2703 1417 2742 in
1438 2716 1522 2743 om.
1554 2702 1591 2741 T
1723 2713 1801 2751 par
1820 2701 1965 2751 utique
1985 2713 2041 2739 an

298 2767 518 2817 paratique
537 2765 612 2804 inc.
642 2764 680 2803 T
806 2776 854 2812 13
886 2776 971 2803 non
991 2776 1074 2802 om.
1104 2760 1155 2801 T1
1269 2771 1316 2808 17
1346 2771 1473 2808 quem
1495 2770 1574 2797 me.
1599 2756 1655 2794 Β1
1771 2758 1820 2796 18
1848 2755 2042 2795 coeunde

305 2822 343 2861 T
421 2834 474 2860 20
493 2819 560 2859 vel
579 2819 666 2859 abs.
691 2832 775 2859 om.
798 2818 844 2856 K
859 2817 964 2870 (non
985 2816 1048 2867 D)
1159 2827 1209 2853 21
1233 2813 1431 2863 quotiens
1453 2813 1554 2852 diss.
1578 2811 1616 2850 T
1721 2823 1772 2848 22
1792 2815 1933 2850 autem
1954 2822 2037 2850 om.

297 2874 389 2915 ΒΚ
548 2874 759 2914 variarum
780 2874 835 2911 Β1
993 2873 1073 2910 hoc
1095 2900 1105 2911 .
1132 2899 1142 2910 .
1163 2899 1173 2909 .
1193 2869 1308 2908 tend.
1332 2881 1413 2907 om.
1438 2867 1485 2906 K
1501 2867 1604 2920 (non
1623 2865 1686 2918 D)
1851 2863 1893 2903 id
1919 2870 1983 2903 est
2003 2864 2044 2902 B

298 2942 350 2979 23
380 2930 470 2969 vias
491 2927 600 2969 codd.
626 2929 684 2973 (et
705 2927 800 2966 [sid.
817 2929 850 2978 22)
1018 2926 1206 2966 diversos
1228 2926 1275 2962 ut
1293 2921 1372 2962 vid.
1402 2921 1452 2960 Tl
1475 2921 1578 2975 (non
1597 2918 1658 2968 D>
1838 2931 1890 2967 24
1919 2924 2042 2968 sepa-v

299 2991 447 3024 rentur
473 2983 512 3023 T
633 2982 829 3022 fribulum
851 2981 897 3020 K
1057 2991 1108 3029 25
1128 2992 1194 3018 ve.
1217 2978 1337 3027 quasi
1358 2989 1404 3016 se
1426 2976 1579 3015 mentis
1607 2973 1644 3012 T
1775 2979 1939 3012 mentes
1959 2971 2048 3010 ΒΚ

297 3046 340 3079 et
362 3041 400 3079 ss.
427 3038 494 3077 K:
525 3038 707 3077 effluxae
729 3036 778 3077 C1
798 3052 807 3077 :
835 3043 878 3077 et
899 3036 979 3076 effl.
1003 3035 1044 3074 Β
1053 3034 1090 3073 T
1193 3031 1367 3073 stabiles
1387 3030 1476 3069 ΒΚ
1606 3030 1659 3068 26
1688 3029 1742 3068 ob
1762 3026 1909 3066 B1TU
1922 3043 1931 3067 :
1959 3041 2039 3067 om.

300 3091 707 3134 C:eK:abdett.
