2176 3424
1047 133 1318 180 ISIDORI

307 261 432 310 inter
476 271 638 310 cetera
681 262 860 310 mentis
901 262 1073 310 officia.
1150 261 1373 310 Vicinior'
1403 271 1475 309 est
1514 261 1646 309 enim
1684 261 1903 321 cerebro,
1929 261 2063 308 unde

309 344 478 392 omnia
503 354 705 393 manant
728 363 741 404 3
776 362 834 392 ex
860 361 960 407 quo
986 345 1041 392 fit
1061 353 1114 392 ut
1140 361 1198 393 ea
1222 361 1349 406 quae
1373 345 1438 392 ad
1463 343 1583 392 alios
1603 342 1850 407 pertinent
1875 359 2059 400 sensus,

313 424 454 473 ‘vide
473 426 484 447 ⁷
509 425 734 474 dicamus
754 444 767 486 3
816 425 966 474 veluti
992 443 1106 474 cum
1133 426 1344 475 dicimus
1369 446 1378 475 ε
1418 429 1429 451 ‘
1447 424 1575 474 Vide
1601 427 1857 489 quomodo
1891 425 2063 483 sonat,’

222 524 286 559 22
311 506 452 555 ‘vide
477 509 735 570 quomodo
763 507 919 571 sapit,'
946 508 1015 556 sic
1041 518 1089 557 et
1114 517 1287 558 cetera.
1363 507 1578 557 Auditus
1611 509 1898 571 appellatus,
1927 507 2063 570 quod

308 605 455 637 voces
481 589 637 637 auriat
659 607 671 650 3
721 591 817 638 hoc
842 599 916 638 est
951 606 1063 638 aere
1088 591 1344 639 verberato
1369 589 1603 653 suscipiat
1627 606 1790 638 sonos.
1877 590 2064 638 Odora—
2088 602 2110 642 5

308 679 387 719 tus
414 669 555 733 quasi
571 670 695 719 aeris
717 671 883 720 odoris
903 674 1143 720 adtactus.
1221 675 1380 721 Tacto
1406 671 1538 720 enim
1563 688 1675 720 aere
1702 671 1921 720 sentitur.
1983 671 2063 720 Sic

309 761 357 800 et
377 754 599 812 olfactus,
630 754 767 815 quod
792 753 1029 802 odoribus
1055 755 1325 804 adficiatur.
1399 756 1586 803 Gustus
1611 772 1640 802 a
1664 762 1859 817 gutture
1885 755 2059 803 dictus.

221 851 285 897 23
308 836 508 894 Tactus,
538 850 598 882 eo
625 837 761 897 quod
787 845 1049 898 pertractet
1080 846 1128 885 et
1166 845 1332 900 tangat
1365 846 1413 885 et
1450 854 1534 900 per
1559 836 1728 885 omnia
1752 837 1976 885 membra
1999 835 2065 884 vi-

307 934 477 980 gorem
504 933 677 965 sensus
703 929 941 981 aspergat.
1007 921 1137 967 Nam
1164 928 1298 967 tactu
1323 919 1592 982 probamus
1619 917 1864 981 quidquid
1890 917 2062 967 ceteris

309 998 535 1047 sensibus
579 998 796 1048 iudicare
839 1017 941 1048 non
982 1016 1263 1063 possumus.
1337 1002 1453 1049 Duo
1492 1010 1657 1048 autem
1690 1017 1868 1063 genera
1904 1009 2062 1047 tactus
2091 1015 2140 1042 10

308 1095 415 1127 esse
436 1098 448 1139 3
499 1097 615 1128 nam
641 1090 724 1128 aut
751 1081 1052 1130 extrinsecus
1077 1082 1211 1130 venit
1249 1084 1384 1144 quod
1418 1081 1570 1141 feriat,
1597 1091 1681 1130 aut
1710 1081 1841 1130 intus
1875 1082 1926 1129 in
1954 1081 2063 1144 ipso

221 1180 285 1226 24
308 1178 514 1225 corpore
551 1162 715 1210 oritur.
773 1163 1057 1227 Vnicuique
1081 1174 1247 1212 autem
1275 1162 1438 1212 sensui
1466 1163 1713 1227 propriam
1732 1173 1956 1212 naturam
1983 1164 2064 1211 da-

308 1252 424 1290 tam.
495 1245 624 1292 Nam
647 1246 783 1307 quod
803 1244 1075 1294 videndum
1097 1256 1184 1306 est,
1207 1246 1362 1294 oculis
1383 1248 1586 1309 capitur,
1604 1247 1740 1308 quod
1757 1245 2061 1294 audiendum

309 1332 395 1384 est,
419 1324 618 1373 auribus
642 1345 650 1373 :
691 1325 859 1374 mollia
875 1336 923 1375 et
939 1328 1063 1376 dura
1083 1336 1215 1375 tactu
1236 1327 1570 1387 aestimantur,
1595 1344 1738 1391 sapor
1756 1337 1916 1391 gustu,
1940 1327 2063 1374 odor

221 1422 286 1470 25
309 1406 509 1455 naribus
527 1408 735 1456 ducitur.
811 1409 975 1457 Prima
999 1426 1109 1472 pars
1127 1403 1344 1472 corporis
1365 1419 1512 1473 caput
1534 1428 1547 1469 3
1583 1411 1856 1472 datumque
1881 1408 1950 1456 illi
1967 1409 2062 1456 hoc
2091 1427 2136 1468 15

310 1506 495 1538 nomen
533 1507 593 1538 eo
628 1491 765 1552 quod
803 1508 976 1540 sensus
1013 1508 1186 1541 omnes
1225 1500 1272 1540 et
1310 1491 1444 1540 nervi
1478 1493 1595 1540 inde
1628 1489 1822 1539 initium
1849 1489 2060 1553 capiant,

309 1581 458 1634 atque
485 1589 542 1620 ex
569 1588 629 1620 eo
656 1572 816 1621 omnis
843 1573 1041 1637 vigendi
1061 1590 1209 1622 causa
1234 1573 1427 1623 oriatur.
1505 1573 1582 1622 Ibi
1610 1573 1742 1622 enim
1760 1589 1932 1621 omnes
1959 1588 2063 1619 sen-

310 1670 392 1701 sus
417 1664 668 1716 apparent.
743 1656 890 1703 Vnde
916 1655 1068 1718 ipsius
1094 1656 1303 1716 animae,
1326 1673 1452 1719 quae
1480 1655 1692 1704 consulit
1717 1654 1922 1717 corpori,
1945 1669 2064 1716 quo-

215 1735 285 1781 26
310 1736 585 1784 dammodo
611 1753 873 1799 personam
891 1737 1028 1800 gerit.
1102 1740 1284 1786 Vertex
1309 1747 1382 1787 est
1408 1755 1464 1787 ea
1490 1754 1599 1800 pars
1625 1755 1724 1800 qua
1748 1735 1910 1801 capilli
1936 1735 2063 1798 capi-

309 1815 368 1864 tis
395 1818 704 1880 colliguntur,
727 1827 775 1866 et
792 1818 841 1866 in
860 1836 958 1881 qua
984 1819 1222 1868 caesaries
1244 1818 1444 1867 vertitur
1462 1837 1474 1879 3
1511 1821 1644 1867 unde
1663 1828 1711 1867 et
1731 1827 2056 1881 nuncupatur.
2087 1833 2137 1862 20

221 1905 283 1954 27
308 1900 534 1948 Calvaria
560 1900 623 1948 ab
650 1900 844 1949 ossibus
862 1899 1178 1966 calvis'Ldicta,
1197 1918 1283 1964 per
1300 1900 1632 1949 defectionem
1657 1919 1669 1960 3
1705 1910 1753 1948 et
1777 1898 2061 1948 neutraliter

309 1980 668 2044 pronuntiatur.
757 1981 1066 2045 Obcipitium
1093 1982 1266 2045 capitis
1304 1999 1413 2045 pars
1444 1980 1697 2044 posterior,
1725 1982 1864 2044 quasi
1890 1989 2061 2029 contra

222 2063 287 2109 28
310 2063 560 2125 capitium,
590 2065 666 2111 vel
693 2066 831 2126 quod
859 2063 919 2112 sit
949 2063 1097 2127 capiti
1135 2073 1414 2113 retrorsum.
1504 2062 1682 2126 Capilli
1722 2063 1882 2112 vocati
1919 2061 2059 2125 quasi

310 2144 483 2207 capitis
509 2144 608 2208 pili,
637 2145 753 2194 facti
787 2155 840 2194 ut
865 2154 913 2194 et
938 2147 1170 2194 decorem
1197 2154 1445 2208 praestent
1471 2153 1519 2192 et
1545 2145 1802 2193 cerebrum
1827 2146 2059 2193 adversus

308 2226 455 2289 frigus
482 2226 709 2275 muniant
733 2236 882 2290 atque
908 2244 936 2275 a
963 2229 1067 2275 sole
1100 2228 1387 2275 defendant.
1476 2225 1608 2274 Pilos
1641 2235 1807 2275 autern
1841 2226 2001 2275 dictos
2031 2243 2059 2273 a
2084 2242 2133 2283 25

307 2309 450 2370 pelle,
479 2325 577 2371 qua
600 2309 848 2372 prodeunt
870 2327 883 2369 3
919 2308 1044 2356 sicut
1070 2318 1118 2357 et
1142 2310 1244 2371 pilo
1269 2308 1619 2371 diciturapila,
1640 2307 1726 2356 ubi
1751 2307 2057 2372 pigmentum
2164 2285 2176 2378 Ξ

214 2401 284 2448 29
311 2389 648 2438 contunditur.
720 2389 974 2440 Caesaries
1007 2407 1036 2438 a
1078 2392 1337 2439 caedendo
1376 2399 1562 2449 vocata,
1608 2389 1824 2454 ideoque
1866 2399 2058 2438 tanturn

310 2470 523 2520 virorum
550 2481 637 2519 est.
709 2471 884 2520 Virum
910 2470 1043 2520 enim
1067 2481 1266 2520 tonsum
1293 2473 1451 2532 decet,
1478 2472 1734 2521 mulierem
1771 2489 1874 2521 non
1899 2474 2056 2522 decet.

371 2615 389 2640 1
423 2601 600 2640 cerebro
621 2615 704 2640 om.
727 2601 803 2642 Cl:
836 2602 1074 2641 encerebro
1094 2602 1150 2640 B1
1317 2615 1341 2639 2
1373 2601 1559 2651 pertinet
1579 2602 1668 2641 KD
1777 2617 1810 2644 s.
1831 2604 1980 2643 videre
2000 2605 2055 2644 di.

313 2656 405 2696 dett.
426 2670 436 2695 :
464 2657 607 2695 sensui
629 2656 875 2696 dedicamus
903 2657 940 2694 T
1060 2670 1085 2706 3
1114 2657 1197 2696 vel.
1218 2669 1311 2695 cum
1333 2658 1412 2696 dic.
1436 2671 1517 2696 om.
1538 2657 1584 2694 K
1599 2658 1703 2708 (non
1718 2657 1781 2710 D)
1903 2672 1929 2707 4
1958 2672 2055 2710 app.

315 2717 381 2750 est
400 2712 513 2760 quod
535 2710 583 2748 K
689 2722 713 2759 5
744 2724 895 2750 sonum
919 2711 966 2749 K
1047 2712 1208 2751 Odoris
1227 2709 1284 2747 B¹
1397 2714 1423 2750 6
1452 2718 1587 2750 taetus
1606 2725 1674 2751 en.
1687 2711 1732 2749 D
1813 2713 1874 2751 sic
1889 2742 1899 2751 .
1917 2742 1927 2751 .
1944 2744 1954 2753 .
1970 2714 2051 2753 ads.

313 2779 396 2805 om.
422 2764 469 2803 K
487 2768 589 2815 (non
611 2765 671 2815 D)
777 2767 885 2806 sicut
905 2767 975 2805 olf.
1006 2766 1157 2818 T(non
1179 2765 1236 2815 U)
1350 2780 1376 2816 9
1410 2767 1551 2816 quidq.
1573 2797 1582 2807 .
1601 2799 1609 2807 .
1629 2797 1636 2805 .
1656 2779 1768 2816 poss,
1783 2781 1866 2806 om.
1888 2766 1936 2804 Κ
1953 2767 2056 2820 (non

313 2820 375 2871 D)
495 2833 545 2859 10
573 2821 663 2858 duo
685 2827 848 2859 tantum
869 2835 967 2871 gen.
986 2820 1143 2861 esseK
1157 2836 1166 2860 :
1196 2821 1296 2860 dum
1318 2835 1383 2860 au.
1408 2821 1562 2860 iudicat
1581 2826 1700 2860 actus
1721 2828 1788 2861 est
1807 2821 1850 2859 Β
1870 2821 1972 2872 (non
1991 2822 2055 2870 D)

318 2887 366 2913 12
395 2874 554 2914 oriatur
581 2874 619 2913 T
723 2888 837 2916 sens,
855 2876 896 2914 in
917 2889 1038 2927 prop.
1057 2876 1104 2914 K
1268 2889 1316 2926 13
1335 2877 1432 2916 aud.
1455 2889 1544 2916 aur.
1571 2875 1606 2914 C
1789 2889 1836 2924 14
1867 2877 1929 2928 et]
1952 2890 2002 2916 ac
2025 2876 2060 2915 C

317 2940 364 2978 15
385 2930 539 2969 dicitur
553 2929 599 2967 K
710 2933 759 2968 16
779 2931 968 2983 capiant]
984 2936 1151 2970 sumant
1165 2930 1206 2968 Β
1320 2931 1368 2969 18
1386 2930 1579 2970 consolet
1591 2929 1638 2968 K
1709 2931 2005 2980 quodadmodo
2027 2930 2065 2969 T

319 2997 368 3033 19
397 2997 496 3034 pars
516 2998 600 3034 que
629 2984 666 3022 T
768 2997 820 3033 23
849 2985 918 3024 vel
939 2984 1075 3036 quod]
1098 2986 1193 3035 quia
1217 2984 1252 3022 C
1358 2985 1507 3036 capitis
1527 2991 1624 3024 retr.
1645 2983 1692 3022 K
1817 2999 1867 3034 24
1897 2992 1942 3025 ut
1961 2987 2052 3026 dec.

319 3038 398 3077 CK
506 3053 569 3089 pr.
593 3052 676 3078 cer.
697 3038 785 3078 ΒΚ
894 3043 946 3078 26
975 3040 1060 3090 pel.
1083 3041 1136 3079 de
1157 3052 1238 3089 qua
1260 3039 1306 3078 K
1413 3039 1521 3091 pilo]
1542 3039 1674 3090 pilum
1699 3039 1733 3077 C
