2228 3444
411 183 1042 232 ETYMOLOGIARVM
1082 183 1212 229 LIB.
1255 185 1291 230 Ι.
1333 181 1440 241 xvii,
1481 181 1589 229 xviii

143 306 327 361 quanta
346 295 685 359 unusquisque
711 309 796 358 pes
817 294 1011 342 habeat.
1086 292 1344 342 Resolutio
1364 302 1435 341 est
1460 294 1659 355 pedum,
1682 295 1883 355 quando

139 397 228 442 pro
248 395 346 427 una
362 380 508 440 longa
527 378 655 425 duae
675 376 846 424 breves
867 384 1131 437 ponuntur,
1150 383 1235 423 aut
1255 391 1342 437 pro
1359 375 1551 423 duabus
1571 373 1729 437 longis
1749 384 1884 438 quat-

139 470 249 509 tuor
272 460 459 525 breves,
487 467 540 507 ut
567 458 718 522 (Virg.
738 459 862 506 Aen.
886 473 926 516 2,
952 455 1033 520 17)
1055 476 1064 506 :

550 541 792 600 Sectaque
826 537 1053 586 intexunt
1088 537 1251 586 abiete
1287 546 1462 586 costas.

92 634 113 674 5
143 621 375 671 ‘Abiete'
400 637 532 669 nunc
565 619 797 668 resolutio
823 629 896 668 est
929 618 1137 683 spondei
1161 618 1211 667 in
1241 618 1670 682 proceleumatico,
1699 618 1750 666 in
1786 634 1883 681 qua

139 702 438 752 resolutione
476 718 668 764 semper
707 702 1058 764 synaloepham
1098 700 1317 764 sequitur
1354 700 1611 763 Vergilius.
1685 702 1760 748 Ex
1784 717 1882 748 una
1904 714 1975 761 29

139 794 303 834 autem
323 786 470 846 longa
489 785 615 832 duae
637 784 807 831 breves
827 783 952 830 fiunt
971 801 980 830 :
1012 798 1070 831 ex
1090 782 1284 830 duabus
1303 791 1469 830 autem
1488 781 1718 830 brevibus
1738 783 1884 844 longa

140 882 412 928 numquam
443 866 510 912 fit.
596 862 742 911 Findi
772 862 902 911 enim
936 864 1092 911 solida
1122 872 1343 925 possunt,
1378 862 1575 911 solidari
1605 862 1755 910 scissa
1784 879 1886 910 non

139 955 360 1010 possunt.
448 945 624 1008 Figura
664 953 750 1003 est,
779 943 916 991 cuius
957 953 1075 992 nota
1114 945 1328 1006 syllabae
1366 953 1712 1006 agnoscuntur.
1786 943 1885 991 Vbi

68 1049 116 1075 10
141 1028 272 1077 enim
299 1026 465 1075 circuli
495 1036 683 1089 partem
714 1024 992 1073 inferiorem
1018 1025 1093 1073 bis
1125 1025 1335 1087 positam
1361 1025 1553 1088 aspicis,
1582 1024 1886 1088 pyrrhichius

139 1120 226 1169 est,
256 1133 347 1156 υυ
368 1128 380 1169 5
415 1107 499 1156 ubi
527 1110 549 1155 I
577 1106 824 1170 geminam
851 1106 1107 1167 iacentem,
1137 1109 1402 1170 spondeus,
1430 1136 1537 1156 —-.
1613 1109 1743 1156 Nam
1770 1116 1887 1155 nota

140 1190 300 1240 brevis
350 1190 546 1238 inferior
599 1188 932 1237 semicirculus
984 1197 1085 1249 est;
1136 1198 1255 1237 nota
1306 1191 1452 1252 longa
1506 1191 1528 1237 I
1581 1188 1745 1237 iacens
1796 1198 1882 1237 est.

141 1276 303 1322 Metra
328 1272 378 1320 in
403 1271 613 1335 pedibus
639 1269 884 1328 accidunt,
907 1279 960 1318 ut
985 1287 1013 1318 a
1037 1272 1270 1318 trochaeo
1296 1270 1615 1331 trochaicum,
1636 1287 1664 1319 a
1688 1272 1884 1334 dactylo
1907 1279 1975 1327 30

141 1350 450 1414 dactylicum,
487 1366 514 1398 a
551 1349 716 1397 iambo
754 1347 1036 1409 iambicum,
1075 1350 1138 1398 de
1174 1348 1354 1412 quibus
1392 1351 1539 1412 paulo
1575 1358 1686 1412 post
1722 1348 1886 1398 dicen-

69 1450 112 1491 15
142 1435 262 1482 dum
300 1441 384 1481 est.

278 1517 360 1562 DE
386 1527 720 1562 ACCENTrssvs.
794 1514 1060 1572 Accentus,
1088 1514 1172 1575 qui
1212 1513 1401 1562 Graece
1443 1514 1674 1574 prosodia
1712 1512 1889 1560 dicitur
1913 1519 2056 1559 XVIII

143 1595 223 1663 [ex
241 1597 433 1645 Graeco
454 1611 638 1643 nomen
655 1591 882 1659 accepit}
943 1596 1074 1642 Nam
1095 1595 1284 1643 Graece
1310 1595 1439 1657 πρός,
1458 1593 1633 1642 Latine
1652 1596 1665 1618 ‘
1682 1595 1775 1652 ad‚'
1802 1594 1891 1657 ᾠδή

143 1679 345 1736 Graece,
380 1676 554 1725 Latine
595 1678 820 1724 ‘cantus'
855 1685 940 1724 est.
1016 1677 1133 1724 Hoc
1167 1675 1299 1724 enim
1333 1692 1517 1724 nomen
1551 1677 1614 1724 de
1647 1676 1798 1724 verbo
1827 1677 1890 1723 ad

144 1759 347 1808 verbum
383 1774 663 1822 expressum
695 1766 781 1806 est.
856 1756 1018 1805 Latini
1049 1766 1214 1806 autem
1250 1757 1435 1805 habent
1470 1766 1518 1805 et
1549 1755 1644 1804 alia
1673 1756 1888 1804 nomina.

70 1862 123 1890 20
146 1843 274 1890 Nam
302 1848 535 1888 accentus
561 1848 609 1887 et
633 1847 778 1887 tonos
804 1847 852 1887 et
877 1847 1072 1887 tenores
1098 1838 1282 1899 dicunt,
1311 1838 1426 1901 quia
1451 1838 1518 1886 ibi
1543 1855 1693 1886 sonus
1719 1838 1891 1886 crescit

146 1932 192 1971 et
218 1921 412 1971 desinit.
497 1923 748 1969 Accentus
778 1929 944 1969 autem
975 1921 1150 1979 dictus,
1179 1921 1316 1982 quod
1345 1919 1478 1968 iuxta
1506 1929 1706 1968 cantum
1733 1919 1807 1979 sit,
1836 1918 1891 1967 si·
1914 1932 1944 1966 2

145 2013 227 2053 cut
245 2002 534 2052 adverbium
554 2002 669 2064 quia
694 2001 826 2050 iuxta
851 2001 1056 2049 verbum
1083 2010 1169 2050 est.
1241 2004 1432 2049 Acutus
1457 2010 1689 2049 accentus
1715 2000 1890 2060 dictus,

145 2087 281 2149 quod
310 2094 454 2134 acuat
483 2093 531 2133 et
561 2083 711 2146 erigat
742 2083 994 2145 syllabam,
1026 2082 1197 2145 gravis,
1230 2084 1366 2144 quod
1396 2081 1639 2145 deprimat
1669 2090 1716 2130 et
1747 2083 1894 2144 depo-

145 2177 241 2216 nat.
318 2169 406 2213 Est
431 2164 563 2213 enim
589 2163 857 2212 contrarius
883 2172 1042 2212 acuto.
1123 2164 1491 2222 Circumflexus,
1521 2162 1636 2226 quia
1660 2164 1723 2211 de
1747 2172 1893 2211 acuto

73 2274 120 2313 25
147 2258 193 2297 et
223 2247 354 2312 gravi
387 2255 593 2295 constat.
671 2244 923 2308 Incipiens
957 2244 1088 2293 enim
1119 2245 1183 2292 ab
1215 2254 1362 2293 acuto
1388 2245 1439 2292 in
1469 2261 1665 2307 gravem
1697 2242 1890 2299 desinit,

146 2340 294 2393 atque
342 2329 408 2377 ita
450 2330 570 2377 dum
613 2327 836 2376 ascendit
879 2336 925 2375 et
968 2326 1240 2386 descendit,
1285 2327 1624 2375 circumflexus
1673 2324 1891 2374 efficitur.

146 2415 337 2461 Acutus
356 2420 522 2460 autem
539 2419 587 2458 et
607 2409 947 2458 circumflexus
968 2408 1150 2457 similes
1170 2418 1298 2457 sunt.
1358 2411 1488 2456 Nam
1507 2417 1711 2470 uterque
1731 2408 1893 2455 levant
1917 2421 1946 2466 3

147 2495 397 2558 syllabam.
472 2491 645 2540 Gravis
676 2490 946 2540 contrarius
979 2490 1171 2539 videtur
1203 2491 1462 2539 ambobus.
1538 2492 1667 2540 Nam
1703 2504 1895 2553 semper

150 2574 378 2638 deprimit
404 2573 628 2636 syllabas,
657 2589 771 2621 cum
798 2573 864 2619 illi
890 2574 1066 2629 levent,
1096 2581 1149 2620 ut
1177 2572 1383 2635 (Lucan.
1410 2590 1448 2632 1,
1475 2571 1583 2636 15):

77 2676 128 2716 30
395 2655 543 2702 Vnde
581 2653 714 2702 venit
750 2652 913 2713 Titan,
954 2661 1001 2701 et
1037 2669 1135 2700 nox
1171 2652 1239 2701 ibi
1277 2653 1436 2703 sidera
1461 2652 1644 2702 condit.

208 2796 225 2822 1
259 2783 464 2834 unusquis
480 2782 520 2820 Β
656 2794 682 2830 3
711 2788 910 2831 quattuor
921 2782 1072 2821 breves
1089 2787 1305 2832 ponuntur
1320 2797 1345 2820 α
1364 2781 1495 2831 (=B:
1518 2787 1610 2820 aut.
1631 2812 1639 2821 .
1655 2810 1663 2822 .
1681 2786 1898 2831 ponuntur

150 2851 233 2878 om.
245 2837 648 2890 propterhomoeotel.
669 2835 720 2889 C)
917 2849 962 2875 11
996 2835 1035 2887 I]
1058 2848 1187 2874 unam
1203 2835 1269 2875 K:
1309 2849 1390 2876 om.
1414 2835 1452 2873 T
1626 2835 1836 2884 geminum
1854 2833 1900 2871 K

155 2905 203 2930 12
232 2892 519 2932 semicircolus
552 2894 652 2940 (om.
685 2891 766 2942 est)
796 2890 858 2928 Kl
1051 2903 1098 2941 14
1128 2897 1221 2940 post
1252 2903 1336 2932 om.
1365 2890 1407 2928 Β
1602 2892 1651 2928 16
1678 2889 1897 2927 Accentus

153 2947 223 2998 qui
244 2959 327 2987 om.
352 2946 412 2984 Κ1
568 2959 614 2996 17
647 2958 699 2984 ex
714 2975 724 2985 .
750 2975 758 2984 .
779 2975 788 2985 .
812 2946 975 2995 accepit
994 2945 1086 2984 hab.
1105 2944 1208 2984 BC:
1240 2958 1323 2986 om.
1347 2943 1454 2982 K1T
1556 2944 1667 2995 πρός.
1684 2974 1693 2983 .
1711 2973 1720 2982 .
1735 2943 1897 2982 Graece

153 3013 232 3042 om.
254 3001 300 3040 K
491 3001 544 3040 ad
566 3031 574 3039 .
596 3031 605 3041 .
629 3030 638 3039 .
662 2999 811 3039 Latine
831 3012 915 3041 om.
941 2999 980 3037 T
995 2998 1095 3049 (non
1122 2999 1188 3050 U)
1436 3001 1484 3038 18
1514 3004 1662 3038 cantus
1682 2997 1835 3035 dicitur
1854 2996 1899 3034 K

159 3068 209 3105 19
235 3061 301 3094 est
321 3067 571 3106 expressum
592 3054 638 3093 K
801 3065 856 3093 20
884 3054 952 3093 ubi
972 3053 1032 3092 Kl
1194 3065 1246 3092 22
1276 3054 1370 3094 adv.
1394 3054 1510 3092 iuxta
1538 3052 1656 3092 verb.
1676 3053 1778 3102 (om.
1799 3051 1897 3100 quia

158 3113 193 3148 et
214 3111 298 3159 est)
323 3109 383 3148 Κ1
599 3119 649 3158 25
679 3115 721 3148 et
742 3109 855 3159 gravi
888 3138 897 3147 .
931 3138 940 3147 .
973 3137 982 3147 .
1011 3115 1133 3147 acuto
1162 3121 1245 3146 om.
1275 3107 1330 3146 Τ1
1521 3108 1573 3145 28
1602 3106 1710 3146 amb.
1730 3106 1813 3144 vid.
1837 3103 1894 3142 K¹

160 3177 213 3213 29
241 3170 284 3202 ut
306 3170 369 3202 est
388 3164 499 3203 unde
523 3163 561 3201 T
642 3195 645 3204 ι
765 3177 818 3214 30
847 3163 902 3202 ibi
926 3161 1012 3200 ΒΚ
1038 3167 1085 3201 ut
1115 3161 1194 3202 vid.
1224 3162 1278 3201 T:
1310 3162 1378 3200 ubi
1403 3162 1438 3199 C
