2176 3424
1092 138 1363 188 ISIDORI

353 264 690 328 cipitaverunt.
766 266 829 314 Et
855 265 1113 315 sciendum
1142 267 1341 317 Ionium
1373 268 1534 317 sinum
1574 286 1680 318 esse
1713 271 2007 329 inmensum,
2035 269 2098 318 ab

350 346 491 395 Ionia
541 364 699 410 usque
749 349 813 397 ad
861 347 1090 409 Siciliam,
1137 358 1185 399 et
1231 350 1376 398 huius
1418 359 1578 414 partes
1626 368 1732 400 esse
1774 350 2095 411 Adriaticum,

352 428 627 477 Achaicum
678 438 725 478 et
769 429 1092 492 Epiroticum.
1183 434 1229 480 A
1271 431 1491 481 moribus
1538 434 1816 481 accolarum
1861 431 2096 492 Euxinus,

298 509 327 556 8
353 513 555 559 Axenus
590 520 704 559 ante
734 513 1023 575 appellatus.
1096 515 1143 560 A
1170 513 1366 562 casibus
1391 513 1650 563 hominum
1689 514 1773 577 qui
1810 515 2100 563 deciderunt

351 594 403 640 in
429 610 576 653 mare,
596 602 649 641 ut
671 595 1071 656 Hellespontum,
1105 594 1330 655 Icarium,
1361 598 1625 658 Myrteum.
1698 598 1828 645 Nam
1850 598 2097 659 Myrteum
2123 619 2144 661 5

353 691 486 723 mare
512 674 701 723 dictum
727 693 757 723 a
783 675 970 738 Myrtili
994 677 1149 739 lapsu,
1178 679 1314 740 quod
1347 677 1444 725 illic
1477 678 1541 726 ab
1575 679 1836 727 Oenomao
1868 676 2100 741 praecipi—

353 766 480 806 tatus
501 756 576 806 sit.
635 759 803 806 Icarus
820 775 935 806 vero
957 758 1221 819 Cretensis,
1253 769 1306 807 ut
1321 759 1516 809 fabulae
1531 762 1706 820 ferunt,
1724 761 1894 808 altiora
1910 768 2097 823 petens,

353 837 516 902 pinnis
543 838 658 888 solis
678 841 840 889 calore
861 839 1033 888 solutis
1059 840 1198 901 mari,
1223 840 1274 889 in
1299 859 1399 904 quo
1425 841 1615 901 cecidit,
1644 859 1827 891 nomen
1866 840 2098 904 inposuit.

354 922 560 970 Phrixus
577 938 777 985 quoque
794 939 908 970 cum
927 923 1077 971 Helle
1098 939 1263 972 sorore
1283 940 1371 972 sua
1390 923 1580 987 fugiens
1600 923 1800 973 insidias
1817 925 2099 972 novercales

354 1004 645 1054 conscendit
670 1022 846 1054 navem
882 1005 1077 1068 signum
1110 1005 1271 1055 arietis
1305 1007 1585 1066 habentem,
1615 1024 1713 1070 qua
1745 1005 1977 1055 liberatus
2011 1016 2097 1055 est.
2126 1027 2176 1056 ια

356 1088 529 1136 Helles
554 1097 719 1136 autem
758 1105 894 1137 soror
927 1087 1031 1137 eius
1065 1105 1295 1152 perpessa
1333 1088 1639 1152 naufragium
1666 1088 1850 1138 decidit
1875 1088 1925 1137 in
1950 1105 2096 1148 mare,

293 1183 326 1230 9
352 1178 399 1218 et
425 1179 618 1218 mortua
644 1170 962 1234 Hellesponti
1000 1170 1120 1219 mari
1158 1187 1341 1220 nomen
1379 1173 1530 1220 dedit.
1604 1172 1684 1220 Ab
1722 1171 1894 1220 ordine
1930 1171 2100 1219 fluenti

352 1251 630 1315 Propontis.
707 1255 835 1302 Nam
875 1251 1064 1301 dictum
1096 1255 1403 1317 Propontum
1435 1254 1550 1317 quia
1581 1256 1795 1302 Pontum
1834 1252 2097 1316 praevenit.

352 1335 480 1382 Item
531 1343 578 1382 et
621 1352 650 1382 a
690 1334 896 1383 transitu
935 1337 1012 1384 vel
1053 1336 1271 1399 angustis
1316 1336 1558 1385 meatibus
1601 1336 1752 1385 boum
1797 1338 2096 1399 Bosphorus.

352 1416 623 1480 Aegyptius
672 1427 838 1466 autem
898 1419 1100 1481 pelagus
1161 1420 1308 1467 Asiae
1368 1421 1525 1478 datur,
1575 1418 1794 1468 Gallicus
1855 1422 2096 1483 Europae,
2127 1435 2176 1477 15

353 1499 548 1548 Africus
589 1499 804 1563 Libyae:
862 1501 938 1548 his
978 1510 1030 1549 ut
1074 1518 1301 1564 quaeque
1341 1501 1562 1564 proxima
1604 1512 1730 1562 sunt,
1775 1512 2012 1551 venerunt
2049 1501 2098 1550 in

270 1599 328 1633 10
355 1590 530 1645 partes.
606 1584 814 1646 Pelagus
840 1591 1005 1631 autem
1040 1592 1112 1630 est
1146 1582 1355 1632 latitudo
1387 1585 1530 1631 maris
1557 1583 1662 1632 sine
1688 1583 1827 1633 litore
1857 1594 1904 1633 et
1937 1594 2096 1647 portu,

357 1665 548 1713 Graeco
575 1663 777 1713 nomine
812 1665 902 1712 ἀπὸ
938 1669 1018 1712 τοῦ
1054 1667 1272 1731 πλαγίου,
1301 1666 1395 1713 hoc
1433 1675 1505 1713 est
1541 1683 1568 1714 a
1605 1665 1877 1725 latitudine,
1906 1666 2100 1727 dictus;

357 1746 490 1795 unde
515 1756 562 1795 et
589 1745 760 1810 plagia,
790 1763 850 1795 eo
876 1748 1012 1809 quod
1038 1746 1134 1795 sint
1160 1746 1460 1810 inportuosa.

204 1848 328 1888 XVII
492 1830 575 1876 DE
602 1843 804 1876 s1N113vs
831 1843 1005 1876 MARis.
1062 1828 1207 1877 Sinus
1224 1828 1454 1877 dicuntur
1474 1829 1682 1878 maiores
1699 1846 1917 1879 recessus
1937 1832 2098 1890 maris,
2125 1850 2176 1878 2c

358 1920 409 1958 ut
436 1909 485 1958 in
513 1910 632 1958 mari
660 1912 849 1974 Magno
877 1912 1062 1969 Ionius,
1082 1912 1131 1958 in
1149 1911 1355 1959 Oceano
1373 1909 1596 1973 Caspius,
1621 1910 1839 1971 Indicus,
1858 1913 2094 1972 Persicus,

359 1992 616 2052 Arabicus,
670 1991 755 2055 qui
806 2002 854 2041 et
906 2009 1037 2041 mare
1098 1993 1340 2051 Rubrum,
1394 1994 1478 2055 qui
1529 1994 1734 2042 Oceano
1792 1993 2099 2042 adscribitur.

298 2088 328 2122 2
359 2074 587 2123 Rubrum
626 2084 793 2123 autem
838 2091 971 2123 mare
1008 2084 1238 2124 vocatum
1287 2091 1346 2123 eo
1385 2075 1523 2137 quod
1562 2075 1623 2122 sit
1661 2074 1812 2123 roseis
1851 2074 1998 2124 undis
2036 2077 2104 2123 in—

354 2158 539 2205 fectum
559 2174 571 2217 3
621 2173 723 2204 non
777 2165 945 2204 tamen
995 2158 1143 2204 talem
1196 2165 1421 2204 naturam
1469 2156 1619 2204 habet
1668 2158 1864 2219 qualem
1911 2157 2103 2207 videtur

357 2240 633 2297 ostendere,
663 2239 751 2286 sed
777 2237 949 2286 vicinis
986 2237 1210 2286 litoribus
1236 2237 1431 2286 vitiatur
1466 2255 1640 2301 gurges
1676 2248 1824 2302 atque
1859 2237 2073 2286 inficitur
2090 2255 2103 2298 3
2127 2260 2176 2301 25

359 2319 474 2382 quia
516 2319 678 2368 omnis
721 2330 860 2379 terra,
905 2336 1034 2383 quae
1076 2321 1359 2368 circumstat
1394 2321 1582 2383 pelago,
1623 2321 1768 2368 rubra
1810 2329 1882 2368 est
1921 2329 1968 2368 et
1997 2336 2102 2367 san-

359 2401 541 2465 guineo
584 2401 738 2451 colori
780 2401 1015 2465 proxima.
1091 2403 1315 2465 Ideoque
1354 2400 1470 2451 inde
1514 2401 1721 2450 minium
1762 2401 2100 2450 acutissimum

415 2545 430 2570 1
465 2531 626 2570 sciend.
651 2538 715 2571 est
739 2532 827 2572 Ion.
853 2531 888 2571 C
1009 2545 1033 2579 4
1063 2537 1189 2570 antea
1208 2530 1294 2569 BT
1400 2531 1658 2570 decederunt
1679 2531 1749 2571 K:
1780 2532 2013 2571 deciderint
2038 2531 2098 2572 U:

358 2587 607 2626 ceciderunt
635 2585 672 2624 T
803 2600 827 2636 5
857 2592 902 2624 ut
923 2586 1039 2626 Hell.
1063 2586 1168 2625 Icar.
1188 2600 1270 2626 om.
1295 2584 1341 2623 K
1474 2587 1502 2624 6
1529 2586 1582 2624 la.
1605 2586 1676 2636 qui
1697 2587 1810 2636 quod
1838 2585 1875 2625 T
1978 2599 2038 2636 pr.
2063 2599 2095 2626 S.

356 2643 407 2680 ab
442 2640 552 2681 Oen.
580 2641 627 2678 K
775 2654 796 2690 7
827 2656 863 2681 a.
898 2647 1098 2691 petentes
1135 2641 1169 2679 C
1186 2655 1196 2680 ε
1225 2640 1401 2679 alatiora
1432 2640 1575 2679 ferens
1607 2641 1648 2679 Β
1812 2643 1838 2680 8
1867 2641 2030 2680 solutus
2069 2641 2107 2680 T

357 2709 472 2735 mare
489 2709 572 2746 quo
587 2696 633 2733 K
776 2708 792 2733 1
804 2709 821 2735 1
854 2709 1056 2746 percussa
1069 2696 1290 2745 naufragio
1302 2695 1350 2733 K
1455 2696 1624 2734 decedit
1638 2694 1685 2733 K
1850 2709 1898 2734 12
1929 2695 2100 2734 Helles·
2171 2744 2176 2747 ῃ

355 2756 488 2802 ponto
501 2750 595 2790 dett.
709 2751 806 2790 ded.
821 2764 935 2790 nom.
948 2751 990 2789 Β
1101 2764 1150 2800 13
1171 2749 1438 2801 propontidis
1450 2763 1546 2789 nam
1560 2749 1672 2790 codd.
1791 2763 1839 2799 14
1863 2750 1975 2789 idem
1987 2749 2099 2790 codd.
2164 2788 2167 2790 .

357 2805 445 2857 vel]
469 2818 548 2856 per
573 2804 611 2843 T
714 2806 862 2845 meatis
884 2805 935 2844 C1
1046 2806 1193 2858 boum]
1216 2805 1354 2844 locum
1382 2803 1421 2842 T
1564 2817 1611 2854 15
1642 2805 1810 2854 egiptus
1836 2805 1874 2843 T
1977 2805 2100 2844 datus
2172 2840 2176 2842 .

357 2860 445 2899 ΒΚ
553 2859 719 2910 gallicis
737 2860 779 2898 Β
946 2863 997 2900 16
1025 2861 1085 2900 uti
1104 2860 1142 2899 T
1245 2872 1366 2910 prox.
1380 2873 1450 2910 qu.
1471 2859 1513 2898 Β
1679 2871 1726 2908 17
1756 2865 1899 2909 partes
1919 2859 2100 2910 partium

358 2915 400 2952 A
408 2929 485 2955 rev.
507 2915 576 2965 (ex
593 2914 728 2954 Solin.
747 2927 816 2964 23,
837 2915 905 2966 16)
1057 2929 1112 2954 20
1141 2915 1323 2955 Senibus
1339 2913 1386 2953 K
1491 2927 1685 2954 secessus
1704 2914 1745 2952 Β
1883 2927 1935 2953 22
1964 2914 2026 2966 et]
2048 2915 2100 2953 ad

361 2970 406 3008 K
423 2984 433 3009 :
462 2976 506 3008 et
522 2971 564 3008 in
582 2969 617 3008 C
697 2982 905 3009 oceanum
921 2970 1134 3010 adscribet
1148 2969 1195 3008 K
1304 2982 1353 3019 24
1385 2968 1492 3021 nat.]
1507 2968 1799 3008 naturalemK
1924 2982 1974 3018 27
2005 2981 2100 3008 acu-

360 3025 590 3065 stissimum
617 3024 655 3063 T
