2176 3424
1059 116 1332 167 ISIDORI

315 243 483 293 animi.
572 244 824 305 Scenicus‚
853 246 938 309 qui
964 246 1016 294 in
1042 249 1234 296 theatro
1254 247 1367 311 agit.
1454 250 1725 298 Theatrum
1751 250 1883 298 enim
1917 266 2066 298 scena

315 334 402 373 est.
476 327 660 386 Scorta,
690 329 826 390 quod
862 344 892 375 a
929 328 1131 378 Graecis
1168 346 1369 392 quoque
1408 332 1558 394 σκύτη
1590 331 1924 380 vocabantur:
1963 348 2063 394 quo

193 413 291 462 254
313 406 615 457 defricantur
649 411 801 472 pelles
829 409 1010 472 quibus
1036 413 1313 474 corruptela
1339 413 1404 460 fit.
1477 414 1707 476 Spurcus,
1735 414 1872 476 quod
1909 412 1970 461 sit
1994 414 2062 461 inss

313 505 478 551 purus.
553 492 849 550 Scelerosus,
887 491 1155 540 sceleribus
1195 494 1369 555 plenus
1390 512 1401 554 5
1451 503 1503 543 ut
1541 494 1794 558 lapidosus
1834 496 1972 543 locus
2014 503 2062 543 et

196 577 291 627 255
311 585 561 620 arenosus
636 574 752 621 Plus
779 582 852 622 est
877 582 1044 622 autem
1070 575 1341 623 scelerosus
1368 592 1518 638 quam
1553 578 1830 625 sceleratus.
1904 578 2058 636 Sator,
2087 595 2110 636 5

312 651 579 701 seminator
604 655 681 702 vel
707 664 857 717 pater,
880 672 909 703 a
942 655 1145 704 semine.
1233 658 1420 717 Scurra,
1450 657 1534 720 qui
1566 657 1739 707 sectari
1776 657 2060 721 quempiam

311 735 436 782 solet
478 734 577 783 cibi
609 735 776 798 gratia.
850 739 896 784 A
934 738 1191 800 sequendo
1221 738 1365 802 igitur
1396 741 1511 788 inde
1543 757 1731 788 scurras
1770 741 2058 803 appellatos.

311 816 454 864 Idem
482 819 681 877 assecla,
708 835 737 866 a
763 821 1032 881 sequendo.
1105 822 1322 881 Satelles,
1342 823 1478 884 quod
1497 823 1763 871 adhaereat
1786 822 1937 881 alteri,
1959 820 2061 870 sive

185 905 284 963 256
307 913 336 944 a
362 897 523 946 lateris
550 899 789 948 custodia.
864 902 1122 961 Suffectus,
1152 902 1202 950 in
1235 904 1345 951 loco
1369 903 1567 952 alterius
1594 903 1890 967 suppositus,
1919 902 2059 966 quasi

309 981 555 1028 suffactus.
631 983 779 1030 Vnde
807 992 854 1030 et
880 986 1137 1032 consulem
1165 986 1425 1034 suffectum
1452 986 1663 1034 dicimus
1702 1003 1816 1034 eum
1855 984 1939 1048 qui
1970 1001 2058 1047 pro
2086 1007 2135 1034 10

194 1074 284 1124 257
306 1059 403 1109 alio
429 1061 753 1111 substituitur.
846 1066 1119 1126 Secundus,
1148 1066 1264 1129 quia
1290 1084 1429 1116 secus
1456 1069 1608 1130 pedes
1634 1087 1640 1115 :
1692 1076 1739 1116 et
1765 1076 1946 1116 tractus
1983 1075 2057 1114 est

305 1158 467 1191 sermo
491 1160 520 1191 a
546 1145 869 1207 sequentibus
906 1148 1053 1196 servis
1080 1148 1383 1211 pedisequis.
1455 1151 1602 1198 Vnde
1638 1158 1685 1197 et
1716 1150 1937 1198 secunda
1965 1150 2057 1196 for-

306 1232 426 1271 tuna
451 1225 643 1285 dicitur‚
673 1228 808 1288 quod
834 1230 1110 1277 secundum
1138 1247 1228 1278 nos
1255 1240 1341 1290 est,
1371 1230 1420 1279 id
1459 1240 1531 1279 est
1558 1247 1711 1294 prope
1738 1248 1842 1280 nos.
1928 1232 2056 1279 Inde

304 1314 351 1352 et
376 1322 451 1354 res
472 1309 735 1368 secundae,
756 1308 804 1358 id
831 1320 904 1358 est
930 1327 1203 1374 prosperae.
1268 1314 1527 1361 Secundae
1551 1322 1716 1361 autem
1742 1330 1771 1361 a
1797 1313 2054 1375 sequendo

183 1396 280 1454 258
303 1397 417 1436 sunt
442 1388 618 1437 dictae.
692 1389 973 1454 Stipulator‚
997 1392 1278 1455 promissor.
1325 1395 1584 1457 ‘Stipulare
1610 1394 1742 1443 enim
1770 1394 2053 1458 promittere
2082 1417 2128 1457 15

175 1489 278 1538 259
302 1478 388 1529 est,
419 1486 477 1518 ex
503 1470 662 1519 verbis
689 1471 1090 1535 iurisperitorum.
1154 1476 1325 1535 Sanus,
1352 1493 1381 1523 a
1406 1475 1656 1539 sanguine,
1685 1476 1801 1539 quia
1826 1475 1931 1525 sine
1957 1477 2054 1539 pal-

172 1565 278 1610 260
301 1551 403 1598 lore
424 1561 511 1600 est.
564 1550 804 1619 [Sospes]
855 1555 1058 1603 Subtilis
1085 1557 1148 1604 ab
1176 1557 1524 1606 extenuatione
1549 1558 1725 1608 dictus,
1789 1560 2053 1621 Sequester

301 1630 479 1680 dicitur
504 1634 589 1696 qui
624 1635 927 1684 certantibus
963 1637 1156 1686 medius
1192 1638 1466 1699 intervenit,
1495 1639 1579 1702 qui
1611 1641 1745 1703 apud
1776 1641 1993 1689 Graecos
2028 1643 2052 1688 ὁ

300 1714 447 1776 μέσος
482 1716 673 1774 dicitur,
713 1719 847 1779 apud
885 1734 1033 1780 quern
1072 1719 1274 1782 pignera
1310 1722 1495 1784 deponi
1533 1723 1706 1770 solent.
1782 1723 1935 1784 Quod
1972 1740 2052 1771 vo-

299 1795 532 1844 cabulum
568 1798 633 1846 ob
672 1800 930 1861 sequendo
960 1801 1145 1848 factum
1185 1810 1270 1861 est,
1301 1804 1436 1864 quod
1475 1802 1592 1862 eiuS,
1630 1803 1715 1866 qui
1751 1805 1936 1852 electus
1971 1803 2046 1864 sit,
2077 1829 2126 1856 20

184 1871 276 1917 261
301 1885 508 1940 utraque
534 1896 644 1942 pars
673 1880 823 1928 fidem
850 1891 1097 1944 sequatur.
1159 1882 1363 1944 Sessilis‚
1396 1886 1532 1947 quod
1559 1901 1662 1932 non
1687 1885 1879 1933 videtur
1904 1895 2045 1945 stare,

299 1960 387 2007 sed
425 1962 611 2010 sedere.
684 1963 886 2021 Surdus,
921 1980 950 2010 a
986 1963 1213 2013 sordibus
1252 1965 1471 2014 humoris
1508 1983 1624 2015 aure
1661 1966 1951 2030 conceptis;
1999 1976 2048 2016 et

299 2041 523 2102 quamvis
558 2043 724 2092 multis
755 2043 950 2093 casibus
988 2045 1196 2106 accidat,
1225 2064 1408 2096 nomen
1439 2056 1607 2097 tamen
1639 2065 1782 2112 aeger
1823 2066 1882 2097 ex
1914 2066 2048 2113 prae-

174 2122 274 2168 262
298 2122 432 2171 dicto
458 2123 576 2172 vitio
602 2124 792 2174 retinet.
868 2126 1052 2187 Siccus,
1080 2130 1217 2191 quod
1243 2128 1303 2177 sit
1337 2139 1595 2178 exsucatus
1615 2148 1627 2190 3
1664 2130 1764 2180 sive
1803 2148 1889 2194 per
1926 2132 2047 2179 anti-

353 2263 377 2288 2
408 2253 538 2304 quod]
562 2267 646 2304 quo
668 2254 714 2293 K
730 2254 833 2305 (non
855 2257 915 2308 A)
1127 2259 1324 2307 quodque
1355 2258 1391 2296 T
1595 2258 1743 2312 σκύτη]
1766 2261 1872 2300 scite
1896 2261 2043 2312 (-thae,

297 2307 402 2358 -tae)
425 2307 535 2349 codd.
704 2311 933 2350 vocabatur
949 2311 1005 2349 Β1
1029 2311 1133 2362 (non
1153 2313 1214 2364 A)
1380 2314 1448 2364 qui
1471 2313 1716 2353 effricantur
1735 2315 1800 2353 B:
1832 2317 1942 2366 quod
1965 2316 2040 2355 efr.

296 2360 371 2397 AI
489 2375 515 2411 3
545 2364 717 2416 quibus]
741 2366 858 2404 cuius
879 2365 1014 2404 ABK
1031 2367 1134 2417 (non
1154 2367 1198 2418 I)
1329 2379 1353 2417 5
1383 2369 1479 2419 plus
1500 2383 1566 2409 au.
1600 2369 1636 2408 T
1758 2372 1785 2408 6
1815 2370 1934 2410 Scur.
1958 2401 1967 2410 .
1994 2401 2003 2411 .
2029 2401 2038 2410 .

297 2427 378 2454 aSS.
401 2430 424 2454 a
443 2429 529 2467 seq.
553 2431 636 2458 om.
667 2419 704 2457 T
839 2434 860 2469 7
885 2421 962 2459 civi
984 2421 1092 2461 codd.
1227 2423 1463 2472 appellatas
1485 2424 1524 2462 Β
1648 2427 1673 2464 8
1693 2425 1803 2463 idem
1825 2426 1879 2464 ad
1900 2425 2043 2465 secula

299 2469 356 2507 C:
386 2471 495 2509 idem
512 2474 678 2513 saecula
696 2475 780 2525 (se-
795 2475 874 2519 ’ἐδΑ
900 2490 908 2514 :
938 2476 1048 2514 idem
1067 2482 1109 2515 et
1128 2476 1296 2515 saecula
1311 2479 1416 2529 (se->
1430 2478 1515 2520 BI:
1547 2478 1587 2517 id
1604 2485 1668 2518 est
1692 2485 1734 2518 et
1753 2481 1805 2518 ad
1822 2480 1983 2520 scelera
1999 2479 2047 2518 K

293 2537 318 2562 a
339 2525 453 2577 seq.]
475 2527 751 2578 adsequendo
773 2528 820 2567 K
836 2531 848 2573 ζ
855 2543 938 2568 non
958 2531 1024 2580 A)
1223 2532 1399 2571 adheret
1422 2533 1456 2571 C
1671 2548 1697 2584 9
1730 2535 1851 2574 lateri
1873 2540 1975 2574 cust.
2001 2534 2047 2573 K

298 2592 344 2616 11
368 2580 485 2629 quia]
501 2582 627 2631 quiA
645 2598 653 2622 ε
673 2584 793 2633 quasi
807 2584 957 2635 B(uon
976 2585 1019 2634 I)
1096 2592 1298 2625 tractatus
1321 2586 1358 2623 T
1438 2600 1486 2625 12
1507 2601 1616 2628 serv.
1635 2588 1755 2640 ped.]
1775 2589 1894 2639 equis
1917 2589 2037 2639 pedis

294 2635 416 2682 equis
436 2634 598 2683 K(n0n
615 2637 676 2686 A)
795 2651 843 2687 13
873 2639 1006 2691 quod]
1023 2641 1121 2689 quia
1134 2641 1175 2679 Β
1188 2641 1291 2692 (non
1305 2642 1370 2685 A)
1465 2655 1549 2682 sec.
1569 2656 1654 2682 non
1675 2649 1741 2682 est
1765 2643 1849 2682 TCl
1915 2643 2036 2695 inde]

294 2690 407 2727 unde
424 2689 512 2727 AB
525 2691 628 2740 (non
641 2693 684 2744 I)
800 2696 849 2732 16
869 2695 1064 2744 iurisper.
1085 2695 1155 2745 qui
1175 2696 1300 2734 etiam
1314 2695 1514 2746 stipulum
1532 2698 1696 2737 firmum
1713 2698 2038 2748 appellaverunt

297 2741 418 2782 UXC
436 2745 537 2795 (non
557 2745 644 2795 AI)
777 2761 824 2797 17
857 2755 922 2787 est
942 2762 1025 2788 om.
1050 2749 1097 2787 K
1113 2752 1216 2801 (non
1236 2750 1296 2799 A)
1411 2751 1571 2801 Sospes
1591 2753 1683 2791 hab.
1703 2752 1915 2793 ABCIU:
1947 2766 2030 2793 om.

290 2796 395 2835 KTl
414 2812 422 2836 :
455 2799 620 2849 Sospes
640 2801 815 2841 colomis
836 2815 965 2842 sanus
994 2803 1046 2840 T2
1166 2805 1282 2843 Inter
1298 2805 1421 2855 Sosp.
1445 2811 1482 2845 et
1501 2806 1619 2847 Subt.
1640 2806 1734 2846 add.
1759 2807 1882 2846 Salus
1902 2821 1927 2846 a
1945 2808 2036 2846 sale

290 2865 447 2892 nomen
467 2855 686 2905 accepisse
707 2863 878 2906 putatur
900 2856 1023 2896 CUX
1040 2858 1139 2907 (non
1158 2858 1249 2910 AI)
1406 2873 1452 2910 17
1483 2862 1764 2900 extenutione
1784 2860 1832 2899 K
1846 2861 2034 2914 (non'A)

292 2908 342 2944 18
363 2909 662 2949 certaminibus
676 2910 714 2948 Β
729 2911 835 2962 (non
850 2912 894 2962 I)
1007 2926 1061 2952 20
1080 2915 1342 2963 sequendum
1367 2914 1418 2953 Cl
1531 2928 1579 2953 21
1604 2916 1777 2955 Sessilis
1797 2945 1806 2954 .
1831 2946 1840 2955 .
1864 2946 1874 2956 .
1899 2916 2034 2956 dictus

289 2960 334 3010 (ξ
357 2964 455 3014 263)
477 2977 561 3004 om.
593 2964 632 3002 T
825 2980 876 3015 23
907 2967 1119 3018 quamvis]
1142 2968 1312 3017 quasnis
1334 2969 1380 3007 K
1572 2983 1620 3019 24
1653 2976 1770 3010 tenet
1789 2969 1836 3008 K
1945 2971 2030 3011 Sic.

288 3016 411 3063 quasi
433 3030 465 3056 s.
491 3024 643 3059 unctus
665 3019 706 3058 A
731 3018 832 3068 (non
853 3020 895 3071 I)
