2176 3424
1079 109 1350 157 ISIDORI

347 244 525 291 ferrum
553 240 731 290 cursim
749 243 961 304 desuper
987 241 1289 289 movebatur.
1352 241 1501 289 Vnde
1527 241 1710 288 factum
1737 250 1810 289 est
1835 252 1887 289 ut
1912 241 1962 289 in
1979 257 2096 304 quo-

345 325 462 376 dam
491 325 679 388 templo
704 323 1019 372 simulacrum
1047 325 1216 372 eferro
1231 323 1448 386 pendere
1473 323 1522 370 in
1549 339 1660 371 aere
1687 322 1944 372 videretur.
2007 324 2097 372 Est

345 406 531 470 quippe
567 415 616 456 et
650 404 774 454 alius
810 407 859 453 in
890 404 1158 468 Aethiopia
1191 421 1392 467 magnes
1426 402 1511 466 qui
1546 405 1728 452 ferrum
1766 420 1915 453 omne
1946 403 2098 468 abigit

344 487 641 552 respuitque.
703 488 882 538 Omnis
901 495 1065 535 autern
1085 503 1287 550 magnes
1303 495 1442 535 tanto
1459 485 1630 534 melior
1646 494 1720 535 est
1739 495 1928 549 quanto
1944 485 2097 549 magis

295 572 598 638 3eaeruleus
635 578 721 618 est.
795 570 1008 631 Gagates
1045 568 1167 632 lapis
1204 568 1414 632 primum
1454 569 1682 616 inventus
1720 577 1793 616 est
1829 567 1880 616 in
1917 567 2093 627 Sicilia,

345 653 547 716 Gagatis
582 650 798 699 fluminis
835 652 989 699 fluore
1026 652 1267 711 reiectus,
1321 651 1455 698 unde
1492 658 1540 698 et
1569 648 1868 708 nominatus,
1903 649 2016 699 licet
2046 649 2094 697 in

345 733 585 784 Brittania
618 734 678 782 sit
702 732 954 796 plurimus.
1019 734 1108 781 Est
1131 741 1297 781 autem
1318 731 1466 795 niger,
1491 733 1679 794 planu5‚
1708 731 1828 779 levis
1855 740 1902 779 et
1920 733 2098 780 ardens

343 814 443 878 igni
475 816 720 864 admotus.
796 814 988 864 Fictilia
1024 831 1082 863 ex
1112 831 1172 864 eo
1206 813 1386 877 scripta
1415 830 1518 861 non
1558 814 1820 873 delentur,
1868 812 2098 862 incensus

344 906 595 961 serpentes
619 899 767 961 sugat,
796 896 1148 946 daemoniacos
1172 895 1351 960 prodit,
1378 894 1704 958 virginitatem
1740 894 2098 957 deprehendit;

290 997 323 1045 4
346 979 637 1042 mirumque,
677 978 964 1028 accenditur
998 996 1140 1042 aqua,
1180 980 1292 1027 oleo
1333 976 1660 1040 restinguitur.
1734 976 1974 1026 Asbestos
2010 979 2098 1025 Ar-

344 1063 516 1111 cadiae
541 1060 662 1126 lapis
688 1060 829 1110 ferrei
854 1060 1046 1121 coloris,
1072 1060 1136 1109 ab
1173 1061 1285 1123 igne
1315 1076 1502 1108 nomen
1537 1059 1734 1109 sortitus
1767 1076 1828 1109 eo
1861 1060 1998 1123 quod
2022 1076 2098 1108 ac-

342 1161 518 1193 census
537 1145 689 1194 semel
705 1160 978 1206 numquam
995 1142 1304 1206 extinguitur.
1352 1144 1429 1191 De
1449 1158 1548 1204 quo
1565 1141 1730 1205 lapide
1750 1141 2094 1191 mechanicum

340 1226 528 1289 aliquid
566 1243 642 1275 ars
679 1227 898 1275 humana
934 1224 1105 1274 molita
1141 1233 1228 1284 est,
1257 1225 1394 1287 quod
1431 1225 1638 1287 gentiles
1674 1225 1804 1288 capti
1841 1223 2094 1287 sacrilegio

343 1308 646 1357 mirarentur.
720 1309 952 1371 Denique
978 1307 1027 1355 in
1053 1308 1241 1370 templo
1266 1307 1485 1369 quodam
1503 1305 1651 1355 fuisse
1677 1306 1884 1355 Veneris
1909 1308 2092 1366 fanum,

343 1391 511 1454 ibique
537 1390 889 1440 candelabrum
909 1399 956 1438 et
982 1391 1032 1438 in
1058 1407 1118 1438 eo
1138 1391 1389 1438 lucernam
1411 1388 1503 1437 sub
1530 1388 1645 1437 divo
1672 1390 1740 1437 sic
1759 1390 2014 1438 ardentem
2042 1397 2095 1437 ut

291 1489 321 1538 5
344 1489 452 1522 eam
478 1474 613 1521 nulla
629 1481 910 1535 tempestas,
929 1473 1094 1520 nullus
1114 1470 1271 1520 imber
1289 1469 1604 1534 extingueret.
1669 1471 1854 1533 Pyrites
1872 1471 2094 1519 Persicus

343 1555 465 1618 lapis
502 1556 676 1614 fulvus,
715 1553 838 1603 aeris
877 1555 1113 1602 simulans
1150 1551 1453 1615 qualitatem,
1493 1551 1631 1601 cuius
1673 1551 1914 1615 plurimus
1956 1551 2094 1615 ignis,

343 1636 587 1700 siquidem
615 1635 757 1685 facile
783 1635 1018 1684 scintillas
1045 1634 1224 1683 emittit
1249 1653 1257 1682 :
1296 1634 1376 1683 hic
1402 1635 1616 1684 tenentis
1642 1651 1860 1693 manum,
1889 1634 1928 1682 si
1954 1635 2094 1683 vehe-

342 1718 555 1768 mentius
581 1727 841 1782 prematur,
869 1718 1046 1776 adurit,
1067 1725 1264 1780 propter
1290 1717 1426 1780 quod
1451 1716 1514 1764 ab
1540 1715 1652 1778 igne
1677 1731 1862 1764 nomen
1887 1714 2092 1778 accepit.

344 1803 433 1849 Est
457 1800 580 1849 alius
616 1798 796 1863 pyrites
831 1798 1053 1862 vulgaris,
1082 1814 1230 1861 quem
1266 1798 1430 1846 vivum
1463 1796 1679 1860 lapidem
1716 1798 1979 1860 appellant,
2009 1796 2093 1860 qui

342 1886 468 1932 ferro
505 1884 581 1932 vel
620 1881 784 1945 lapide
822 1897 1081 1944 percussus
1121 1879 1355 1928 scintillas
1395 1877 1586 1937 emittit,
1626 1895 1752 1940 quae
1789 1877 2096 1942 excipiuntur

344 1967 541 2029 sulpure
566 1965 642 2013 vel
668 1962 773 2012 aliis
790 1961 950 2026 fungis
971 1964 1047 2011 vel
1073 1961 1216 2021 foliis,
1235 1970 1283 2010 et
1303 1960 1437 2010 dicto
1457 1959 1661 2009 celerius
1687 1961 1889 2024 praebet
1913 1960 2091 2024 ignem.

285 2055 319 2101 6
345 2046 500 2092 Hunc
539 2044 711 2106 vulgus
748 2043 962 2090 focarem
1003 2049 1191 2104 petram
1236 2047 1427 2088 vocant.
1502 2040 1755 2097 SeleniteS,
1794 2037 1879 2101 qui
1919 2038 2094 2087 Latine

342 2125 524 2174 lunaris
559 2125 916 2188 interpretatur,
952 2140 1012 2172 eo
1048 2123 1185 2186 quod
1221 2121 1501 2171 interiorem
1540 2121 1644 2170 eius
1676 2122 1942 2170 candorem
1977 2137 2090 2169 curn

290 2231 319 2281 7
343 2210 459 2257 luna
484 2223 702 2256 crescere
726 2215 875 2268 atque
901 2206 1113 2253 deficere
1136 2203 1289 2263 aiunt,
1316 2203 1527 2267 gignitur
1552 2203 1602 2250 in
1629 2201 1844 2252 Persida.
1907 2201 2090 2266 Diony-

405 2350 422 2376 1
438 2349 621 2379 ,cursum
643 2335 684 2373 Β
706 2350 715 2375 :
745 2348 867 2374 cursu
889 2334 958 2373 K:
987 2334 1099 2373 curri
1127 2332 1164 2370 T
1260 2346 1284 2371 2
1315 2333 1408 2373 sim.
1432 2333 1585 2372 efferro
1608 2333 1660 2372 C¹
1762 2345 1787 2383 3
1816 2345 1940 2371 omne
1959 2333 2090 2382 abigit

347 2394 388 2431 A
397 2407 475 2432 rev.
499 2393 567 2442 (ex
585 2391 694 2430 Plin.
717 2390 770 2431 N.
792 2390 850 2430 H.
874 2391 940 2439 36,
971 2389 1066 2440 130)
1087 2403 1096 2427 t
1127 2401 1211 2427 non
1233 2389 1405 2438 ambigit
1426 2388 1467 2425 Β
1475 2387 1512 2427 T
1535 2393 1573 2426 et
1577 2389 1678 2438 sort.
1702 2387 1819 2427 Isid.:
1851 2388 2090 2427 nomambet

350 2448 421 2486 K:
451 2460 536 2485 non
558 2445 670 2496 rapit
693 2445 728 2483 C
837 2459 861 2494 4
891 2444 1040 2483 melius
1061 2443 1108 2481 K
1215 2455 1238 2492 5
1269 2443 1390 2493 primi
1418 2442 1476 2482 T:
1507 2443 1666 2493 primus
1689 2442 1725 2481 C
1813 2442 1920 2494 Sic.]
1945 2442 2091 2481 Cilicia

350 2503 476 2542 Arev.
503 2502 570 2549 (ex
584 2499 769 2539 Dioscor.
793 2512 836 2549 5,
861 2500 978 2550 146):
1012 2497 1142 2548 Lycia
1162 2497 1273 2538 Plin.
1298 2497 1352 2537 N.
1374 2497 1434 2536 H.
1457 2500 1523 2548 36,
1551 2509 1622 2546 141
1763 2498 1790 2535 6
1819 2502 1993 2547 gagates
2016 2496 2091 2535 Cl:

351 2557 483 2606 Gagis
502 2555 612 2594 Plin.
699 2555 811 2594 ssum.
835 2567 917 2594 om.
942 2553 989 2591 K
1069 2554 1200 2591 fluere
1220 2551 1261 2590 B
1344 2553 1369 2589 8
1398 2551 1453 2602 ig.
1479 2558 1521 2590 et
1542 2557 1680 2590 motus
1699 2550 1744 2588 K
1826 2565 1853 2601 9
1882 2551 2015 2600 fugiat
2036 2551 2090 2589 Β1

356 2624 404 2650 10
433 2610 502 2650 mi.
523 2610 662 2649 Plin.:
693 2610 842 2648 mirum
861 2609 929 2658 qui
957 2607 1027 2646 K:
1058 2620 1109 2647 m.
1135 2606 1299 2659 quo(ex
1323 2607 1444 2658 corr.)
1473 2606 1531 2645 T:
1562 2619 1614 2645 m.
1638 2607 1747 2655 quod
1771 2606 1827 2645 C:
1859 2619 1911 2645 m.
1937 2605 2032 2655 quia
2052 2606 2093 2644 Β

351 2665 620 2714 restringitur
637 2663 687 2703 C1
818 2664 1010 2703 Abeston
1027 2661 1136 2701 codd.
1310 2674 1353 2700 11
1388 2661 1484 2699 ferri
1501 2661 1542 2699 Β
1711 2673 1759 2698 12
1788 2661 2037 2700 metanicum
2053 2659 2095 2698 Β

357 2734 404 2770 13
434 2733 503 2759 ars
523 2719 576 2759 al.
605 2717 651 2756 T1
863 2718 991 2756 oblita
1011 2723 1074 2756 est
1095 2716 1190 2767 quia
1210 2715 1251 2755 Β
1459 2714 1608 2764 gentili
1628 2714 1675 2752 K
1899 2714 2023 2765 capiti
2046 2712 2095 2752 C1

2121 584 2142 623 5

2122 995 2171 1025 10

2123 1407 2170 1447 15

2121 1813 2172 1841 20

2115 2222 2133 2249 2
2144 2221 2176 2262 5,ξ

356 2788 404 2824 14
435 2775 642 2825 quoddam
664 2771 705 2811 Β
844 2773 896 2812 fa.
923 2773 1070 2811 dicunt
1088 2771 1143 2810 ib.
1167 2769 1209 2808 Β
1390 2772 1440 2808 16
1469 2770 1625 2809 nullum
1648 2769 1744 2809 imb.
1769 2769 1815 2807 K
1952 2767 2095 2807 Piritis
2167 2788 2170 2790 ·

355 2829 454 2869 CT:
486 2828 638 2868 Peritis
659 2826 745 2865 ΒΚ
894 2840 941 2877 17
971 2826 1093 2865 fulvis
1112 2825 1169 2864 Β1
1294 2824 1462 2875 plurimi
1483 2825 1524 2863 Β
1695 2826 1743 2863 18
1771 2824 1868 2862 hinc
1887 2823 1949 2861 B:
1981 2823 2023 2861 in
2047 2822 2095 2861 C1

353 2891 440 2923 ten.
464 2885 498 2923 si
524 2883 678 2936 (delet.)
701 2895 780 2922 ma.
804 2882 838 2921 si
865 2881 902 2920 T
1060 2893 1114 2919 20
1142 2879 1280 2930 piritis
1302 2878 1398 2918 CT:
1430 2879 1579 2929 peritis
1596 2877 1684 2916 ΒΚ
1844 2890 1895 2916 22
1925 2877 2096 2927 sulpure

354 2940 476 2980 dett.:
506 2938 668 2987 fulgore
687 2941 799 2985 (·ure
827 2935 880 2988 T)
903 2935 1015 2975 codd.
1221 2934 1288 2972 vel
1311 2934 1441 2972 aridis
1461 2935 1488 2973 s.
1511 2933 1635 2972 Arev.
1662 2933 1729 2982 (ex
1746 2931 1858 2972 Plin.
1881 2931 1934 2972 N.
1951 2931 2015 2971 H.
2030 2934 2096 2981 36,

360 2995 454 3045 138)
472 3008 481 3032 ι
497 2994 601 3044 fort.
617 2998 696 3043 pro
714 2990 782 3029 vel
803 2991 829 3030 s.
854 3004 948 3029 cnm
963 2991 1105 3041 glossa
1125 2988 1194 3028 alii
1213 2988 1391 3036 sfungiis
1413 2989 1500 3038 (tle.
1520 2988 1726 3038 spongiis)
1936 2986 2002 3025 vel
2023 2987 2094 3026 sol.

355 3061 439 3087 om.
463 3047 509 3085 K
710 3051 751 3084 et
772 3044 853 3096 di.]
875 3046 1017 3084 aedito
1038 3044 1150 3096 (ed.)
1173 3043 1259 3082 ΒΚ
1486 3055 1537 3091 23
1568 3042 1753 3092 fogarem
1775 3035 1847 3080 K:
1877 3053 2031 3080 vocare
2049 3040 2098 3079 (Ἰ

355 3108 473 3142 vocat
493 3102 571 3140 BC
679 3113 730 3149 24
761 3100 939 3138 interior
957 3100 1012 3137 Β1
1127 3109 1178 3147 25
1208 3110 1404 3137 crescere
1425 3110 1507 3136 om.
1531 3095 1579 3135 C¹
