<?xml version="1.0" encoding="UTF-8"?>
<!DOCTYPE html PUBLIC "-//W3C//DTD XHTML 1.0 Transitional//EN"
    "http://www.w3.org/TR/xhtml1/DTD/xhtml1-transitional.dtd">
<html xmlns="http://www.w3.org/1999/xhtml" xml:lang="en" lang="en">
 <head>
  <title>
</title>
<meta http-equiv="Content-Type" content="text/html;charset=utf-8" />
  <meta name='ocr-system' content='tesseract 3.04.00' />
  <meta name='ocr-capabilities' content='ocr_page ocr_carea ocr_par ocr_line ocrx_word'/>
</head>
<body>
  <div class='ocr_page' id='page_1' title='image "./isidori01isiduoft/isidori01isiduoft_0385.png"; bbox 0 0 2176 3424; ppageno 0'>
   <div class='ocr_carea' id='block_1_1' title="bbox 489 104 1503 156">
    <p class='ocr_par' dir='ltr' id='par_1_1' title="bbox 489 104 1503 156">
     <span class='ocr_line' id='line_1_1' title="bbox 489 104 1503 156; baseline -0.003 -1"><span class='ocrx_word' id='word_1_1' title='bbox 489 107 1118 156; x_wconf 87' lang='lat' dir='ltr'>ETYMOLOGIARVM</span> <span class='ocrx_word' id='word_1_2' title='bbox 1159 108 1288 153; x_wconf 88' lang='lat' dir='ltr'><strong>LIB.</strong></span> <span class='ocrx_word' id='word_1_3' title='bbox 1330 108 1418 153; x_wconf 90' lang='lat' dir='ltr'>IX.</span> <span class='ocrx_word' id='word_1_4' title='bbox 1457 104 1503 152; x_wconf 91' lang='lat' dir='ltr'>vi</span> 
     </span>
    </p>
   </div>
   <div class='ocr_carea' id='block_1_2' title="bbox 45 234 1955 2581">
    <p class='ocr_par' dir='ltr' id='par_1_2' title="bbox 116 234 1952 542">
     <span class='ocr_line' id='line_1_2' title="bbox 124 234 1868 298; baseline -0.003 -14"><span class='ocrx_word' id='word_1_5' title='bbox 124 244 287 285; x_wconf 88' lang='lat' dir='ltr'>autem</span> <span class='ocrx_word' id='word_1_6' title='bbox 328 236 502 296; x_wconf 92' lang='lat' dir='ltr'>dictus,</span> <span class='ocrx_word' id='word_1_7' title='bbox 531 237 667 298; x_wconf 90' lang='lat' dir='ltr'>quod</span> <span class='ocrx_word' id='word_1_8' title='bbox 705 236 1007 284; x_wconf 84' lang='lat' dir='ltr'>adsciscatur</span> <span class='ocrx_word' id='word_1_9' title='bbox 1047 238 1112 285; x_wconf 90' lang='lat' dir='ltr'>ad</span> <span class='ocrx_word' id='word_1_10' title='bbox 1150 235 1434 297; x_wconf 91' lang='lat' dir='ltr'>augendum</span> <span class='ocrx_word' id='word_1_11' title='bbox 1475 249 1643 296; x_wconf 89' lang='lat' dir='ltr'>genus.</span> <span class='ocrx_word' id='word_1_12' title='bbox 1718 234 1868 282; x_wconf 87' lang='lat' dir='ltr'>Socer</span> 
     </span>
     <span class='ocr_line' id='line_1_3' title="bbox 116 313 1860 381; baseline -0.003 -16"><span class='ocrx_word' id='word_1_13' title='bbox 116 327 280 366; x_wconf 91' lang='lat' dir='ltr'>autern</span> <span class='ocrx_word' id='word_1_14' title='bbox 323 327 371 367; x_wconf 92' lang='lat' dir='ltr'>et</span> <span class='ocrx_word' id='word_1_15' title='bbox 409 334 591 376; x_wconf 88' lang='lat' dir='ltr'>socrus,</span> <span class='ocrx_word' id='word_1_16' title='bbox 632 319 766 379; x_wconf 89' lang='lat' dir='ltr'>quod</span> <span class='ocrx_word' id='word_1_17' title='bbox 815 334 1050 381; x_wconf 87' lang='lat' dir='ltr'>generum</span> <span class='ocrx_word' id='word_1_18' title='bbox 1094 318 1171 365; x_wconf 94' lang='lat' dir='ltr'>vel</span> <span class='ocrx_word' id='word_1_19' title='bbox 1219 333 1398 363; x_wconf 91' lang='lat' dir='ltr'>nurum</span> <span class='ocrx_word' id='word_1_20' title='bbox 1448 314 1541 362; x_wconf 88' lang='lat' dir='ltr'>sibi</span> <span class='ocrx_word' id='word_1_21' title='bbox 1587 313 1860 362; x_wconf 88' lang='lat' dir='ltr'>adsocient.</span> 
     </span>
     <span class='ocr_line' id='line_1_4' title="bbox 117 395 1952 465; baseline -0.002 -19"><span class='ocrx_word' id='word_1_22' title='bbox 117 399 330 448; x_wconf 88' lang='lat' dir='ltr'>Vitricus</span> <span class='ocrx_word' id='word_1_23' title='bbox 350 397 480 465; x_wconf 90' lang='lat' dir='ltr'>[est],</span> <span class='ocrx_word' id='word_1_24' title='bbox 508 398 591 461; x_wconf 89' lang='lat' dir='ltr'>qui</span> <span class='ocrx_word' id='word_1_25' title='bbox 616 415 818 447; x_wconf 87' lang='lat' dir='ltr'>uxorem</span> <span class='ocrx_word' id='word_1_26' title='bbox 843 415 901 446; x_wconf 88' lang='lat' dir='ltr'>ex</span> <span class='ocrx_word' id='word_1_27' title='bbox 915 398 1013 447; x_wconf 91' lang='lat' dir='ltr'>alio</span> <span class='ocrx_word' id='word_1_28' title='bbox 1029 398 1132 447; x_wconf 93' lang='lat' dir='ltr'>viro</span> <span class='ocrx_word' id='word_1_29' title='bbox 1151 396 1306 445; x_wconf 91' lang='lat' dir='ltr'>filium</span> <span class='ocrx_word' id='word_1_30' title='bbox 1324 405 1409 444; x_wconf 91' lang='lat' dir='ltr'>aut</span> <span class='ocrx_word' id='word_1_31' title='bbox 1424 397 1574 444; x_wconf 91' lang='lat' dir='ltr'>filiam</span> <span class='ocrx_word' id='word_1_32' title='bbox 1593 395 1862 443; x_wconf 82' lang='lat' dir='ltr'><strong>habentem</strong></span> <span class='ocrx_word' id='word_1_33' title='bbox 1885 407 1952 454; x_wconf 81' lang='lat'>20</span> 
     </span>
     <span class='ocr_line' id='line_1_5' title="bbox 116 478 1864 542; baseline -0.002 -14"><span class='ocrx_word' id='word_1_34' title='bbox 116 480 270 529; x_wconf 87' lang='lat' dir='ltr'>duxit.</span> <span class='ocrx_word' id='word_1_35' title='bbox 342 479 406 527; x_wconf 91' lang='lat' dir='ltr'>Et</span> <span class='ocrx_word' id='word_1_36' title='bbox 431 479 591 528; x_wconf 88' lang='lat' dir='ltr'>dictus</span> <span class='ocrx_word' id='word_1_37' title='bbox 617 479 813 528; x_wconf 88' lang='lat' dir='ltr'><strong>vitricus</strong></span> <span class='ocrx_word' id='word_1_38' title='bbox 841 479 981 542; x_wconf 84' lang='lat' dir='ltr'>quasi</span> <span class='ocrx_word' id='word_1_39' title='bbox 1006 478 1287 538; x_wconf 83' lang='lat' dir='ltr'>novitricus,</span> <span class='ocrx_word' id='word_1_40' title='bbox 1312 478 1448 540; x_wconf 88' lang='lat' dir='ltr'>quod</span> <span class='ocrx_word' id='word_1_41' title='bbox 1467 494 1496 524; x_wconf 90' lang='lat' dir='ltr'>a</span> <span class='ocrx_word' id='word_1_42' title='bbox 1522 486 1675 525; x_wconf 89' lang='lat' dir='ltr'>matre</span> <span class='ocrx_word' id='word_1_43' title='bbox 1702 494 1864 539; x_wconf 91' lang='lat' dir='ltr'>super-</span> 
     </span>
    </p>

    <p class='ocr_par' dir='ltr' id='par_1_3' title="bbox 69 559 1950 950">
     <span class='ocr_line' id='line_1_6' title="bbox 69 559 1943 623; baseline -0.002 -13"><span class='ocrx_word' id='word_1_44' title='bbox 69 576 92 616; x_wconf 84' lang='lat'>5</span> <span class='ocrx_word' id='word_1_45' title='bbox 116 563 321 610; x_wconf 88' lang='lat' dir='ltr'>ducatur</span> <span class='ocrx_word' id='word_1_46' title='bbox 354 578 527 610; x_wconf 90' lang='lat' dir='ltr'>novus.</span> <span class='ocrx_word' id='word_1_47' title='bbox 600 561 854 623; x_wconf 88' lang='lat' dir='ltr'>Privignus</span> <span class='ocrx_word' id='word_1_48' title='bbox 892 571 964 609; x_wconf 89' lang='lat' dir='ltr'>est</span> <span class='ocrx_word' id='word_1_49' title='bbox 997 562 1082 623; x_wconf 87' lang='lat' dir='ltr'>qui</span> <span class='ocrx_word' id='word_1_50' title='bbox 1115 578 1173 610; x_wconf 88' lang='lat' dir='ltr'>ex</span> <span class='ocrx_word' id='word_1_51' title='bbox 1204 559 1300 608; x_wconf 91' lang='lat' dir='ltr'>alio</span> <span class='ocrx_word' id='word_1_52' title='bbox 1334 567 1469 623; x_wconf 89' lang='lat' dir='ltr'>patre</span> <span class='ocrx_word' id='word_1_53' title='bbox 1503 567 1645 606; x_wconf 88' lang='lat' dir='ltr'>natus</span> <span class='ocrx_word' id='word_1_54' title='bbox 1677 567 1750 606; x_wconf 90' lang='lat' dir='ltr'>est</span> <span class='ocrx_word' id='word_1_55' title='bbox 1768 576 1781 618; x_wconf 78' lang='lat'><em>3</em></span> <span class='ocrx_word' id='word_1_56' title='bbox 1817 567 1865 606; x_wconf 88' lang='lat' dir='ltr'>et</span> <span class='ocrx_word' id='word_1_57' title='bbox 1887 573 1943 607; x_wconf 87' lang='lat'>21</span> 
     </span>
     <span class='ocr_line' id='line_1_7' title="bbox 115 639 1861 707; baseline -0.003 -16"><span class='ocrx_word' id='word_1_58' title='bbox 115 643 361 707; x_wconf 91' lang='lat' dir='ltr'>privignus</span> <span class='ocrx_word' id='word_1_59' title='bbox 402 643 500 692; x_wconf 90' lang='lat' dir='ltr'>dici</span> <span class='ocrx_word' id='word_1_60' title='bbox 539 651 738 707; x_wconf 88' lang='lat' dir='ltr'>putatur</span> <span class='ocrx_word' id='word_1_61' title='bbox 785 642 923 706; x_wconf 84' lang='lat' dir='ltr'>quasi</span> <span class='ocrx_word' id='word_1_62' title='bbox 972 642 1267 706; x_wconf 82' lang='lat' dir='ltr'>privigenus,</span> <span class='ocrx_word' id='word_1_63' title='bbox 1309 640 1425 704; x_wconf 86' lang='lat' dir='ltr'>quia</span> <span class='ocrx_word' id='word_1_64' title='bbox 1472 641 1605 703; x_wconf 87' lang='lat' dir='ltr'>prius</span> <span class='ocrx_word' id='word_1_65' title='bbox 1654 639 1861 703; x_wconf 88' lang='lat' dir='ltr'>genitus.</span> 
     </span>
     <span class='ocr_line' id='line_1_8' title="bbox 115 721 1950 787; baseline -0.001 -14"><span class='ocrx_word' id='word_1_66' title='bbox 115 727 262 773; x_wconf 90' lang='lat' dir='ltr'><strong>Vnde</strong></span> <span class='ocrx_word' id='word_1_67' title='bbox 288 735 334 773; x_wconf 91' lang='lat' dir='ltr'>et</span> <span class='ocrx_word' id='word_1_68' title='bbox 354 726 500 787; x_wconf 90' lang='lat' dir='ltr'>vulgo</span> <span class='ocrx_word' id='word_1_69' title='bbox 525 734 799 773; x_wconf 82' lang='lat' dir='ltr'>antenatus.</span> <span class='ocrx_word' id='word_1_70' title='bbox 873 724 1134 772; x_wconf 89' lang='lat' dir='ltr'>Vocabula</span> <span class='ocrx_word' id='word_1_71' title='bbox 1158 741 1186 771; x_wconf 91' lang='lat' dir='ltr'>a</span> <span class='ocrx_word' id='word_1_72' title='bbox 1210 732 1356 786; x_wconf 91' lang='lat' dir='ltr'>gente</span> <span class='ocrx_word' id='word_1_73' title='bbox 1382 724 1504 771; x_wconf 90' lang='lat' dir='ltr'>haec</span> <span class='ocrx_word' id='word_1_74' title='bbox 1531 721 1760 771; x_wconf 91' lang='lat' dir='ltr'>videntur</span> <span class='ocrx_word' id='word_1_75' title='bbox 1784 721 1866 770; x_wconf 88' lang='lat' dir='ltr'>de-</span> <span class='ocrx_word' id='word_1_76' title='bbox 1887 736 1950 771; x_wconf 83' lang='lat'>22</span> 
     </span>
     <span class='ocr_line' id='line_1_9' title="bbox 115 804 1864 869; baseline -0.002 -16"><span class='ocrx_word' id='word_1_77' title='bbox 115 806 322 854; x_wconf 86' lang='lat' dir='ltr'>clinata:</span> <span class='ocrx_word' id='word_1_78' title='bbox 361 805 565 869; x_wconf 89' lang='lat' dir='ltr'>genitor,</span> <span class='ocrx_word' id='word_1_79' title='bbox 604 805 836 868; x_wconf 85' lang='lat' dir='ltr'>genetrix,</span> <span class='ocrx_word' id='word_1_80' title='bbox 876 806 1055 868; x_wconf 85' lang='lat' dir='ltr'>agnati,</span> <span class='ocrx_word' id='word_1_81' title='bbox 1092 813 1311 867; x_wconf 85' lang='lat' dir='ltr'>agnatae,</span> <span class='ocrx_word' id='word_1_82' title='bbox 1353 804 1564 866; x_wconf 85' lang='lat' dir='ltr'>cognati,</span> <span class='ocrx_word' id='word_1_83' title='bbox 1610 810 1864 865; x_wconf 81' lang='lat' dir='ltr'>cognatae,</span> 
     </span>
     <span class='ocr_line' id='line_1_10' title="bbox 117 885 1950 950; baseline -0.003 -15"><span class='ocrx_word' id='word_1_84' title='bbox 117 887 462 950; x_wconf 89' lang='lat' dir='ltr'>progenitores,</span> <span class='ocrx_word' id='word_1_85' title='bbox 502 887 878 950; x_wconf 90' lang='lat' dir='ltr'>progenetrices‚</span> <span class='ocrx_word' id='word_1_86' title='bbox 929 885 1161 950; x_wconf 85' lang='lat' dir='ltr'>germani,</span> <span class='ocrx_word' id='word_1_87' title='bbox 1203 902 1479 948; x_wconf 89' lang='lat' dir='ltr'>germanae.</span> <span class='ocrx_word' id='word_1_88' title='bbox 1620 886 1756 932; x_wconf 83' lang='lat' dir='ltr'>ITEM</span> <span class='ocrx_word' id='word_1_89' title='bbox 1795 898 1865 931; x_wconf 83' lang='lat' dir='ltr'>DE</span> <span class='ocrx_word' id='word_1_90' title='bbox 1888 895 1950 942; x_wconf 87' lang='lat'>23</span> 
     </span>
    </p>

    <p class='ocr_par' dir='ltr' id='par_1_4' title="bbox 46 964 1866 1358">
     <span class='ocr_line' id='line_1_11' title="bbox 46 964 1862 1030; baseline -0.002 -14"><span class='ocrx_word' id='word_1_91' title='bbox 46 988 95 1017; x_wconf 89' lang='lat'>10</span> <span class='ocrx_word' id='word_1_92' title='bbox 117 983 424 1017; x_wconf 79' lang='lat' dir='ltr'>PRAEmCTrs</span> <span class='ocrx_word' id='word_1_93' title='bbox 449 983 858 1016; x_wconf 85' lang='lat' dir='ltr'>AFFINITATIBVS.</span> <span class='ocrx_word' id='word_1_94' title='bbox 899 971 1088 1016; x_wconf 89' lang='lat' dir='ltr'>Auctor</span> <span class='ocrx_word' id='word_1_95' title='bbox 1114 966 1210 1015; x_wconf 90' lang='lat' dir='ltr'>mei</span> <span class='ocrx_word' id='word_1_96' title='bbox 1241 966 1432 1030; x_wconf 89' lang='lat' dir='ltr'>generis</span> <span class='ocrx_word' id='word_1_97' title='bbox 1468 964 1588 1013; x_wconf 90' lang='lat' dir='ltr'>mihi</span> <span class='ocrx_word' id='word_1_98' title='bbox 1613 974 1750 1028; x_wconf 91' lang='lat' dir='ltr'>pater</span> <span class='ocrx_word' id='word_1_99' title='bbox 1776 975 1862 1030; x_wconf 75' lang='lat' dir='ltr'>est,</span> 
     </span>
     <span class='ocr_line' id='line_1_12' title="bbox 117 1045 1863 1113; baseline -0.003 -14"><span class='ocrx_word' id='word_1_100' title='bbox 117 1067 207 1113; x_wconf 88' lang='lat' dir='ltr'>ego</span> <span class='ocrx_word' id='word_1_101' title='bbox 231 1049 299 1098; x_wconf 91' lang='lat' dir='ltr'>illi</span> <span class='ocrx_word' id='word_1_102' title='bbox 326 1050 450 1098; x_wconf 90' lang='lat' dir='ltr'>filius</span> <span class='ocrx_word' id='word_1_103' title='bbox 476 1058 560 1098; x_wconf 87' lang='lat' dir='ltr'>aut</span> <span class='ocrx_word' id='word_1_104' title='bbox 585 1052 697 1099; x_wconf 87' lang='lat' dir='ltr'>filia.</span> <span class='ocrx_word' id='word_1_105' title='bbox 772 1049 927 1098; x_wconf 86' lang='lat' dir='ltr'>Patris</span> <span class='ocrx_word' id='word_1_106' title='bbox 959 1049 1056 1098; x_wconf 91' lang='lat' dir='ltr'>mei</span> <span class='ocrx_word' id='word_1_107' title='bbox 1086 1058 1222 1111; x_wconf 90' lang='lat' dir='ltr'>pater</span> <span class='ocrx_word' id='word_1_108' title='bbox 1254 1047 1375 1096; x_wconf 88' lang='lat' dir='ltr'>mihi</span> <span class='ocrx_word' id='word_1_109' title='bbox 1409 1065 1527 1095; x_wconf 87' lang='lat' dir='ltr'>avus</span> <span class='ocrx_word' id='word_1_110' title='bbox 1562 1057 1649 1107; x_wconf 89' lang='lat' dir='ltr'>est,</span> <span class='ocrx_word' id='word_1_111' title='bbox 1678 1064 1769 1110; x_wconf 90' lang='lat' dir='ltr'>ego</span> <span class='ocrx_word' id='word_1_112' title='bbox 1796 1045 1863 1094; x_wconf 89' lang='lat' dir='ltr'>illi</span> 
     </span>
     <span class='ocr_line' id='line_1_13' title="bbox 116 1129 1864 1195; baseline -0.002 -16"><span class='ocrx_word' id='word_1_113' title='bbox 116 1148 284 1194; x_wconf 91' lang='lat' dir='ltr'>nepos,</span> <span class='ocrx_word' id='word_1_114' title='bbox 326 1141 410 1179; x_wconf 92' lang='lat' dir='ltr'>aut</span> <span class='ocrx_word' id='word_1_115' title='bbox 452 1131 627 1195; x_wconf 89' lang='lat' dir='ltr'>neptis.</span> <span class='ocrx_word' id='word_1_116' title='bbox 722 1131 878 1179; x_wconf 92' lang='lat' dir='ltr'>Patris</span> <span class='ocrx_word' id='word_1_117' title='bbox 922 1130 1018 1179; x_wconf 91' lang='lat' dir='ltr'>mei</span> <span class='ocrx_word' id='word_1_118' title='bbox 1058 1147 1176 1178; x_wconf 88' lang='lat' dir='ltr'>avus</span> <span class='ocrx_word' id='word_1_119' title='bbox 1221 1129 1343 1178; x_wconf 92' lang='lat' dir='ltr'>mihi</span> <span class='ocrx_word' id='word_1_120' title='bbox 1387 1145 1596 1191; x_wconf 91' lang='lat' dir='ltr'>proavus</span> <span class='ocrx_word' id='word_1_121' title='bbox 1641 1138 1726 1188; x_wconf 92' lang='lat' dir='ltr'>est,</span> <span class='ocrx_word' id='word_1_122' title='bbox 1772 1144 1864 1190; x_wconf 90' lang='lat' dir='ltr'>ego</span> 
     </span>
     <span class='ocr_line' id='line_1_14' title="bbox 117 1209 1865 1277; baseline -0.002 -17"><span class='ocrx_word' id='word_1_123' title='bbox 117 1212 184 1260; x_wconf 90' lang='lat' dir='ltr'>illi</span> <span class='ocrx_word' id='word_1_124' title='bbox 217 1230 476 1277; x_wconf 87' lang='lat' dir='ltr'>pronepos,</span> <span class='ocrx_word' id='word_1_125' title='bbox 512 1223 596 1261; x_wconf 90' lang='lat' dir='ltr'>aut</span> <span class='ocrx_word' id='word_1_126' title='bbox 626 1212 890 1276; x_wconf 89' lang='lat' dir='ltr'>proneptis.</span> <span class='ocrx_word' id='word_1_127' title='bbox 967 1211 1121 1260; x_wconf 89' lang='lat' dir='ltr'>Patris</span> <span class='ocrx_word' id='word_1_128' title='bbox 1158 1211 1256 1259; x_wconf 91' lang='lat' dir='ltr'>mei</span> <span class='ocrx_word' id='word_1_129' title='bbox 1290 1228 1499 1274; x_wconf 87' lang='lat' dir='ltr'>proavus</span> <span class='ocrx_word' id='word_1_130' title='bbox 1530 1209 1651 1258; x_wconf 90' lang='lat' dir='ltr'>mihi</span> <span class='ocrx_word' id='word_1_131' title='bbox 1680 1210 1865 1258; x_wconf 88' lang='lat' dir='ltr'>abavus</span> 
     </span>
     <span class='ocr_line' id='line_1_15' title="bbox 117 1291 1866 1358; baseline -0.002 -15"><span class='ocrx_word' id='word_1_132' title='bbox 117 1303 202 1354; x_wconf 88' lang='lat' dir='ltr'>est,</span> <span class='ocrx_word' id='word_1_133' title='bbox 242 1311 333 1358; x_wconf 88' lang='lat' dir='ltr'>ego</span> <span class='ocrx_word' id='word_1_134' title='bbox 370 1294 436 1342; x_wconf 92' lang='lat' dir='ltr'>illi</span> <span class='ocrx_word' id='word_1_135' title='bbox 473 1295 710 1357; x_wconf 87' lang='lat' dir='ltr'>abnepos,</span> <span class='ocrx_word' id='word_1_136' title='bbox 748 1304 831 1343; x_wconf 91' lang='lat' dir='ltr'>aut</span> <span class='ocrx_word' id='word_1_137' title='bbox 867 1293 1108 1356; x_wconf 88' lang='lat' dir='ltr'>abneptis.</span> <span class='ocrx_word' id='word_1_138' title='bbox 1184 1293 1340 1341; x_wconf 87' lang='lat' dir='ltr'>Patris</span> <span class='ocrx_word' id='word_1_139' title='bbox 1381 1294 1477 1341; x_wconf 92' lang='lat' dir='ltr'>mei</span> <span class='ocrx_word' id='word_1_140' title='bbox 1520 1293 1704 1341; x_wconf 87' lang='lat' dir='ltr'>abavus</span> <span class='ocrx_word' id='word_1_141' title='bbox 1745 1291 1866 1339; x_wconf 90' lang='lat' dir='ltr'>mihi</span> 
     </span>
    </p>

    <p class='ocr_par' dir='ltr' id='par_1_5' title="bbox 45 1373 1951 1764">
     <span class='ocr_line' id='line_1_16' title="bbox 45 1373 1864 1441; baseline -0.001 -19"><span class='ocrx_word' id='word_1_142' title='bbox 45 1394 92 1434; x_wconf 86' lang='lat'>15</span> <span class='ocrx_word' id='word_1_143' title='bbox 117 1386 284 1425; x_wconf 88' lang='lat' dir='ltr'>atavus</span> <span class='ocrx_word' id='word_1_144' title='bbox 322 1387 407 1436; x_wconf 89' lang='lat' dir='ltr'>est,</span> <span class='ocrx_word' id='word_1_145' title='bbox 447 1393 539 1441; x_wconf 90' lang='lat' dir='ltr'>ego</span> <span class='ocrx_word' id='word_1_146' title='bbox 572 1376 638 1424; x_wconf 90' lang='lat' dir='ltr'>illi</span> <span class='ocrx_word' id='word_1_147' title='bbox 672 1378 909 1440; x_wconf 89' lang='lat' dir='ltr'>adnepos,</span> <span class='ocrx_word' id='word_1_148' title='bbox 937 1384 1020 1423; x_wconf 89' lang='lat' dir='ltr'>aut</span> <span class='ocrx_word' id='word_1_149' title='bbox 1058 1374 1299 1438; x_wconf 89' lang='lat' dir='ltr'>adneptis.</span> <span class='ocrx_word' id='word_1_150' title='bbox 1376 1373 1531 1423; x_wconf 88' lang='lat' dir='ltr'>Patris</span> <span class='ocrx_word' id='word_1_151' title='bbox 1560 1373 1657 1422; x_wconf 89' lang='lat' dir='ltr'>mei</span> <span class='ocrx_word' id='word_1_152' title='bbox 1694 1383 1864 1421; x_wconf 89' lang='lat' dir='ltr'>atavus</span> 
     </span>
     <span class='ocr_line' id='line_1_17' title="bbox 118 1456 1951 1522; baseline -0.002 -17"><span class='ocrx_word' id='word_1_153' title='bbox 118 1457 238 1505; x_wconf 93' lang='lat' dir='ltr'>mihi</span> <span class='ocrx_word' id='word_1_154' title='bbox 255 1460 456 1507; x_wconf 87' lang='lat' dir='ltr'>tritavus</span> <span class='ocrx_word' id='word_1_155' title='bbox 478 1468 564 1518; x_wconf 90' lang='lat' dir='ltr'>est,</span> <span class='ocrx_word' id='word_1_156' title='bbox 586 1475 677 1522; x_wconf 90' lang='lat' dir='ltr'>ego</span> <span class='ocrx_word' id='word_1_157' title='bbox 696 1458 764 1506; x_wconf 88' lang='lat' dir='ltr'>illi</span> <span class='ocrx_word' id='word_1_158' title='bbox 781 1458 1014 1521; x_wconf 89' lang='lat' dir='ltr'>trinepos,</span> <span class='ocrx_word' id='word_1_159' title='bbox 1032 1467 1116 1505; x_wconf 90' lang='lat' dir='ltr'>aut</span> <span class='ocrx_word' id='word_1_160' title='bbox 1142 1456 1379 1520; x_wconf 90' lang='lat' dir='ltr'>trineptis.</span> <span class='ocrx_word' id='word_1_161' title='bbox 1522 1458 1605 1503; x_wconf 83' lang='lat' dir='ltr'>DE</span> <span class='ocrx_word' id='word_1_162' title='bbox 1631 1469 1861 1502; x_wconf 78' lang='lat' dir='ltr'>PATRvis.</span> <span class='ocrx_word' id='word_1_163' title='bbox 1887 1475 1951 1522; x_wconf 86' lang='lat'>24</span> 
     </span>
     <span class='ocr_line' id='line_1_18' title="bbox 118 1536 1866 1603; baseline -0.002 -16"><span class='ocrx_word' id='word_1_164' title='bbox 118 1541 273 1588; x_wconf 87' lang='lat' dir='ltr'>Patris</span> <span class='ocrx_word' id='word_1_165' title='bbox 300 1541 396 1588; x_wconf 89' lang='lat' dir='ltr'>mei</span> <span class='ocrx_word' id='word_1_166' title='bbox 423 1542 568 1589; x_wconf 89' lang='lat' dir='ltr'>frater</span> <span class='ocrx_word' id='word_1_167' title='bbox 593 1539 714 1587; x_wconf 90' lang='lat' dir='ltr'>mihi</span> <span class='ocrx_word' id='word_1_168' title='bbox 740 1550 942 1603; x_wconf 91' lang='lat' dir='ltr'>patruus</span> <span class='ocrx_word' id='word_1_169' title='bbox 969 1548 1055 1597; x_wconf 88' lang='lat' dir='ltr'>est,</span> <span class='ocrx_word' id='word_1_170' title='bbox 1079 1554 1171 1602; x_wconf 88' lang='lat' dir='ltr'>ego</span> <span class='ocrx_word' id='word_1_171' title='bbox 1197 1537 1265 1586; x_wconf 87' lang='lat' dir='ltr'>illi</span> <span class='ocrx_word' id='word_1_172' title='bbox 1290 1538 1446 1586; x_wconf 89' lang='lat' dir='ltr'>fratris</span> <span class='ocrx_word' id='word_1_173' title='bbox 1474 1537 1614 1597; x_wconf 87' lang='lat' dir='ltr'>filius,</span> <span class='ocrx_word' id='word_1_174' title='bbox 1643 1546 1727 1585; x_wconf 90' lang='lat' dir='ltr'>aut</span> <span class='ocrx_word' id='word_1_175' title='bbox 1753 1536 1866 1584; x_wconf 85' lang='lat' dir='ltr'>filia.</span> 
     </span>
     <span class='ocr_line' id='line_1_19' title="bbox 120 1617 1865 1685; baseline -0.002 -17"><span class='ocrx_word' id='word_1_176' title='bbox 120 1620 283 1668; x_wconf 93' lang='lat' dir='ltr'>Patrui</span> <span class='ocrx_word' id='word_1_177' title='bbox 310 1621 406 1670; x_wconf 89' lang='lat' dir='ltr'>mei</span> <span class='ocrx_word' id='word_1_178' title='bbox 433 1631 569 1684; x_wconf 90' lang='lat' dir='ltr'>pater</span> <span class='ocrx_word' id='word_1_179' title='bbox 595 1621 715 1669; x_wconf 92' lang='lat' dir='ltr'>mihi</span> <span class='ocrx_word' id='word_1_180' title='bbox 741 1631 876 1685; x_wconf 91' lang='lat' dir='ltr'>pater</span> <span class='ocrx_word' id='word_1_181' title='bbox 910 1637 1116 1684; x_wconf 90' lang='lat' dir='ltr'>magnus</span> <span class='ocrx_word' id='word_1_182' title='bbox 1149 1630 1234 1679; x_wconf 91' lang='lat' dir='ltr'>est,</span> <span class='ocrx_word' id='word_1_183' title='bbox 1265 1636 1355 1683; x_wconf 90' lang='lat' dir='ltr'>ego</span> <span class='ocrx_word' id='word_1_184' title='bbox 1390 1618 1458 1666; x_wconf 90' lang='lat' dir='ltr'>illi</span> <span class='ocrx_word' id='word_1_185' title='bbox 1491 1618 1590 1679; x_wconf 87' lang='lat' dir='ltr'>filii,</span> <span class='ocrx_word' id='word_1_186' title='bbox 1619 1629 1703 1667; x_wconf 91' lang='lat' dir='ltr'>aut</span> <span class='ocrx_word' id='word_1_187' title='bbox 1738 1617 1865 1666; x_wconf 87' lang='lat' dir='ltr'>filiae</span> 
     </span>
     <span class='ocr_line' id='line_1_20' title="bbox 117 1700 1865 1764; baseline -0.001 -16"><span class='ocrx_word' id='word_1_188' title='bbox 117 1702 272 1749; x_wconf 87' lang='lat' dir='ltr'>frat1is</span> <span class='ocrx_word' id='word_1_189' title='bbox 298 1701 439 1762; x_wconf 88' lang='lat' dir='ltr'>filius,</span> <span class='ocrx_word' id='word_1_190' title='bbox 467 1712 551 1750; x_wconf 90' lang='lat' dir='ltr'>aut</span> <span class='ocrx_word' id='word_1_191' title='bbox 578 1702 690 1751; x_wconf 90' lang='lat' dir='ltr'>filia.</span> <span class='ocrx_word' id='word_1_192' title='bbox 747 1701 911 1750; x_wconf 88' lang='lat' dir='ltr'>Patrui</span> <span class='ocrx_word' id='word_1_193' title='bbox 938 1700 1034 1750; x_wconf 92' lang='lat' dir='ltr'>mei</span> <span class='ocrx_word' id='word_1_194' title='bbox 1059 1718 1177 1749; x_wconf 88' lang='lat' dir='ltr'>avus</span> <span class='ocrx_word' id='word_1_195' title='bbox 1204 1702 1325 1748; x_wconf 89' lang='lat' dir='ltr'>mihi</span> <span class='ocrx_word' id='word_1_196' title='bbox 1350 1709 1642 1764; x_wconf 91' lang='lat' dir='ltr'>propatruus</span> <span class='ocrx_word' id='word_1_197' title='bbox 1668 1708 1754 1759; x_wconf 90' lang='lat' dir='ltr'>est,</span> <span class='ocrx_word' id='word_1_198' title='bbox 1774 1715 1865 1762; x_wconf 90' lang='lat' dir='ltr'>ego</span> 
     </span>
    </p>

    <p class='ocr_par' dir='ltr' id='par_1_6' title="bbox 46 1781 1953 2171">
     <span class='ocr_line' id='line_1_21' title="bbox 46 1781 1865 1848; baseline 0.001 -19"><span class='ocrx_word' id='word_1_199' title='bbox 46 1802 95 1831; x_wconf 82' lang='lat'>20</span> <span class='ocrx_word' id='word_1_200' title='bbox 116 1781 184 1830; x_wconf 92' lang='lat' dir='ltr'>illi</span> <span class='ocrx_word' id='word_1_201' title='bbox 223 1783 320 1844; x_wconf 90' lang='lat' dir='ltr'>filii,</span> <span class='ocrx_word' id='word_1_202' title='bbox 360 1793 444 1832; x_wconf 90' lang='lat' dir='ltr'>aut</span> <span class='ocrx_word' id='word_1_203' title='bbox 481 1785 609 1832; x_wconf 91' lang='lat' dir='ltr'>filiae</span> <span class='ocrx_word' id='word_1_204' title='bbox 644 1794 728 1832; x_wconf 91' lang='lat' dir='ltr'>aut</span> <span class='ocrx_word' id='word_1_205' title='bbox 764 1801 932 1848; x_wconf 90' lang='lat' dir='ltr'>nepos,</span> <span class='ocrx_word' id='word_1_206' title='bbox 971 1793 1055 1831; x_wconf 89' lang='lat' dir='ltr'>aut</span> <span class='ocrx_word' id='word_1_207' title='bbox 1084 1781 1258 1845; x_wconf 91' lang='lat' dir='ltr'>neptis.</span> <span class='ocrx_word' id='word_1_208' title='bbox 1333 1781 1499 1830; x_wconf 90' lang='lat' dir='ltr'>Patrui</span> <span class='ocrx_word' id='word_1_209' title='bbox 1527 1781 1626 1829; x_wconf 89' lang='lat' dir='ltr'>mei</span> <span class='ocrx_word' id='word_1_210' title='bbox 1655 1798 1865 1844; x_wconf 89' lang='lat' dir='ltr'>proavus</span> 
     </span>
     <span class='ocr_line' id='line_1_22' title="bbox 120 1862 1861 1929; baseline -0.002 -16"><span class='ocrx_word' id='word_1_211' title='bbox 120 1864 237 1913; x_wconf 91' lang='lat' dir='ltr'>mihi</span> <span class='ocrx_word' id='word_1_212' title='bbox 274 1866 542 1928; x_wconf 90' lang='lat' dir='ltr'>adpatruus</span> <span class='ocrx_word' id='word_1_213' title='bbox 580 1875 667 1926; x_wconf 88' lang='lat' dir='ltr'>est,</span> <span class='ocrx_word' id='word_1_214' title='bbox 704 1883 796 1929; x_wconf 89' lang='lat' dir='ltr'>ego</span> <span class='ocrx_word' id='word_1_215' title='bbox 831 1864 900 1912; x_wconf 90' lang='lat' dir='ltr'>illi</span> <span class='ocrx_word' id='word_1_216' title='bbox 933 1864 1143 1927; x_wconf 90' lang='lat' dir='ltr'>nepotis,</span> <span class='ocrx_word' id='word_1_217' title='bbox 1171 1874 1255 1911; x_wconf 91' lang='lat' dir='ltr'>aut</span> <span class='ocrx_word' id='word_1_218' title='bbox 1285 1865 1446 1927; x_wconf 88' lang='lat' dir='ltr'>neptis</span> <span class='ocrx_word' id='word_1_219' title='bbox 1473 1862 1614 1923; x_wconf 89' lang='lat' dir='ltr'>filius,</span> <span class='ocrx_word' id='word_1_220' title='bbox 1640 1873 1724 1911; x_wconf 91' lang='lat' dir='ltr'>aut</span> <span class='ocrx_word' id='word_1_221' title='bbox 1751 1862 1861 1910; x_wconf 90' lang='lat' dir='ltr'>filia.</span> 
     </span>
     <span class='ocr_line' id='line_1_23' title="bbox 119 1934 1953 2008; baseline 0 -15"><span class='ocrx_word' id='word_1_222' title='bbox 119 1949 202 1994; x_wconf 83' lang='lat' dir='ltr'>DE</span> <span class='ocrx_word' id='word_1_223' title='bbox 227 1961 418 1995; x_wconf 83' lang='lat' dir='ltr'>AMlTls.</span> <span class='ocrx_word' id='word_1_224' title='bbox 460 1947 615 1995; x_wconf 92' lang='lat' dir='ltr'>Patris</span> <span class='ocrx_word' id='word_1_225' title='bbox 634 1950 730 1996; x_wconf 91' lang='lat' dir='ltr'>mei</span> <span class='ocrx_word' id='word_1_226' title='bbox 747 1964 882 1995; x_wconf 92' lang='lat' dir='ltr'>soror</span> <span class='ocrx_word' id='word_1_227' title='bbox 908 1945 1028 1994; x_wconf 86' lang='lat' dir='ltr'>mihi</span> <span class='ocrx_word' id='word_1_228' title='bbox 1054 1945 1204 1994; x_wconf 90' lang='lat' dir='ltr'>amita</span> <span class='ocrx_word' id='word_1_229' title='bbox 1230 1934 1317 2005; x_wconf 78' lang='lat' dir='ltr'>est,</span> <span class='ocrx_word' id='word_1_230' title='bbox 1339 1962 1430 2008; x_wconf 89' lang='lat' dir='ltr'>ego</span> <span class='ocrx_word' id='word_1_231' title='bbox 1456 1945 1523 1993; x_wconf 89' lang='lat' dir='ltr'>illi</span> <span class='ocrx_word' id='word_1_232' title='bbox 1543 1945 1700 1994; x_wconf 89' lang='lat' dir='ltr'>fratris</span> <span class='ocrx_word' id='word_1_233' title='bbox 1721 1945 1860 2004; x_wconf 88' lang='lat' dir='ltr'>filius,</span> <span class='ocrx_word' id='word_1_234' title='bbox 1887 1958 1953 2006; x_wconf 85' lang='lat'>25</span> 
     </span>
     <span class='ocr_line' id='line_1_24' title="bbox 117 2027 1864 2090; baseline -0.001 -15"><span class='ocrx_word' id='word_1_235' title='bbox 117 2037 200 2076; x_wconf 92' lang='lat' dir='ltr'>aut</span> <span class='ocrx_word' id='word_1_236' title='bbox 237 2029 348 2076; x_wconf 90' lang='lat' dir='ltr'>filia.</span> <span class='ocrx_word' id='word_1_237' title='bbox 422 2027 619 2077; x_wconf 88' lang='lat' dir='ltr'>Amitae</span> <span class='ocrx_word' id='word_1_238' title='bbox 649 2045 789 2077; x_wconf 90' lang='lat' dir='ltr'>meae</span> <span class='ocrx_word' id='word_1_239' title='bbox 821 2039 974 2076; x_wconf 90' lang='lat' dir='ltr'>mater</span> <span class='ocrx_word' id='word_1_240' title='bbox 1011 2027 1131 2075; x_wconf 88' lang='lat' dir='ltr'>mihi</span> <span class='ocrx_word' id='word_1_241' title='bbox 1161 2029 1312 2076; x_wconf 88' lang='lat' dir='ltr'>amita</span> <span class='ocrx_word' id='word_1_242' title='bbox 1347 2044 1525 2090; x_wconf 88' lang='lat' dir='ltr'>magna</span> <span class='ocrx_word' id='word_1_243' title='bbox 1558 2036 1643 2086; x_wconf 89' lang='lat' dir='ltr'>est,</span> <span class='ocrx_word' id='word_1_244' title='bbox 1672 2044 1763 2090; x_wconf 88' lang='lat' dir='ltr'>ego</span> <span class='ocrx_word' id='word_1_245' title='bbox 1797 2027 1864 2075; x_wconf 91' lang='lat' dir='ltr'>illi</span> 
     </span>
     <span class='ocr_line' id='line_1_25' title="bbox 118 2107 1866 2171; baseline 0.001 -15"><span class='ocrx_word' id='word_1_246' title='bbox 118 2109 245 2158; x_wconf 89' lang='lat' dir='ltr'>filiae</span> <span class='ocrx_word' id='word_1_247' title='bbox 270 2108 426 2157; x_wconf 88' lang='lat' dir='ltr'>fratris</span> <span class='ocrx_word' id='word_1_248' title='bbox 462 2111 602 2168; x_wconf 91' lang='lat' dir='ltr'>filius,</span> <span class='ocrx_word' id='word_1_249' title='bbox 636 2119 719 2157; x_wconf 89' lang='lat' dir='ltr'>aut</span> <span class='ocrx_word' id='word_1_250' title='bbox 747 2109 858 2157; x_wconf 89' lang='lat' dir='ltr'>filia.</span> <span class='ocrx_word' id='word_1_251' title='bbox 932 2108 1129 2157; x_wconf 89' lang='lat' dir='ltr'>Amitae</span> <span class='ocrx_word' id='word_1_252' title='bbox 1161 2125 1299 2157; x_wconf 91' lang='lat' dir='ltr'>meae</span> <span class='ocrx_word' id='word_1_253' title='bbox 1333 2110 1441 2156; x_wconf 91' lang='lat' dir='ltr'>avia</span> <span class='ocrx_word' id='word_1_254' title='bbox 1474 2107 1594 2155; x_wconf 84' lang='lat' dir='ltr'>mihi</span> <span class='ocrx_word' id='word_1_255' title='bbox 1625 2110 1866 2171; x_wconf 85' lang='lat' dir='ltr'>proamita</span> 
     </span>
    </p>

    <p class='ocr_par' dir='ltr' id='par_1_7' title="bbox 47 2188 1955 2581">
     <span class='ocr_line' id='line_1_26' title="bbox 47 2188 1866 2253; baseline 0.001 -15"><span class='ocrx_word' id='word_1_256' title='bbox 47 2209 95 2249; x_wconf 83' lang='lat'>²5</span> <span class='ocrx_word' id='word_1_257' title='bbox 118 2200 204 2249; x_wconf 89' lang='lat' dir='ltr'>est,</span> <span class='ocrx_word' id='word_1_258' title='bbox 242 2207 332 2253; x_wconf 87' lang='lat' dir='ltr'>ego</span> <span class='ocrx_word' id='word_1_259' title='bbox 365 2190 433 2238; x_wconf 91' lang='lat' dir='ltr'>illi</span> <span class='ocrx_word' id='word_1_260' title='bbox 466 2190 662 2253; x_wconf 92' lang='lat' dir='ltr'>nepotis</span> <span class='ocrx_word' id='word_1_261' title='bbox 693 2200 777 2239; x_wconf 91' lang='lat' dir='ltr'>aut</span> <span class='ocrx_word' id='word_1_262' title='bbox 812 2189 974 2253; x_wconf 89' lang='lat' dir='ltr'>neptis</span> <span class='ocrx_word' id='word_1_263' title='bbox 1010 2189 1150 2249; x_wconf 89' lang='lat' dir='ltr'>filius,</span> <span class='ocrx_word' id='word_1_264' title='bbox 1185 2198 1269 2237; x_wconf 90' lang='lat' dir='ltr'>aut</span> <span class='ocrx_word' id='word_1_265' title='bbox 1305 2188 1416 2237; x_wconf 84' lang='lat' dir='ltr'>filia.</span> <span class='ocrx_word' id='word_1_266' title='bbox 1490 2189 1688 2238; x_wconf 91' lang='lat' dir='ltr'>Amitae</span> <span class='ocrx_word' id='word_1_267' title='bbox 1725 2207 1866 2239; x_wconf 89' lang='lat' dir='ltr'>meae</span> 
     </span>
     <span class='ocr_line' id='line_1_27' title="bbox 117 2270 1864 2335; baseline 0.001 -16"><span class='ocrx_word' id='word_1_268' title='bbox 117 2270 314 2335; x_wconf 90' lang='lat' dir='ltr'>proavia</span> <span class='ocrx_word' id='word_1_269' title='bbox 339 2270 459 2319; x_wconf 89' lang='lat' dir='ltr'>mihi</span> <span class='ocrx_word' id='word_1_270' title='bbox 484 2272 702 2320; x_wconf 90' lang='lat' dir='ltr'>abamita</span> <span class='ocrx_word' id='word_1_271' title='bbox 727 2282 813 2333; x_wconf 90' lang='lat' dir='ltr'>est,</span> <span class='ocrx_word' id='word_1_272' title='bbox 843 2289 934 2335; x_wconf 88' lang='lat' dir='ltr'>ego</span> <span class='ocrx_word' id='word_1_273' title='bbox 968 2272 1035 2319; x_wconf 92' lang='lat' dir='ltr'>illi</span> <span class='ocrx_word' id='word_1_274' title='bbox 1063 2271 1271 2335; x_wconf 91' lang='lat' dir='ltr'>nepotis,</span> <span class='ocrx_word' id='word_1_275' title='bbox 1298 2280 1382 2318; x_wconf 92' lang='lat' dir='ltr'>aut</span> <span class='ocrx_word' id='word_1_276' title='bbox 1416 2270 1577 2334; x_wconf 90' lang='lat' dir='ltr'>neptis</span> <span class='ocrx_word' id='word_1_277' title='bbox 1611 2271 1752 2332; x_wconf 90' lang='lat' dir='ltr'>filius,</span> <span class='ocrx_word' id='word_1_278' title='bbox 1781 2282 1864 2320; x_wconf 91' lang='lat' dir='ltr'>aut</span> 
     </span>
     <span class='ocr_line' id='line_1_28' title="bbox 119 2352 1955 2414; baseline 0.001 -14"><span class='ocrx_word' id='word_1_279' title='bbox 119 2352 229 2401; x_wconf 89' lang='lat' dir='ltr'>filia.</span> <span class='ocrx_word' id='word_1_280' title='bbox 373 2356 455 2401; x_wconf 85' lang='lat' dir='ltr'>DE</span> <span class='ocrx_word' id='word_1_281' title='bbox 482 2369 788 2402; x_wconf 73' lang='lat' dir='ltr'>AVVchms.</span> <span class='ocrx_word' id='word_1_282' title='bbox 830 2355 1005 2402; x_wconf 88' lang='lat' dir='ltr'>Matris</span> <span class='ocrx_word' id='word_1_283' title='bbox 1025 2369 1163 2402; x_wconf 92' lang='lat' dir='ltr'>meae</span> <span class='ocrx_word' id='word_1_284' title='bbox 1179 2355 1324 2401; x_wconf 86' lang='lat' dir='ltr'>frater</span> <span class='ocrx_word' id='word_1_285' title='bbox 1343 2352 1465 2400; x_wconf 89' lang='lat' dir='ltr'>mihi</span> <span class='ocrx_word' id='word_1_286' title='bbox 1481 2355 1754 2402; x_wconf 88' lang='lat' dir='ltr'>avunculus</span> <span class='ocrx_word' id='word_1_287' title='bbox 1775 2363 1861 2414; x_wconf 90' lang='lat' dir='ltr'>est,</span> <span class='ocrx_word' id='word_1_288' title='bbox 1887 2356 1955 2402; x_wconf 87' lang='lat'>26</span> 
     </span>
     <span class='ocr_line' id='line_1_29' title="bbox 118 2433 1864 2498; baseline 0 -14"><span class='ocrx_word' id='word_1_289' title='bbox 118 2452 210 2498; x_wconf 86' lang='lat' dir='ltr'>ego</span> <span class='ocrx_word' id='word_1_290' title='bbox 235 2434 302 2482; x_wconf 91' lang='grc'><strong>1111</strong></span> <span class='ocrx_word' id='word_1_291' title='bbox 328 2434 505 2483; x_wconf 91' lang='lat' dir='ltr'>sororis</span> <span class='ocrx_word' id='word_1_292' title='bbox 530 2434 674 2496; x_wconf 86' lang='lat' dir='ltr'>filius,</span> <span class='ocrx_word' id='word_1_293' title='bbox 700 2445 783 2484; x_wconf 89' lang='lat' dir='ltr'>aut</span> <span class='ocrx_word' id='word_1_294' title='bbox 810 2436 920 2483; x_wconf 91' lang='lat' dir='ltr'>filia.</span> <span class='ocrx_word' id='word_1_295' title='bbox 994 2433 1243 2483; x_wconf 89' lang='lat' dir='ltr'>Avunculi</span> <span class='ocrx_word' id='word_1_296' title='bbox 1272 2434 1368 2483; x_wconf 93' lang='lat' dir='ltr'>mei</span> <span class='ocrx_word' id='word_1_297' title='bbox 1402 2444 1539 2497; x_wconf 89' lang='lat' dir='ltr'>pater</span> <span class='ocrx_word' id='word_1_298' title='bbox 1572 2434 1693 2483; x_wconf 90' lang='lat' dir='ltr'>mihi</span> <span class='ocrx_word' id='word_1_299' title='bbox 1717 2452 1864 2484; x_wconf 88' lang='lat' dir='ltr'>avun-</span> 
     </span>
     <span class='ocr_line' id='line_1_30' title="bbox 119 2515 1865 2581; baseline -0.001 -16"><span class='ocrx_word' id='word_1_300' title='bbox 119 2518 257 2565; x_wconf 82' lang='lat' dir='ltr'>culus</span> <span class='ocrx_word' id='word_1_301' title='bbox 283 2533 489 2580; x_wconf 89' lang='lat' dir='ltr'>magnus</span> <span class='ocrx_word' id='word_1_302' title='bbox 515 2526 601 2578; x_wconf 91' lang='lat' dir='ltr'>est,</span> <span class='ocrx_word' id='word_1_303' title='bbox 630 2533 722 2581; x_wconf 86' lang='lat' dir='ltr'>ego</span> <span class='ocrx_word' id='word_1_304' title='bbox 747 2517 815 2564; x_wconf 91' lang='lat' dir='ltr'>illi</span> <span class='ocrx_word' id='word_1_305' title='bbox 846 2517 931 2564; x_wconf 88' lang='lat' dir='ltr'>filii</span> <span class='ocrx_word' id='word_1_306' title='bbox 965 2515 1142 2565; x_wconf 91' lang='lat' dir='ltr'>sororis</span> <span class='ocrx_word' id='word_1_307' title='bbox 1173 2515 1315 2576; x_wconf 84' lang='lat' dir='ltr'>filius,</span> <span class='ocrx_word' id='word_1_308' title='bbox 1343 2525 1426 2564; x_wconf 91' lang='lat' dir='ltr'>aut</span> <span class='ocrx_word' id='word_1_309' title='bbox 1451 2515 1564 2564; x_wconf 90' lang='lat' dir='ltr'>filia.</span> <span class='ocrx_word' id='word_1_310' title='bbox 1617 2517 1865 2566; x_wconf 86' lang='lat' dir='ltr'>Avunculi</span> 
     </span>
    </p>
   </div>
   <div class='ocr_carea' id='block_1_3' title="bbox 120 2645 1866 2972">
    <p class='ocr_par' dir='ltr' id='par_1_8' title="bbox 120 2645 1866 2972">
     <span class='ocr_line' id='line_1_31' title="bbox 178 2645 1864 2687; baseline 0.001 -2"><span class='ocrx_word' id='word_1_311' title='bbox 178 2659 195 2684; x_wconf 94' lang='lat'>1</span> <span class='ocrx_word' id='word_1_312' title='bbox 228 2647 498 2685; x_wconf 87' lang='lat' dir='ltr'>adisciscatur</span> <span class='ocrx_word' id='word_1_313' title='bbox 526 2646 563 2684; x_wconf 91' lang='lat' dir='ltr'><em>T</em></span> <span class='ocrx_word' id='word_1_314' title='bbox 686 2659 879 2686; x_wconf 89' lang='lat' dir='ltr'>socerum</span> <span class='ocrx_word' id='word_1_315' title='bbox 900 2659 1006 2686; x_wconf 85' lang='lat' dir='ltr'>socr.</span> <span class='ocrx_word' id='word_1_316' title='bbox 1031 2645 1089 2684; x_wconf 77' lang='grc' dir='ltr'>Κ1</span> <span class='ocrx_word' id='word_1_317' title='bbox 1201 2659 1224 2683; x_wconf 82' lang='grc'><strong>2</strong></span> <span class='ocrx_word' id='word_1_318' title='bbox 1255 2647 1473 2685; x_wconf 88' lang='lat' dir='ltr'>adsociant</span> <span class='ocrx_word' id='word_1_319' title='bbox 1493 2646 1559 2685; x_wconf 87' lang='lat' dir='ltr'>B:</span> <span class='ocrx_word' id='word_1_320' title='bbox 1590 2648 1778 2687; x_wconf 87' lang='lat' dir='ltr'>adsociat</span> <span class='ocrx_word' id='word_1_321' title='bbox 1806 2647 1864 2686; x_wconf 89' lang='lat' dir='ltr'>T:</span> 
     </span>
     <span class='ocr_line' id='line_1_32' title="bbox 120 2699 1865 2753; baseline -0.001 -13"><span class='ocrx_word' id='word_1_322' title='bbox 120 2701 351 2740; x_wconf 80' lang='lat' dir='ltr'>adsociabit</span> <span class='ocrx_word' id='word_1_323' title='bbox 373 2701 488 2750; x_wconf 85' lang='lat' dir='ltr'>(corr.</span> <span class='ocrx_word' id='word_1_324' title='bbox 514 2701 607 2753; x_wconf 81' lang='lat' dir='ltr'>-vit)</span> <span class='ocrx_word' id='word_1_325' title='bbox 633 2701 667 2739; x_wconf 90' lang='lat' dir='ltr'><em>C</em></span> <span class='ocrx_word' id='word_1_326' title='bbox 834 2715 860 2751; x_wconf 87' lang='grc'>3</span> <span class='ocrx_word' id='word_1_327' title='bbox 890 2707 954 2740; x_wconf 89' lang='lat' dir='ltr'>est</span> <span class='ocrx_word' id='word_1_328' title='bbox 974 2702 1067 2739; x_wconf 84' lang='lat' dir='ltr'>hab.</span> <span class='ocrx_word' id='word_1_329' title='bbox 1088 2699 1235 2738; x_wconf 86' lang='lat' dir='ltr'><em>BCU:</em></span> <span class='ocrx_word' id='word_1_330' title='bbox 1265 2714 1348 2740; x_wconf 88' lang='lat' dir='ltr'>om.</span> <span class='ocrx_word' id='word_1_331' title='bbox 1373 2700 1508 2739; x_wconf 86' lang='lat' dir='ltr'>AKT</span> <span class='ocrx_word' id='word_1_332' title='bbox 1625 2715 1679 2740; x_wconf 86' lang='lat' dir='ltr'>ex</span> <span class='ocrx_word' id='word_1_333' title='bbox 1700 2716 1780 2741; x_wconf 90' lang='lat' dir='ltr'>om.</span> <span class='ocrx_word' id='word_1_334' title='bbox 1807 2700 1865 2739; x_wconf 83' lang='grc' dir='ltr'>Κ1</span> 
     </span>
     <span class='ocr_line' id='line_1_33' title="bbox 122 2754 1862 2807; baseline -0.001 -13"><span class='ocrx_word' id='word_1_335' title='bbox 122 2770 146 2805; x_wconf 90' lang='lat'>4</span> <span class='ocrx_word' id='word_1_336' title='bbox 176 2756 424 2794; x_wconf 88' lang='lat' dir='ltr'>novitricius</span> <span class='ocrx_word' id='word_1_337' title='bbox 452 2755 489 2793; x_wconf 95' lang='lat' dir='ltr'><em>T</em></span> <span class='ocrx_word' id='word_1_338' title='bbox 647 2767 671 2804; x_wconf 89' lang='lat'>5</span> <span class='ocrx_word' id='word_1_339' title='bbox 702 2762 744 2794; x_wconf 91' lang='lat' dir='ltr'>et</span> <span class='ocrx_word' id='word_1_340' title='bbox 763 2770 844 2795; x_wconf 92' lang='lat' dir='ltr'>om.</span> <span class='ocrx_word' id='word_1_341' title='bbox 867 2754 953 2794; x_wconf 75' lang='lat' dir='ltr'>K¹z</span> <span class='ocrx_word' id='word_1_342' title='bbox 987 2762 1032 2794; x_wconf 87' lang='lat' dir='ltr'>ut</span> <span class='ocrx_word' id='word_1_343' title='bbox 1057 2754 1105 2794; x_wconf 78' lang='lat' dir='ltr'>Cl</span> <span class='ocrx_word' id='word_1_344' title='bbox 1270 2757 1296 2794; x_wconf 91' lang='lat'><strong>6</strong></span> <span class='ocrx_word' id='word_1_345' title='bbox 1327 2756 1462 2794; x_wconf 89' lang='lat' dir='ltr'>dictus</span> <span class='ocrx_word' id='word_1_346' title='bbox 1484 2762 1573 2806; x_wconf 87' lang='lat' dir='ltr'>put.</span> <span class='ocrx_word' id='word_1_347' title='bbox 1600 2756 1635 2795; x_wconf 92' lang='lat' dir='ltr'><em>C</em></span> <span class='ocrx_word' id='word_1_348' title='bbox 1742 2755 1862 2807; x_wconf 90' lang='lat' dir='ltr'>quia]</span> 
     </span>
     <span class='ocr_line' id='line_1_34' title="bbox 122 2809 1866 2859; baseline 0 -11"><span class='ocrx_word' id='word_1_349' title='bbox 122 2811 239 2859; x_wconf 87' lang='lat' dir='ltr'>quasi</span> <span class='ocrx_word' id='word_1_350' title='bbox 260 2809 371 2848; x_wconf 90' lang='lat' dir='ltr'>KT:</span> <span class='ocrx_word' id='word_1_351' title='bbox 400 2810 466 2848; x_wconf 85' lang='lat' dir='ltr'>vel</span> <span class='ocrx_word' id='word_1_352' title='bbox 488 2809 607 2858; x_wconf 87' lang='lat' dir='ltr'>quasi</span> <span class='ocrx_word' id='word_1_353' title='bbox 629 2810 755 2849; x_wconf 85' lang='lat' dir='ltr'><em>Arev.</em></span> <span class='ocrx_word' id='word_1_354' title='bbox 976 2824 997 2859; x_wconf 94' lang='lat'><strong>7</strong></span> <span class='ocrx_word' id='word_1_355' title='bbox 1029 2810 1268 2848; x_wconf 84' lang='lat' dir='ltr'>andenatus</span> <span class='ocrx_word' id='word_1_356' title='bbox 1290 2809 1356 2847; x_wconf 88' lang='lat' dir='ltr'>B:</span> <span class='ocrx_word' id='word_1_357' title='bbox 1388 2817 1512 2849; x_wconf 86' lang='lat' dir='ltr'>antea</span> <span class='ocrx_word' id='word_1_358' title='bbox 1533 2817 1656 2849; x_wconf 81' lang='lat' dir='ltr'>natus</span> <span class='ocrx_word' id='word_1_359' title='bbox 1681 2811 1715 2849; x_wconf 91' lang='lat' dir='ltr'><em>C</em></span> <span class='ocrx_word' id='word_1_360' title='bbox 1842 2824 1866 2848; x_wconf 92' lang='lat' dir='ltr'>a</span> 
     </span>
     <span class='ocr_line' id='line_1_35' title="bbox 123 2863 1863 2916; baseline 0 -14"><span class='ocrx_word' id='word_1_361' title='bbox 123 2870 248 2914; x_wconf 88' lang='lat' dir='ltr'>gente</span> <span class='ocrx_word' id='word_1_362' title='bbox 264 2878 348 2903; x_wconf 90' lang='lat' dir='ltr'>om.</span> <span class='ocrx_word' id='word_1_363' title='bbox 370 2863 416 2902; x_wconf 91' lang='lat' dir='ltr'><em>K</em></span> <span class='ocrx_word' id='word_1_364' title='bbox 432 2865 534 2915; x_wconf 85' lang='lat' dir='ltr'>(non</span> <span class='ocrx_word' id='word_1_365' title='bbox 549 2864 614 2915; x_wconf 85' lang='lat' dir='ltr'>A)</span> <span class='ocrx_word' id='word_1_366' title='bbox 702 2869 749 2912; x_wconf 56' lang='grc' dir='ltr'>ἐξ</span> <span class='ocrx_word' id='word_1_367' title='bbox 772 2877 907 2914; x_wconf 88' lang='lat'><strong>23—29</strong></span> <span class='ocrx_word' id='word_1_368' title='bbox 942 2865 1093 2904; x_wconf 80' lang='lat' dir='ltr'>Varias</span> <span class='ocrx_word' id='word_1_369' title='bbox 1105 2865 1284 2902; x_wconf 82' lang='lat' dir='ltr'>lectiones</span> <span class='ocrx_word' id='word_1_370' title='bbox 1304 2864 1485 2903; x_wconf 87' lang='lat' dir='ltr'>codicum</span> <span class='ocrx_word' id='word_1_371' title='bbox 1499 2866 1744 2916; x_wconf 82' lang='lat' dir='ltr'>plerumque</span> <span class='ocrx_word' id='word_1_372' title='bbox 1760 2878 1863 2903; x_wconf 86' lang='lat' dir='ltr'>com-</span> 
     </span>
     <span class='ocr_line' id='line_1_36' title="bbox 124 2918 1865 2972; baseline 0.001 -16"><span class='ocrx_word' id='word_1_373' title='bbox 124 2931 349 2956; x_wconf 84' lang='lat' dir='ltr'>memorare</span> <span class='ocrx_word' id='word_1_374' title='bbox 367 2919 494 2957; x_wconf 83' lang='lat' dir='ltr'><em>nolui.</em></span> <span class='ocrx_word' id='word_1_375' title='bbox 539 2918 733 2957; x_wconf 80' lang='lat' dir='ltr'>Stemma</span> <span class='ocrx_word' id='word_1_376' title='bbox 748 2918 776 2957; x_wconf 94' lang='lat' dir='ltr'><em>I</em></span> <span class='ocrx_word' id='word_1_377' title='bbox 785 2919 879 2958; x_wconf 82' lang='lat' dir='ltr'>hab.</span> <span class='ocrx_word' id='word_1_378' title='bbox 893 2918 956 2957; x_wconf 83' lang='lat' dir='ltr'>A²</span> <span class='ocrx_word' id='word_1_379' title='bbox 974 2919 1230 2972; x_wconf 51' lang='lat' dir='ltr'>(imperfect.)</span> <span class='ocrx_word' id='word_1_380' title='bbox 1250 2918 1286 2958; x_wconf 93' lang='lat' dir='ltr'><em>C</em></span> <span class='ocrx_word' id='word_1_381' title='bbox 1303 2919 1556 2971; x_wconf 68' lang='lat' dir='ltr'>(impevstct.)</span> <span class='ocrx_word' id='word_1_382' title='bbox 1585 2919 1622 2957; x_wconf 93' lang='lat' dir='ltr'><em>T</em></span> <span class='ocrx_word' id='word_1_383' title='bbox 1670 2918 1865 2958; x_wconf 80' lang='lat' dir='ltr'>Stemma</span> 
     </span>
    </p>
   </div>
   <div class='ocr_carea' id='block_1_4' title="bbox 123 2971 1863 3075">
    <p class='ocr_par' dir='ltr' id='par_1_9' title="bbox 123 2971 1863 3075">
     <span class='ocr_line' id='line_1_37' title="bbox 123 2971 1863 3065; baseline -0.001 -53"><span class='ocrx_word' id='word_1_384' title='bbox 123 2971 174 3064; x_wconf 50' lang='grc' dir='ltr'><em>ᾖ</em></span> <span class='ocrx_word' id='word_1_385' title='bbox 188 2972 278 3064; x_wconf 57' lang='grc' dir='ltr'><em>ΙιΙαῙΙῖ</em></span> <span class='ocrx_word' id='word_1_386' title='bbox 289 2971 442 3065; x_wconf 64' lang='lat' dir='ltr'><em>hCIbsUG</em></span> <span class='ocrx_word' id='word_1_387' title='bbox 551 2972 790 3012; x_wconf 83' lang='lat' dir='ltr'>Stemmata</span> <span class='ocrx_word' id='word_1_388' title='bbox 810 2972 860 3011; x_wconf 93' lang='lat' dir='ltr'>II</span> <span class='ocrx_word' id='word_1_389' title='bbox 875 2979 912 3012; x_wconf 84' lang='lat' dir='ltr'>ct</span> <span class='ocrx_word' id='word_1_390' title='bbox 928 2973 955 3011; x_wconf 93' lang='lat' dir='ltr'><em>I</em></span> <span class='ocrx_word' id='word_1_391' title='bbox 972 2973 1062 3026; x_wconf 79' lang='lat' dir='ltr'>(hoc</span> <span class='ocrx_word' id='word_1_392' title='bbox 1078 2972 1239 3025; x_wconf 82' lang='lat' dir='ltr'>ordine)</span> <span class='ocrx_word' id='word_1_393' title='bbox 1259 2973 1352 3013; x_wconf 78' lang='lat' dir='ltr'>hab.</span> <span class='ocrx_word' id='word_1_394' title='bbox 1375 2972 1461 3012; x_wconf 87' lang='lat' dir='ltr'>BD</span> <span class='ocrx_word' id='word_1_395' title='bbox 1572 2973 1809 3012; x_wconf 78' lang='lat' dir='ltr'>Stemmata</span> <span class='ocrx_word' id='word_1_396' title='bbox 1829 2974 1863 3023; x_wconf 87' lang='lat' dir='ltr'>J,</span> 
     </span>
     <span class='ocr_line' id='line_1_38' title="bbox 171 3039 378 3075; baseline 0.01 -10"><span class='ocrx_word' id='word_1_397' title='bbox 171 3055 179 3075; x_wconf 89' lang='lat'>,</span> <span class='ocrx_word' id='word_1_398' title='bbox 318 3039 343 3065; x_wconf 87' lang='lat' dir='ltr'>a</span> <span class='ocrx_word' id='word_1_399' title='bbox 370 3057 378 3067; x_wconf 89' lang='lat'><strong>.</strong></span> 
     </span>
    </p>
   </div>
  </div>
 </body>
</html>
