2176 3424
416 110 1051 159 ETYMOLOGIARVM
1092 112 1223 158 LIB.
1266 112 1436 176 XVII.
1478 110 1524 158 iii

94 237 340 286 dividitur.
411 239 691 286 Centenum
731 238 1031 300 appellatum
1074 254 1133 285 eo
1177 239 1312 299 quod
1355 237 1403 284 in
1442 237 1687 300 plerisque
1723 237 1843 285 locis
1865 249 1919 283 12

94 322 246 368 iactus
287 318 485 368 seminis
523 318 626 367 eius
664 318 712 366 in
754 318 1113 366 incrementum
1152 319 1300 381 frugis
1343 318 1667 367 centesimum
1711 336 1845 367 rena-

93 410 266 451 scatur.
339 400 473 449 Hinc
499 410 546 450 et
572 400 762 448 milium
787 417 816 448 a
842 400 1158 449 multitudine
1183 401 1367 448 fructus
1394 410 1640 449 vocatum.
1705 400 1844 449 Pani-
1868 413 1923 459 13

91 483 221 532 cium
239 482 426 532 dictum
453 484 589 545 quod
610 484 774 531 multis
791 481 840 529 in
861 481 1143 545 regionibus
1165 498 1222 530 ex
1249 498 1308 531 eo
1329 481 1469 545 panis
1489 483 1595 530 vice
1614 481 1842 530 homines

43 584 65 624 5
91 573 442 625 sustententur,
485 564 624 627 quasi
667 563 979 627 panivicium.
1053 563 1242 611 Pistum
1290 581 1319 611 a
1366 572 1520 626 pasto.
1594 562 1839 611 Sisamum

89 647 334 695 Graecum
368 662 552 694 nomen
591 655 676 694 est.
750 647 958 708 Farrago
987 662 1016 693 a
1049 645 1171 693 farre
1201 645 1360 694 dicta:
1412 654 1485 693 est
1518 646 1650 693 enim
1688 645 1840 692 herba
1862 653 1917 699 14

90 729 363 776 hordeacea
379 729 541 776 adhuc
562 726 741 786 viridis,
765 728 979 775 necdum
999 728 1160 789 granis
1178 728 1242 774 ad
1263 725 1592 775 maturitatem
1611 725 1843 789 turgenti-

89 810 196 858 bus.
270 811 464 873 Spicam
485 810 547 858 de
565 809 764 856 maturis
781 808 999 871 frugibus
1018 808 1222 857 abusive
1243 807 1481 868 dicimus;
1516 825 1630 856 nam
1648 807 1842 871 proprie
1865 819 1919 868 15

90 891 225 954 spica
250 900 323 940 est
347 908 459 939 cum
485 906 571 953 per
608 889 757 938 culmi
782 891 1073 950 folliculum,
1098 889 1149 938 id
1175 898 1248 938 est
1282 898 1553 938 extremum
1580 899 1839 949 tumorem,

8 987 69 1017 rto
90 974 265 1022 aristae
301 974 464 1021 adhuc
500 981 672 1021 tenues
715 971 765 1019 in
805 973 1009 1020 modum
1048 971 1223 1034 spiculi
1260 971 1492 1020 eminent.
1565 972 1728 1020 Arista
1763 989 1843 1035 ap·
1866 977 1924 1023 16

90 1056 266 1118 pellata
314 1055 449 1117 quod
497 1053 628 1116 prius
675 1053 781 1117 ipsa
828 1063 1027 1102 arescat.
1103 1053 1312 1103 Culmus
1356 1063 1428 1101 est
1477 1053 1582 1116 ipse
1625 1056 1842 1102 calamus

88 1137 251 1198 spicae
277 1135 361 1198 qui
385 1153 414 1183 a
430 1135 677 1184 radicibus
698 1134 913 1183 nascitur
933 1155 941 1183 ι
980 1143 1028 1183 et
1054 1134 1215 1184 dictus
1236 1137 1428 1183 culmus
1448 1135 1588 1198 quasi
1608 1138 1839 1184 calamus.
1864 1154 1915 1201 17

89 1219 128 1265 F
131 1217 384 1265 olliculum
411 1227 483 1266 est
509 1218 652 1266 theca
678 1216 908 1265 frumenti
935 1216 985 1264 in
1016 1233 1114 1279 qua
1141 1234 1347 1280 granum
1375 1226 1591 1265 servatur
1622 1217 1837 1266 interius.

93 1301 234 1347 Haec
282 1315 426 1361 super
469 1298 654 1361 spicam
697 1301 826 1347 vallo
866 1299 1102 1347 instructa
1142 1301 1400 1347 munimen
1441 1301 1732 1362 praetendit,
1779 1316 1842 1348 ne

10 1393 65 1434 ¹15
88 1380 251 1430 avium
279 1381 524 1429 minorum
550 1381 794 1429 morsibus
821 1382 956 1443 spica
981 1380 1080 1429 suis
1101 1380 1340 1429 fructibus
1366 1390 1570 1430 exuatur
1594 1391 1678 1430 aut
1703 1383 1842 1430 vesti-

87 1461 176 1525 giis
193 1471 477 1524 proteratur.
555 1462 773 1525 Stipulae
800 1472 913 1510 sunt
934 1461 1080 1511 foliae
1107 1478 1192 1511 seu
1215 1462 1431 1526 vaginae,
1451 1462 1631 1525 quibus
1651 1466 1843 1512 culmus
1868 1466 1923 1513 18

86 1544 301 1593 ambitur
325 1554 474 1607 atque
491 1546 687 1593 fulcitur
712 1561 775 1593 ne
791 1546 1014 1607 pondere
1033 1544 1182 1607 frugis
1202 1554 1441 1604 curvetur,
1465 1561 1592 1607 quae
1616 1545 1843 1594 ambiunt

88 1628 305 1675 culmum
327 1646 335 1674 :
374 1635 421 1675 et
442 1626 574 1674 dicta
599 1626 777 1689 stipula
802 1626 941 1688 quasi
968 1635 1089 1685 usta,
1115 1635 1163 1675 et
1189 1625 1328 1689 quasi
1355 1625 1583 1690 ustipula.
1653 1626 1842 1691 Stipula

89 1709 220 1755 dicta
259 1707 321 1756 ab
364 1717 474 1755 usto
495 1726 506 1768 3
555 1709 762 1756 collecta
799 1707 930 1756 enim
975 1724 1134 1756 messe
1176 1707 1327 1756 uritur
1366 1716 1563 1771 propter
1600 1710 1839 1757 culturam

7 1804 70 1833 220
91 1788 206 1851 agri.
281 1791 405 1836 Item
435 1788 614 1851 stipula
640 1791 713 1837 vel
742 1788 857 1851 quia
883 1805 992 1851 pars
1019 1789 1123 1838 eius
1149 1789 1314 1848 uritur,
1342 1806 1452 1852 pars
1478 1789 1725 1839 interdum
1751 1807 1840 1853 pro

89 1871 228 1933 palea
254 1870 560 1933 praeciditur.
636 1871 783 1919 Palea
803 1887 830 1918 a
856 1870 1154 1933 quibusdam
1183 1871 1344 1919 vocari
1365 1871 1542 1919 dicitur
1567 1874 1703 1934 quod
1729 1875 1840 1935 pala
1864 1887 1923 1934 19

86 1953 345 2000 ventiletur
381 1960 432 2000 ut
475 1953 720 2000 frumenta
755 1962 1036 2015 purgentur.
1111 1952 1333 2001 Gentiles
1371 1963 1536 2002 autem
1574 1955 1765 2016 paleam
1807 1972 1834 2003 a

87 2035 302 2097 quadam
329 2035 446 2082 Pale
472 2034 662 2095 frugum
698 2032 966 2082 inventrice
1004 2033 1397 2094 nominaverunt,
1426 2051 1574 2097 quam
1603 2035 1834 2086 Cererem

87 2131 194 2165 esse
219 2117 403 2163 volunt.
478 2117 555 2163 De
581 2132 679 2177 qua
703 2114 945 2178 Vergilius
970 2114 1168 2179 (Georg.
1191 2132 1232 2177 3,
1259 2115 1304 2180 1)
1326 2135 1334 2163 ς

7 2211 62 2250 -25
155 2199 228 2245 Te
265 2213 478 2259 quoque,
518 2212 695 2259 magna
732 2198 887 2255 Pales,
927 2206 974 2245 et
1012 2206 1072 2256 te,
1114 2199 1448 2256 memoranda,
1489 2214 1738 2247 canemuS.

89 2281 216 2328 Item
231 2280 311 2327 alii
336 2296 366 2328 a
390 2280 573 2341 pabulo
598 2288 933 2342 nuncupatam
954 2279 1126 2328 dicunt
1146 2282 1354 2342 paleam,
1374 2282 1510 2342 quod
1537 2296 1594 2328 ea
1618 2280 1831 2343 primum

86 2363 188 2410 sola
225 2361 273 2408 in
313 2360 572 2423 pascendis
616 2360 911 2409 animalibus
952 2362 1292 2423 praebebatur.
1367 2363 1522 2412 Cuius
1565 2372 1738 2411 natura
1777 2380 1833 2412 ex

140 2503 164 2527 2
197 2490 349 2528 iactum
553 2495 784 2529 centenum
808 2490 933 2528 simul
958 2503 1014 2530 re.
1038 2489 1083 2527 K
1221 2492 1458 2531 renascitur
1485 2492 1538 2532 T:
1572 2500 1829 2532 renascantu

89 2546 154 2594 (ex
170 2546 300 2592 -atur‘)
324 2544 367 2582 D
550 2557 574 2594 3
606 2545 704 2582 hinc
727 2574 736 2583 .
765 2575 773 2584 .
801 2575 809 2584 .
833 2557 924 2583 voc.
952 2558 1034 2583 om.
1065 2544 1114 2582 T1
1292 2558 1315 2595 5
1346 2561 1411 2596 qu.
1434 2548 1659 2596 panificum
1689 2547 1742 2587 T:
1775 2562 1828 2598 qu

87 2599 349 2649 panecibium
371 2598 416 2636 K
551 2605 673 2648 pastu
695 2599 738 2637 D
940 2601 965 2637 6
995 2605 1061 2638 est
1079 2600 1169 2639 hab.
1192 2598 1236 2636 K
1251 2615 1259 2639 :
1289 2614 1370 2641 om.
1393 2601 1481 2639 DT
1623 2616 1646 2641 a
1665 2603 1774 2641 farro
1802 2603 1838 2640 T

87 2655 113 2692 8
142 2666 230 2704 pr0.
254 2666 409 2703 specus
433 2653 558 2705 (spi-)
588 2652 663 2690 TD
864 2667 890 2703 9
920 2667 1012 2693 cum
1035 2667 1058 2692 a
1078 2654 1158 2693 cul.
1182 2654 1369 2694 sullicolo
1391 2655 1436 2693 K
1635 2670 1682 2706 13
1711 2663 1831 2707 tegra

89 2708 164 2749 fru.
184 2707 230 2745 K
430 2720 478 2757 14
509 2708 775 2758 superficiam
798 2721 860 2748 va.
883 2708 920 2746 T
1061 2709 1294 2748 munimine
1322 2710 1358 2748 T
1558 2723 1604 2760 15
1635 2712 1773 2751 minor
1800 2711 1838 2750 T

89 2763 152 2801 sui
175 2762 322 2801 fruetis
351 2761 388 2800 T
530 2767 602 2801 aut
622 2769 727 2803 vest.
751 2769 861 2813 prot.
885 2776 969 2803 om.
999 2762 1035 2801 T
1204 2765 1252 2802 16
1283 2765 1436 2815 Stipuli
1457 2764 1502 2802 K
1671 2778 1717 2812 17
1748 2780 1830 2816 que

90 2817 236 2867 (quae)
266 2816 370 2856 TD:
399 2830 482 2866 qua
505 2815 550 2854 K
806 2831 845 2867 q.
867 2831 903 2856 a.
927 2831 959 2858 c.
983 2817 1229 2858 excludenda
1249 2818 1447 2859 videntur.
1505 2819 1592 2859 Sed
1607 2825 1691 2860 tota
1704 2827 1830 2871 para-

82 2872 274 2922 graphus
293 2885 342 2910 ex
359 2871 490 2911 variis
512 2871 742 2910 lectionibus
764 2873 1001 2911 concinnata
1021 2877 1079 2910 est
1325 2874 1373 2912 18
1402 2875 1587 2924 ustipula
1611 2873 1727 2912 CDE
1734 2875 1812 2913 TU
1823 2892 1830 2916 :

89 2925 271 2965 ustulata
292 2925 420 2964 KNP
491 2939 540 2975 19
570 2925 730 2977 messe]
753 2939 847 2966 esse
875 2926 913 2964 T
971 2940 1028 2966 20
1056 2927 1167 2966 idem
1189 2926 1234 2964 K
1257 2928 1359 2978 (non
1383 2928 1436 2981 C)
1500 2941 1548 2967 21
1582 2929 1837 2968 reciditurK

90 2992 158 3029 qu.
182 2981 302 3029 palea
322 2980 366 3018 D
625 2994 676 3019 22
705 2981 964 3020 ventilentur
990 2981 1037 3020 T¹
1263 2989 1379 3032 gent.
1401 2983 1510 3023 enim
1535 2982 1682 3034 (delet.)
1704 2997 1769 3024 au.
1790 2983 1836 3022 K

91 3033 252 3083 paleam
275 3047 354 3075 om.
378 3033 436 3071 D¹
552 3047 603 3084 25
634 3041 675 3074 et
699 3048 746 3073 se
768 3049 888 3076 mem.
912 3035 981 3074 K:
1014 3042 1054 3074 et
1075 3049 1248 3076 remem.
1267 3037 1309 3075 D
1420 3051 1469 3087 27
1500 3038 1756 3089 probebatur
1775 3037 1833 3077 D¹
