2228 3444
416 158 422 161 ·
466 146 1103 195 ETYMOLOGIARVM
1143 147 1273 194 LIB.
1313 147 1372 191 V.
1414 145 1521 192 xxiv

114 282 233 329 alter
274 277 410 327 alteri
453 293 654 325 manum
698 277 863 326 dabat.
939 278 1123 324 Ratum
1161 291 1290 336 vero,
1319 275 1459 337 quasi
1496 273 1785 322 rationabile
1815 281 1864 321 et
1886 282 1943 318 21

111 370 312 420 rectum,
341 361 475 408 unde
511 369 559 408 et
596 358 679 422 qui
716 358 975 422 pollicetur
1011 357 1158 406 dicit:
1201 359 1414 404 ‘Ratum
1450 373 1556 404 esse
1586 357 1818 419 profiteor
1835 358 1858 414 ⁷,

110 443 206 490 hoc
234 451 319 500 est,
343 442 542 489 firmum
569 450 719 504 atque
745 449 1052 503 perpetuum.
1122 438 1237 487 Rite
1262 448 1427 487 autem
1456 454 1562 487 esse
1587 454 1689 486 non
1715 445 1858 497 recte,
1885 453 1950 488 22

112 525 198 572 sed
241 540 299 573 ex
342 540 493 572 more.
566 522 974 586 Chirographum.
1065 520 1257 572 Cautio.
1334 519 1502 568 Emtio
1545 530 1593 568 et
1641 519 1862 569 venditio
1885 536 1949 583 23

63 630 85 670 5
110 615 182 654 est
207 622 367 654 rerum
385 606 709 654 commutatio
729 614 877 668 atque
898 612 1180 652 contractus
1199 619 1256 651 ex
1278 601 1626 651 convenientia
1642 603 1856 651 veniens.

112 687 280 736 Emtio
304 696 470 737 autem
497 687 642 747 dicta,
671 688 806 750 quod
831 703 860 734 a
894 702 973 734 me
1007 685 1095 734 tibi
1131 684 1220 734 sit:
1258 683 1479 733 venditio
1513 683 1654 747 quasi
1679 701 1863 733 venun·
1887 699 1952 746 24

107 769 256 830 datio,
284 769 334 818 id
361 779 433 818 est
458 787 487 817 a
511 768 760 818 nundinis.
837 766 1055 816 Donatio
1091 775 1163 815 est
1197 765 1460 814 cuiuslibet
1485 765 1553 814 rei
1580 765 1858 814 transactio.
1883 779 1947 828 25

109 850 307 899 Dictam
355 860 518 899 autem
569 849 740 899 dicunt
789 847 1112 898 donationem
1162 849 1301 910 quasi
1350 848 1470 895 doni
1512 846 1777 907 actionem,
1814 858 1862 896 et

106 934 275 981 dotem
302 932 441 995 quasi
467 934 533 981 do
559 931 689 981 item.
767 932 1099 980 Praecedente
1126 929 1259 979 enim
1286 929 1336 977 in
1361 928 1545 992 nuptiis
1571 930 1856 990 donatione,

35 1037 82 1065 10
106 1016 196 1063 dos
246 1013 477 1077 sequitur.
552 1016 682 1062 Nam
732 1013 966 1076 antiquus
1014 1011 1296 1076 nuptiarum
1347 1021 1446 1060 erat
1495 1010 1614 1059 ritus
1658 1028 1757 1074 quo
1807 1029 1859 1060 se
1883 1011 1952 1058 26

107 1094 307 1144 maritus
344 1105 391 1144 et
428 1112 549 1144 uxor
585 1094 796 1144 invicem
835 1094 1081 1154 emebant,
1122 1111 1183 1142 ne
1222 1093 1466 1142 videretur
1510 1110 1629 1142 uxor
1664 1092 1856 1153 ancilla,

105 1178 228 1226 sicut
254 1178 494 1226 habemus
532 1177 580 1225 in
619 1179 733 1226 iure.
811 1177 938 1225 Inde
972 1185 1045 1225 est
1072 1177 1208 1238 quod
1234 1176 1562 1238 praecedente
1588 1173 1860 1223 donatione

107 1260 193 1310 viri
227 1261 446 1323 sequitur
483 1261 574 1308 dos
612 1261 786 1308 uxoris.
864 1258 1083 1307 Donatio
1122 1258 1479 1306 usufructuaria
1516 1256 1629 1305 ideo
1664 1256 1855 1315 dicitur,
1882 1268 1946 1317 27

106 1343 240 1405 quod
277 1343 488 1390 donator
525 1358 582 1389 ex
620 1358 676 1390 ea
708 1357 850 1390 usum
885 1341 1096 1388 fructum
1132 1340 1295 1388 adhuc
1333 1340 1521 1399 retinet,
1551 1348 1741 1387 servato
1778 1338 1857 1386 cui

34 1444 78 1484 15
105 1424 344 1471 donatum
382 1430 455 1471 est
492 1422 608 1471 iure.
683 1422 903 1472 Donatio
941 1421 1126 1470 directa
1163 1422 1276 1469 ideo
1314 1429 1639 1483 nuncupatur,
1668 1419 1783 1483 quia
1810 1430 1857 1469 et
1880 1423 1945 1470 28

104 1503 206 1553 iure
233 1514 280 1553 et
306 1520 397 1552 usu
423 1506 587 1553 statim
622 1506 793 1553 transit
822 1504 873 1551 in
911 1505 1132 1563 alterum,
1162 1519 1255 1551 nec
1288 1504 1413 1550 ultra
1437 1501 1625 1565 aliquid
1651 1501 1767 1551 inde
1793 1503 1857 1551 ad

105 1587 179 1634 ius
206 1585 459 1635 donatoris
497 1595 817 1649 retorquetur.
893 1583 1230 1635 Condiciones
1267 1585 1462 1647 proprie
1499 1585 1697 1632 testium
1725 1594 1853 1644 sunt,
1881 1597 1951 1646 29

104 1677 151 1716 et
194 1669 355 1716 dictae
391 1667 711 1717 condiciones
747 1685 775 1716 a
812 1666 1141 1726 condicendO,
1182 1665 1322 1729 quasi
1359 1664 1695 1726 condiciones,
1741 1665 1857 1729 quia

104 1766 206 1798 non
254 1748 322 1797 ibi
365 1748 500 1798 testis
544 1766 671 1798 unus
715 1748 852 1808 iurat,
881 1749 968 1797 sed
1010 1749 1111 1796 duo
1137 1749 1213 1795 vel
1250 1749 1426 1810 plures.
1502 1749 1619 1796 Non
1645 1746 1855 1796 enimin

23 1856 80 1890 ⁴20
104 1829 248 1879 unius
276 1846 372 1890 ore,
402 1832 488 1879 sed
515 1830 565 1878 in
591 1832 803 1880 duorum
830 1838 914 1878 aut
941 1829 1085 1878 trium
1111 1828 1309 1878 testium
1337 1837 1431 1877 stat
1457 1845 1605 1878 omne
1632 1830 1850 1878 verbum.

105 1914 231 1961 Item
259 1912 593 1972 condicioneS,
624 1913 759 1976 quod
786 1914 910 1960 inter
936 1929 987 1960 se
1012 1910 1275 1960 conveniat
1302 1928 1463 1959 sermo
1483 1910 1696 1971 testium,
1714 1912 1852 1974 quasi

103 1995 456 2046 condictiones
532 1994 792 2058 Stipulatio
835 2004 907 2042 est
950 1993 1208 2056 promissio
1241 1995 1316 2041 vel
1347 1994 1548 2055 sponsio
1570 2011 1580 2052 3
1630 1994 1762 2041 unde
1806 2002 1854 2041 et
1878 2001 1946 2047 30

103 2077 421 2140 promissores
459 2076 768 2140 stipulatores
796 2084 1049 2124 vocantur.
1123 2074 1270 2123 Dicta
1305 2084 1470 2123 autem
1510 2074 1760 2137 stipulatio
1790 2075 1853 2123 ab
1904 2113 1906 2115 v

103 2158 296 2222 stipula.
367 2161 571 2207 Veteres
627 2157 774 2217 enim,
826 2158 1028 2220 quando
1084 2156 1176 2205 sibi
1235 2155 1422 2219 aliquid
1483 2155 1850 2219 promittebant,

31 2264 79 2306 25
104 2241 334 2304 stipulam
360 2249 585 2290 tenentes
620 2239 922 2303 frangebant,
952 2256 1100 2303 quam
1136 2240 1311 2287 iterum
1349 2237 1608 2301 iungentes
1633 2238 1854 2302 sponsio-

103 2340 189 2372 nes
216 2341 327 2372 suas
352 2323 686 2387 agnoscebant
713 2320 834 2388 [sive
861 2323 996 2384 quod
1029 2321 1262 2384 stipulum
1298 2323 1430 2369 iuxta
1456 2322 1665 2369 Paulum
1691 2320 1851 2370 iuridi-

157 2466 180 2490 2
212 2452 302 2504 qui]
326 2466 408 2502 que
435 2451 473 2490 T
634 2466 692 2492 ra.
720 2464 786 2490 me
808 2463 903 2490 esse
926 2450 1009 2487 LK
1234 2464 1258 2498 3
1291 2456 1354 2490 est
1374 2451 1485 2489 enim
1510 2451 1571 2491 fir.
1598 2450 1647 2488 Cl
1670 2454 1771 2499 (non
1796 2449 1850 2495 L)

104 2508 239 2559 reete]
261 2513 376 2547 certe
402 2506 439 2545 T
581 2521 604 2556 4
635 2506 740 2558 mo.]
765 2519 882 2545 more
912 2506 1051 2556 captio
1076 2504 1126 2543 Cl
1148 2508 1244 2556 (pro
1266 2517 1317 2544 m.
1344 2506 1507 2556 Cautio,
1537 2511 1555 2553 ξ
1578 2507 1648 2556 23)
1671 2508 1773 2556 (non
1796 2507 1851 2556 L)

103 2561 256 2602 Cautio
276 2563 367 2602 hab.
390 2559 524 2600 ΑΒΚ
532 2560 611 2600 TU
614 2561 653 2599 V
666 2560 791 2601 Rern.
811 2576 820 2600 ι
850 2575 932 2600 om.
954 2560 1075 2599 DLC
1094 2559 1186 2611 (sed
1202 2559 1291 2599 vide
1311 2563 1457 2612 supra)
1727 2564 1754 2599 6
1783 2574 1850 2599 ν6-

104 2617 352 2656 nundinatio
374 2616 414 2654 B
600 2630 620 2666 7
653 2615 824 2656 cuilibet
845 2614 932 2653 BT
1055 2615 1164 2654 actio
1189 2614 1226 2652 T
1405 2629 1430 2664 9
1462 2615 1789 2665 praecedentem
1810 2615 1852 2653 B

108 2683 157 2710 10
186 2672 419 2722 antiquitus
443 2669 577 2710 ClKL
738 2683 783 2709 11
816 2683 917 2710 mar.
943 2670 1028 2709 inv.
1053 2676 1095 2708 et
1116 2683 1185 2709 ux.
1207 2668 1321 2708 CKL
1493 2682 1539 2707 12
1571 2671 1695 2722 sicut]
1720 2671 1794 2708 sed
1810 2669 1851 2706 Β

105 2728 146 2764 in
168 2739 251 2766 om.
271 2726 308 2764 L
433 2726 566 2777 quod]
590 2739 698 2776 quae
720 2725 770 2764 Cl
790 2727 893 2775 (non
915 2724 970 2775 L)
1085 2724 1204 2776 don.]
1229 2725 1343 2763 done
1366 2724 1401 2762 L
1573 2738 1620 2773 14
1651 2730 1789 2763 servat
1812 2722 1848 2759 L

107 2793 155 2829 15
201 2787 315 2821 recta
356 2780 489 2819 ClKL
677 2782 726 2819 18
769 2793 837 2830 qu.
878 2779 1147 2819 condiciones
1194 2777 1230 2816 T
1264 2780 1345 2830 (tle.
1386 2778 1660 2817 condiciones
1674 2779 1706 2827 2)
1725 2792 1735 2817 ι
1779 2791 1847 2826 qu.

105 2836 394 2875 condictiones
405 2834 468 2873 Κ2
488 2849 496 2873 :
525 2848 593 2884 qu.
611 2835 879 2874 conditiones
893 2832 1068 2873 ΒῙΕῙΚ1
1186 2846 1232 2883 19
1252 2834 1328 2872 sed
1343 2833 1411 2872 vel
1427 2834 1510 2872 duo
1527 2834 1594 2873 vel
1613 2832 1690 2871 CT
1780 2845 1846 2870 en.

106 2902 175 2928 un.
199 2890 234 2930 C
341 2904 394 2930 20
424 2891 499 2929 sed
521 2891 588 2928 du.
610 2886 656 2927 K
764 2890 852 2941 aut]
876 2890 928 2928 ad
953 2887 1002 2926 C¹
1114 2901 1162 2926 21
1195 2888 1328 2939 quod]
1350 2901 1456 2938 quae
1480 2888 1530 2926 C1
1615 2901 1682 2937 qu.
1707 2887 1850 2925 condi-

105 2945 243 2984 tiones
263 2943 341 2985 BC
448 2957 501 2983 22
531 2945 598 2983 vel
617 2943 792 2994 sponsio
813 2957 893 2983 om.
914 2942 960 2981 K
978 2945 1079 2994 (non
1096 2942 1159 2990 A)
1274 2955 1326 2991 23
1355 2943 1632 2993 promissores
1653 2940 1828 2979 ABTU
1841 2955 1850 2981 τ

105 3010 337 3047 sponsores
361 2998 438 3038 CK
563 2999 677 3049 voe.]
700 2999 896 3037 dicuntur
915 2997 961 3035 K
1107 2998 1160 3035 26
1188 2997 1280 3036 sive
1302 3028 1310 3035 .
1334 3027 1344 3036 .
1369 3027 1378 3036 .
1403 3011 1502 3047 app.
1526 2996 1621 3035 add.
1647 2997 1689 3034 ιἰι
1711 3008 1845 3046 marg.

106 3051 210 3092 BT:
240 3067 323 3094 om.
345 3053 389 3093 D
561 3053 696 3105 quod]
719 3056 796 3103 per
818 3052 853 3091 C
1012 3051 1207 3102 stipulam
1233 3050 1310 3090 CK
1313 3051 1355 3091 U
1372 3059 1475 3102 <non
1497 3049 1549 3088 M
1554 3058 1566 3097 )
1734 3049 1850 3089 iuxta

107 3106 281 3146 Paulum
299 3120 384 3148 om.
414 3105 568 3158 Tmou
595 3107 652 3158 U)
673 3158 678 3162 κ
767 3107 941 3146 Paulum
963 3119 1045 3147 om.
1070 3104 1115 3144 K
1136 3119 1238 3158 gnon
1259 3104 1325 3154 M)
1442 3105 1652 3144 loriticum
1679 3104 1714 3143 C
