2176 3424
410 147 1040 196 ETYMOLOGIARVM
1082 149 1209 198 LIB.
1251 151 1389 198 XIV.
1430 150 1477 198 iii

73 282 119 322 et
153 273 407 323 arboribus
444 275 559 337 ipsis
595 276 741 324 etiam
779 278 942 326 adhuc
980 278 1182 328 videtur.
1260 282 1542 330 Nascuntur
1579 283 1710 332 enim
1748 284 1816 332 ibi

67 373 216 419 poma
232 356 434 405 virentia
459 358 552 406 sub
573 368 708 407 tanta
729 359 892 422 specie
913 361 1218 423 maturitatis,
1238 372 1290 411 ut
1310 364 1492 412 edendi
1513 364 1813 415 desiderium

67 434 294 498 gignant:
333 439 371 486 si
397 455 567 502 carpas
594 440 825 489 fatiscunt
850 457 908 489 ac
935 445 1245 492 resolvuntur
1270 446 1320 492 in
1345 444 1577 505 cinerem,
1605 448 1814 496 furnum-

66 533 163 580 que
193 520 419 568 exhalant
449 521 588 583 quasi
622 524 786 571 adhuc
819 524 1038 574 ardeant.
1113 527 1374 576 Nabathea
1399 528 1532 591 regio
1556 545 1586 577 a
1611 530 1813 579 Nabeth
1837 531 1906 578 26

5 616 40 656 :5
66 597 167 647 filio
205 601 384 650 Ismael
425 614 721 666 nuncupata.
796 606 931 654 Iacet
968 616 1133 656 autem
1172 607 1298 657 inter
1335 610 1574 658 Iudaeam
1611 620 1659 660 et
1696 614 1812 660 Ara—

65 679 208 740 biam,
239 691 286 730 et
324 699 525 746 surgens
561 686 625 734 ab
663 688 914 749 Euphrate
952 687 1002 736 in
1039 706 1171 738 mare
1198 690 1427 739 Rubrum
1465 692 1735 756 porrigitur,
1764 703 1813 743 et

64 771 137 810 est
179 779 288 826 pars
327 765 553 814 Arabiae.
627 770 892 831 Aegyptus,
939 770 1024 833 qui
1067 771 1200 834 prius
1239 772 1386 821 Aeria
1433 773 1703 835 dicebatur,
1747 776 1811 824 ab
1835 786 1897 835 27

61 846 287 907 Aegypto
306 846 467 894 Danai
492 848 634 896 fratre
660 859 831 912 postea
856 850 923 900 ibi
944 862 1178 915 regnante
1198 870 1383 903 nomen
1398 855 1602 919 accepit.
1667 859 1812 906 Haec

60 926 124 974 ab
151 926 338 976 oriente
364 927 529 990 Syriae
553 947 611 977 ac
638 932 813 981 Rubro
841 933 959 981 mari
986 933 1264 995 coniuncta,
1292 937 1355 985 ab
1393 953 1573 986 occasu
1601 938 1810 1002 Libyam

0 1025 36 1053 ιο
58 1007 222 1068 habet,
250 1026 278 1056 a
304 1012 636 1072 septentrione
671 1030 805 1062 mare
843 1016 1098 1077 Magnum,
1126 1034 1155 1065 a
1190 1017 1394 1066 meridie
1428 1036 1542 1068 vero
1574 1019 1810 1070 introrsus

59 1089 256 1150 recedit,
285 1094 582 1153 pertendens
617 1111 772 1158 usque
806 1098 870 1145 ad
903 1097 1176 1162 Aethiopas
1194 1116 1205 1158 ;
1244 1100 1376 1163 regio
1410 1101 1532 1151 caeli
1569 1102 1809 1153 imbribus

58 1170 250 1221 insueta
292 1182 340 1221 et
384 1175 658 1236 pluviarum
702 1176 878 1241 ignara.
954 1179 1098 1228 Nilus
1142 1183 1274 1230 solus
1313 1199 1422 1231 eam
1463 1185 1809 1235 circumfluens
1832 1187 1895 1234 28

58 1251 245 1316 inrigat,
286 1264 333 1303 et
372 1255 698 1307 inundatione
735 1276 823 1308 sua
859 1262 1124 1321 fecundat3
1166 1265 1300 1312 unde
1337 1273 1385 1313 et
1422 1266 1554 1314 ferax
1589 1267 1808 1330 frugibus

58 1336 262 1383 inultam
311 1347 497 1399 partem
540 1348 774 1389 terrarum
818 1345 1066 1392 frumento
1113 1346 1228 1405 alit;
1287 1355 1562 1395 ceterorum
1607 1365 1808 1413 quoque

0 1434 30 1476 55
56 1419 365 1479 negotiorum
390 1421 517 1469 adeo
543 1424 744 1485 copiosa
770 1433 823 1473 ut
849 1424 1033 1488 inpleat
1066 1427 1351 1476 necessariis
1386 1429 1633 1479 mercibus
1659 1432 1806 1479 etiam

57 1498 228 1548 orbem
265 1510 515 1550 terrarum.
589 1504 722 1552 Finis
761 1508 970 1570 Aegypti
1006 1509 1243 1572 Canopea
1279 1527 1308 1558 a
1341 1511 1549 1575 Canope
1587 1515 1805 1562 Menelai

54 1581 394 1643 gubernatore,
430 1587 623 1648 sepulto
660 1586 710 1634 in
747 1604 804 1636 ea
842 1587 1000 1637 insula
1036 1606 1163 1653 quae
1201 1591 1386 1655 Libyae
1423 1592 1717 1656 principium
1757 1605 1805 1643 et

56 1662 236 1711 ostium
284 1664 387 1713 Nili
434 1666 562 1715 facit.
638 1670 777 1717 Seres
817 1671 1057 1733 oppidum
1098 1673 1312 1734 orientis,
1354 1692 1382 1724 a
1421 1692 1521 1738 quo
1564 1686 1611 1725 et
1648 1694 1804 1740 genus
1828 1690 1897 1738 29

61 1743 280 1792 Sericum
317 1756 364 1794 et
390 1747 522 1811 regio
552 1760 838 1813 nuncupata
865 1749 992 1818 [est]
1070 1757 1213 1804 Haec
1244 1757 1307 1805 ab
1341 1757 1573 1820 Scythico
1599 1759 1804 1808 Oceano

0 1844 32 1870 Ὶο
56 1835 103 1874 et
141 1826 258 1874 mari
298 1828 480 1890 Caspio
515 1832 579 1879 ad
617 1831 875 1881 Oceanum
913 1834 1202 1885 orientalem
1239 1837 1516 1898 inflectitur,
1552 1839 1804 1889 nobilibus

55 1908 311 1957 frondibus
338 1909 518 1970 fertilis,
542 1928 569 1961 e
594 1912 774 1975 quibus
801 1916 978 1964 vellera
1003 1918 1349 1981 decerpuntur,
1378 1937 1505 1982 quae
1530 1931 1800 1971 ceterarum

53 1990 272 2053 gentium
311 1993 451 2057 Seres
487 1995 551 2042 ad
589 2011 732 2043 usum
770 1996 979 2045 vestium
1019 2001 1254 2049 vendunt.
1330 2002 1552 2051 Bactriae
1592 2003 1801 2066 regionis
1825 2020 1893 2067 30

54 2073 275 2134 proprius
311 2074 469 2122 amnis
505 2077 707 2125 Bactros
738 2079 1216 2143 vocabulum]dedit.
1292 2085 1460 2133 Partes
1491 2084 1637 2134 huius
1674 2103 1800 2149 quae

60 2170 189 2216 pone
227 2165 339 2203 sunt
366 2157 621 2219 Propanisi
652 2159 774 2222 iugis
800 2160 1098 2223 ambiuntur,
1127 2179 1253 2226 quae
1277 2166 1510 2215 adversae
1545 2177 1657 2216 sunt
1684 2169 1799 2217 Indi

0 2249 30 2288 ις
55 2235 186 2282 fluvii
235 2237 452 2285 fontibus
502 2238 857 2302 terminantur,
908 2243 1094 2306 reliqua
1142 2244 1349 2295 includit
1393 2249 1563 2297 Ochus
1607 2250 1795 2299 fluvius.

63 2317 215 2365 Mittit
243 2317 435 2367 Bactria
460 2319 749 2370 fortissimos
775 2326 990 2372 camelos
1016 2342 1287 2389 numquam
1313 2329 1594 2380 adterentes
1627 2333 1794 2394 pedeS.

54 2397 249 2460 Scythia
275 2398 399 2448 sicut
420 2410 467 2449 et
488 2402 672 2451 Gothia
690 2420 717 2452 a
739 2406 923 2469 Magog
948 2406 1048 2455 filio
1071 2409 1247 2471 Iaphet
1268 2411 1416 2459 fertur
1431 2412 1792 2475 cognominata.
1820 2427 1873 2473 31

114 2545 130 2571 1
165 2533 276 2570 enim
299 2546 380 2572 orn.
405 2533 439 2571 C
565 2549 589 2573 2
611 2536 754 2587 poma]
776 2538 903 2587 longa
920 2538 966 2576 K
986 2540 1086 2591 [non
1110 2541 1221 2581 Ovet.
1239 2546 1358 2595 extr.)
1472 2552 1516 2584 ut
1538 2547 1628 2598 ed.]
1651 2549 1797 2586 utendi

62 2585 99 2624 T
245 2601 269 2636 4
299 2601 323 2625 a
339 2588 493 2627 nabath
517 2589 551 2627 C
713 2604 734 2640 7
765 2593 841 2634 dic.
865 2600 1014 2643 postea
1034 2602 1244 2647 aegyptus
1264 2598 1316 2637 ab
1337 2598 1443 2648 Aeg.
1469 2600 1574 2641 Dan.
1598 2603 1645 2641 fr.
1673 2616 1739 2652 po.
1767 2603 1802 2642 C

44 2653 103 2682 ,11
136 2642 373 2692 aethiopias
395 2641 430 2681 C
447 2658 455 2682 :
485 2644 712 2694 ethiopiam
733 2645 780 2684 K
890 2661 937 2686 12
968 2649 1046 2689 ins.
1071 2651 1183 2699 pluv.
1216 2652 1252 2690 T
1357 2654 1470 2693 solus
1491 2669 1573 2695 om.
1603 2655 1641 2694 T
1746 2671 1796 2697 ea

47 2696 104 2735 ci.
127 2695 167 2733 B
309 2698 357 2735 16
387 2697 456 2736 fin.
477 2698 584 2747 Aeg.
603 2713 682 2741 om.
706 2700 750 2737 K
766 2702 866 2753 (non
891 2702 1000 2744 Ovet.
1015 2707 1128 2758 extr.)
1245 2708 1420 2758 canopia
1440 2709 1482 2746 Β
1647 2724 1694 2760 17
1725 2713 1795 2761 qui

47 2749 165 2791 codd.
348 2753 397 2790 18
426 2765 559 2800 genes
594 2753 662 2792 B:
705 2768 810 2804 gens
850 2757 973 2796 CKT
1148 2772 1198 2810 19
1228 2767 1293 2800 est
1325 2763 1418 2803 hab.
1456 2763 1554 2804 CT:
1596 2779 1677 2806 om.
1711 2765 1798 2805 ΒΚ

59 2816 188 2843 oceno
217 2803 254 2842 T
399 2819 452 2844 20
482 2813 524 2846 et
544 2821 626 2848 om.
647 2807 693 2846 K
799 2812 851 2850 ab
871 2826 1030 2852 oceano
1049 2814 1242 2854 orientali
1263 2817 1308 2854 K
1415 2818 1663 2868 inplectitur
1683 2819 1794 2870 (ὡν)

57 2855 138 2898 KC
262 2860 472 2900 nubilibus
491 2863 531 2901 Β
713 2877 760 2902 21
794 2866 952 2905 vellere
976 2867 1023 2906 Cl
1151 2870 1452 2921 discerpuntur
1471 2871 1517 2910 K
1641 2875 1794 2914 ceteris

59 2915 252 2964 gentibus
274 2916 310 2954 T
414 2930 466 2956 22
498 2918 666 2958 Bactria
686 2919 732 2957 K
812 2922 986 2971 regione
1007 2922 1040 2961 C
1056 2927 1149 2962 ante
1162 2936 1259 2964 corr.
1281 2940 1290 2964 :
1318 2927 1381 2964 -ni
1402 2926 1447 2964 K
1555 2941 1606 2976 23
1627 2928 1797 2968 bactrus

61 2967 139 3008 CK
280 2984 333 3020 24
362 2984 472 3021 pone
491 2974 617 3013 Arev.
645 2974 711 3025 (ex
728 2973 857 3015 Solin.
881 2989 947 3026 49,
967 2978 1012 3030 2)
1036 2992 1045 3016 :
1070 2990 1181 3028 pene
1209 2979 1270 3019 T:
1299 2981 1452 3031 planae
1476 2981 1594 3020 BCK
1700 2996 1795 3035 pro-

60 3023 180 3074 panis
200 3024 316 3064 BCF
318 3024 355 3064 T
373 3025 485 3066 Ovet.
508 3031 604 3068 extr.
627 3043 636 3067 z
666 3031 890 3080 propansis
906 3030 951 3068 K
1077 3032 1258 3072 ambitur
1282 3033 1319 3072 T
