2176 3424
510 111 1142 164 ETYMOLOGIARVM
1182 110 1314 156 LIB.
1355 109 1445 155 IX.
1484 108 1514 153 ii

143 247 356 311 Hispani
392 242 727 308 cognominati
763 250 889 290 sunt.
963 238 1154 288 Galleci
1189 255 1216 286 a
1254 238 1469 286 candore
1506 235 1639 294 dicti,
1668 235 1803 283 unde
1840 242 1887 282 et
1911 244 1994 280 110

143 329 284 378 Galli.
358 325 580 388 Reliquis
613 324 745 372 enim
782 316 1055 385 Hispaniae
1088 319 1283 383 populis
1317 316 1627 366 candidiores
1661 314 1887 362 existunt.

145 411 215 459 Hi
241 411 481 459 Graecam
513 406 604 455 sibi
631 405 869 468 originem
895 404 1143 451 adserunt.
1217 401 1365 448 Vnde
1392 408 1440 447 et
1464 396 1673 446 naturali
1693 395 1891 459 ingenio

143 477 356 540 callent(
423 488 677 551 Siquidem
716 495 824 548 post
863 485 1012 532 finem
1051 481 1255 532 Troiani
1290 479 1408 529 belli
1446 482 1695 527 Teucrum
1734 485 1892 525 morte
1915 491 1984 526 111

97 593 117 631 5
146 572 308 622 Aiacis
341 566 496 619 fratris
530 570 741 617 invisum
773 565 898 630 patri
923 563 1200 622 Telamoni,
1231 564 1351 611 dum
1378 578 1481 610 non
1514 559 1812 622 reciperetur
1843 558 1891 605 in

143 670 362 718 regnum,
390 652 610 715 Cyprum
650 647 964 706 concessisse,
1006 645 1174 708 ibique
1211 645 1384 706 urbem
1422 629 1626 690 nomine
1662 639 1894 702 antiquae

143 737 326 800 patriae
362 732 609 783 Salamina
644 730 938 788 condidisse,
979 728 1095 776 inde
1131 728 1195 775 ad
1243 724 1514 775 Galleciam
1557 724 1804 786 profectus
1848 730 1895 768 et

144 818 316 883 positis
341 817 539 866 sedibus
565 831 623 862 ex
647 815 759 861 loco
784 811 917 875 genti
941 826 1128 859 nornen
1147 807 1357 857 dedisse.
1411 808 1614 854 Astures
1639 820 1759 867 gens
1783 802 1898 851 His-
1919 818 2001 852 112

145 900 332 965 paniae,
366 896 525 947 vocati
555 913 628 955 eo,
660 896 796 957 quod
830 893 958 942 circa
995 895 1226 940 Asturam
1258 891 1442 937 fiumen
1481 886 1606 950 septi
1643 885 1896 934 montibus

76 996 124 1023 10
147 981 376 1043 silvisque
401 978 581 1028 crebris
607 975 898 1024 inhabitent.
973 971 1209 1023 Cantabri
1245 987 1365 1035 gens
1402 968 1679 1033 Hispaniae
1704 985 1733 1016 a
1757 984 1898 1015 voca-
1922 982 2000 1028 113

147 1065 265 1112 bulo
290 1061 422 1110 urbis
449 1070 496 1109 et
523 1058 655 1108 Iberi
680 1057 852 1116 amnis,
881 1056 961 1104 cui
993 1054 1228 1112 insidunt,
1255 1051 1499 1116 appellati.
1575 1052 1773 1099 Horum
1799 1048 1898 1096 ani-

149 1162 257 1193 mus
283 1142 502 1208 pertinax
528 1150 576 1190 et
607 1139 759 1202 magis
785 1141 847 1187 ad
886 1137 1283 1186 latrocinandum
1315 1145 1361 1184 et
1391 1136 1455 1183 ad
1492 1134 1793 1190 bellandum,
1821 1133 1896 1180 vel

147 1229 210 1275 ad
247 1223 622 1289 perpetiendum
665 1222 867 1270 verbera
904 1236 1097 1282 semper
1134 1217 1303 1282 parati.
1377 1215 1610 1266 Celtiberi
1651 1231 1709 1263 ex
1745 1211 1899 1261 Gallis
1923 1225 2002 1271 114

149 1307 350 1359 Celticis
386 1308 596 1364 fuerunt,
629 1320 839 1367 quorum
871 1319 930 1351 ex
963 1300 1166 1350 nomine
1200 1300 1445 1363 appellata
1475 1306 1548 1346 est
1585 1295 1717 1359 regio
1755 1293 1904 1344 Celti—

81 1402 127 1442 15
150 1389 296 1439 beria.
372 1390 502 1436 Nam
534 1404 591 1434 ex
627 1384 831 1433 flumine
871 1382 1146 1446 Hispaniae
1182 1384 1342 1440 Ibero,
1372 1379 1457 1428 ubi
1491 1377 1824 1433 considerunt‚
1855 1383 1903 1422 et

150 1490 208 1521 ex
233 1471 401 1529 Gallis,
431 1468 513 1532 qui
541 1466 717 1518 Celtici
744 1465 1049 1523 dicebantur,
1070 1463 1223 1513 mixto
1249 1471 1460 1524 utroque
1485 1459 1730 1508 vocabulo
1757 1455 1904 1506 Celti-

151 1554 253 1601 beri
279 1549 549 1613 nuncupati
574 1558 703 1598 sunt.
755 1548 858 1595 Afri
885 1544 1117 1609 appellati
1142 1544 1206 1593 ab
1232 1559 1332 1592 uno
1352 1560 1410 1592 ex
1429 1539 1636 1605 posteris
1657 1538 1899 1589 Abrahae,
1927 1544 2006 1593 115

153 1633 236 1697 qui
263 1632 529 1682 vocabatur
553 1632 684 1688 Afer,
714 1628 798 1691 qui
824 1627 1003 1677 dicitur
1023 1625 1219 1675 duxisse
1244 1627 1479 1674 adversus
1502 1622 1710 1684 Libyam
1729 1619 1906 1669 exerci-

155 1726 273 1774 tum,
303 1723 350 1763 et
374 1713 442 1762 ibi
469 1711 607 1760 victis
645 1709 870 1759 hostibus
904 1707 1190 1768 considisse‚
1227 1706 1431 1769 eiusque
1468 1713 1690 1767 posteros
1728 1719 1786 1751 ex
1822 1717 1906 1749 no-

84 1811 134 1839 πο
156 1795 288 1844 mine
336 1793 464 1842 atavi
506 1803 554 1842 et
595 1794 740 1841 Afros
783 1801 831 1839 et
874 1790 1091 1839 Africam
1140 1804 1469 1852 nuncupasse.
1544 1786 1700 1834 Poeni
1739 1792 1905 1832 autem
1930 1779 2013 1826 116

154 1875 566 1938 Carthaginenses
592 1884 706 1922 sunt
730 1891 759 1921 a
786 1872 1118 1921 Phoenicibus
1145 1869 1430 1933 nuncupati,
1454 1868 1538 1931 qui
1564 1884 1675 1915 curn
1706 1864 1908 1913 Didone

154 1957 358 2024 profecti
384 1966 510 2006 sunt.
583 1955 757 2018 Tyrios
783 1971 898 2003 vero
917 1971 946 2002 a
965 1953 1112 2016 Tyria
1131 1953 1251 2001 urbe
1273 1950 1581 1999 Phoenicum
1607 1946 1905 2006 nominatos,
1931 1955 2009 2003 117

157 2043 220 2090 de
245 2057 342 2104 qua
366 2037 574 2102 profecti
599 2046 712 2085 sunt
729 2045 777 2084 et
802 2038 851 2083 in
877 2034 1072 2083 Africae
1096 2033 1210 2082 litus
1231 2041 1483 2081 venerunt.
1558 2029 1726 2079 Getuli
1751 2029 1909 2078 Getae
1932 2027 2013 2072 118

158 2123 389 2172 dicuntur
414 2120 575 2179 fuisse,
605 2118 688 2182 qui
714 2117 900 2182 ingenti
919 2116 1114 2180 agmine
1139 2116 1303 2163 alocis
1324 2114 1421 2162 suis
1441 2113 1648 2161 navibus
1675 2127 1910 2160 conscen-
1952 2158 1955 2160 ,
1988 2118 1994 2120 “
2024 2146 2028 2147 ⁷

89 2217 137 2259 ²5
160 2207 347 2262 dentes,
375 2204 482 2250 loca
518 2200 731 2263 Syrtium
757 2199 807 2247 in
844 2198 999 2260 Libya
1032 2206 1411 2260 occupaverunt,
1449 2205 1497 2244 et
1531 2194 1645 2257 quia
1675 2209 1733 2241 ex
1770 2191 1909 2241 Getis

159 2293 405 2344 venerant,
447 2282 665 2332 derivato
701 2280 904 2329 nomine
940 2279 1109 2329 Getuli
1155 2277 1491 2342 cognominati
1537 2285 1666 2326 sunt.
1762 2275 1909 2322 Vnde

222 2429 238 2454 1
271 2414 426 2454 Galleti
447 2413 487 2451 A
509 2428 518 2452 z
548 2412 698 2451 Calleti
720 2411 788 2450 K:
819 2410 998 2449 Gallecti
1017 2409 1058 2447 Β
1231 2422 1255 2458 3
1287 2415 1328 2447 et
1349 2422 1372 2447 a
1394 2407 1523 2446 natali
1546 2408 1666 2456 (corr.
1687 2404 1849 2455 -turali)
1879 2403 1917 2441 T

165 2485 189 2520 4
220 2471 376 2520 gallum
395 2481 494 2508 corr.
517 2467 675 2505 vallent
694 2466 736 2503 A
886 2465 1103 2514 Siquidem
1125 2477 1206 2503 om.
1229 2464 1270 2502 A
1412 2462 1523 2500 belle
1543 2461 1586 2500 A
1729 2465 1908 2498 mortem

164 2524 273 2564 codd.
496 2534 520 2571 5
550 2520 755 2572 invisum]
778 2519 1033 2558 invidiosum
1062 2518 1114 2557 Τ2
1133 2532 1266 2569 marg.
1437 2522 1559 2566 patre
1579 2515 1711 2554 ABT
1869 2518 1910 2550 et

166 2579 332 2618 ‘elamon
360 2578 397 2617 T
538 2582 625 2614 tum
645 2588 728 2614 non
750 2575 961 2624 receperit
981 2572 1027 2611 K
1205 2575 1231 2611 6
1261 2572 1404 2611 orbem
1430 2571 1479 2610 Cl
1663 2582 1684 2618 7
1706 2568 1912 2608 salamina

166 2634 334 2673 incond.
355 2632 396 2670 A
422 2631 523 2682 (pro
544 2643 656 2669 -narn
678 2630 824 2677 cond·)
960 2656 962 2659 «
997 2628 1191 2677 galatiam
1213 2625 1279 2665 K:
1310 2627 1551 2676 gallentiam
1573 2624 1615 2662 A
1784 2628 1825 2660 et
1846 2620 1907 2671 p.]

169 2689 377 2738 expositis
398 2685 546 2725 ABT:
579 2685 800 2735 expositus
824 2684 858 2723 C
1053 2696 1079 2732 9
1108 2695 1198 2720 voc.
1220 2682 1271 2719 ab
1293 2695 1344 2719 eo
1366 2680 1412 2719 K
1630 2684 1789 2717 sturam
1814 2675 1910 2715 CT:

168 2743 358 2781 isturiam
378 2741 419 2778 A
440 2755 449 2779 :
479 2740 643 2778 histura
663 2738 709 2776 K
813 2738 917 2777 secti
938 2737 987 2777 C1
1007 2751 1016 2775 :
1044 2738 1146 2776 serti
1173 2737 1233 2775 T:
1262 2742 1428 2786 septem
1449 2734 1495 2773 K
1606 2747 1655 2771 10
1674 2731 1912 2770 inhabitant

169 2796 262 2835 ΑΚ
403 2808 448 2834 11
482 2795 668 2834 insident
687 2792 886 2832 Schwarz
1033 2791 1270 2842 appellatur
1289 2790 1384 2829 ΑΚ
1520 2802 1566 2828 12
1603 2787 1846 2838 pellandum
1866 2785 1908 2821 A

176 2864 225 2900 13
253 2850 587 2901 perpediendum
608 2847 695 2887 ΒΚ
837 2847 946 2886 Celt.
974 2851 1016 2885 et
1037 2846 1144 2886 Gall.
1167 2845 1208 2882 A
1399 2857 1447 2894 14
1479 2844 1586 2882 Celt.
1612 2854 1707 2880 nam
1729 2846 1771 2878 et
1794 2839 1912 2879 C1T:

173 2905 442 2944 celtiberiana
463 2917 517 2942 ex
538 2902 585 2942 K
766 2903 816 2940 t6
844 2901 935 2953 qui]
961 2914 1041 2951 qua
1065 2901 1114 2939 C1
1224 2913 1275 2949 23
1303 2903 1392 2950 post
1409 2913 1491 2950 qua
1512 2897 1583 2936 del.
1608 2897 1766 2934 dictum
1787 2899 1852 2932 est
1872 2892 1919 2931 K

173 2970 225 3008 25
253 2960 390 3008 gentis
414 2961 527 3007 (corr.
554 2959 600 2997 -ti
624 2962 670 2995 ut
688 2957 790 3009 vid.)
808 2969 906 2996 ven.
931 2956 989 2994 T:
1011 2954 1127 3005 genti
1144 2967 1244 2993 suae
1262 2953 1308 2991 K
1318 2954 1420 2997 (non
1435 2955 1475 2992 A
1483 2957 1497 2998 ὃ
1586 2953 1638 2990 26
1657 2953 1864 2987 venerunt
1883 2947 1918 2986 C

175 3014 392 3052 dirivativo
415 3013 461 3052 K
480 3015 579 3065 <non
602 3013 662 3061 A)
830 3011 1129 3061 cognominata
1150 3008 1208 3046 Κ1
