<?xml version="1.0" encoding="UTF-8"?>
<!DOCTYPE html PUBLIC "-//W3C//DTD XHTML 1.0 Transitional//EN"
    "http://www.w3.org/TR/xhtml1/DTD/xhtml1-transitional.dtd">
<html xmlns="http://www.w3.org/1999/xhtml" xml:lang="en" lang="en">
 <head>
  <title>
</title>
<meta http-equiv="Content-Type" content="text/html;charset=utf-8" />
  <meta name='ocr-system' content='tesseract 3.04.00' />
  <meta name='ocr-capabilities' content='ocr_page ocr_carea ocr_par ocr_line ocrx_word'/>
</head>
<body>
  <div class='ocr_page' id='page_1' title='image "./isidori01isiduoft/isidori01isiduoft_0490.png"; bbox 0 0 2176 3424; ppageno 0'>
   <div class='ocr_carea' id='block_1_1' title="bbox 1111 140 1382 188">
    <p class='ocr_par' dir='ltr' id='par_1_1' title="bbox 1111 140 1382 188">
     <span class='ocr_line' id='line_1_1' title="bbox 1111 140 1382 188; baseline 0.004 -2"><span class='ocrx_word' id='word_1_1' title='bbox 1111 140 1382 188; x_wconf 85' lang='lat' dir='ltr'><strong>ISIDORI</strong></span> 
     </span>
    </p>
   </div>
   <div class='ocr_carea' id='block_1_2' title="bbox 279 269 2176 2468">
    <p class='ocr_par' dir='ltr' id='par_1_2' title="bbox 279 269 2176 2468">
     <span class='ocr_line' id='line_1_2' title="bbox 372 269 2119 334; baseline 0.002 -18"><span class='ocrx_word' id='word_1_2' title='bbox 372 270 507 330; x_wconf 88' lang='lat' dir='ltr'>quod</span> <span class='ocrx_word' id='word_1_3' title='bbox 529 285 676 331; x_wconf 88' lang='lat' dir='ltr'>parva</span> <span class='ocrx_word' id='word_1_4' title='bbox 702 269 763 317; x_wconf 88' lang='lat' dir='ltr'>sit</span> <span class='ocrx_word' id='word_1_5' title='bbox 788 277 835 317; x_wconf 93' lang='lat' dir='ltr'>et</span> <span class='ocrx_word' id='word_1_6' title='bbox 862 285 964 316; x_wconf 91' lang='lat' dir='ltr'>non</span> <span class='ocrx_word' id='word_1_7' title='bbox 992 270 1172 318; x_wconf 87' lang='lat' dir='ltr'>habeat</span> <span class='ocrx_word' id='word_1_8' title='bbox 1193 271 1379 318; x_wconf 88' lang='lat' dir='ltr'>oculos.</span> <span class='ocrx_word' id='word_1_9' title='bbox 1441 270 1735 334; x_wconf 90' lang='lat' dir='ltr'>Centupeda</span> <span class='ocrx_word' id='word_1_10' title='bbox 1753 288 1782 319; x_wconf 89' lang='lat' dir='ltr'>a</span> <span class='ocrx_word' id='word_1_11' title='bbox 1805 270 2119 320; x_wconf 84' lang='lat' dir='ltr'>multitudine</span> 
     </span>
     <span class='ocr_line' id='line_1_3' title="bbox 283 350 2117 418; baseline 0.002 -20"><span class='ocrx_word' id='word_1_12' title='bbox 283 371 347 418; x_wconf 89' lang='lat'>34</span> <span class='ocrx_word' id='word_1_13' title='bbox 371 351 558 413; x_wconf 91' lang='lat' dir='ltr'>pedum</span> <span class='ocrx_word' id='word_1_14' title='bbox 599 350 746 399; x_wconf 87' lang='lat' dir='ltr'>dicta.</span> <span class='ocrx_word' id='word_1_15' title='bbox 819 351 1058 399; x_wconf 86' lang='lat' dir='ltr'>Lacertus</span> <span class='ocrx_word' id='word_1_16' title='bbox 1096 353 1269 415; x_wconf 83' lang='lat' dir='ltr'><strong>reptile</strong></span> <span class='ocrx_word' id='word_1_17' title='bbox 1307 368 1462 415; x_wconf 89' lang='lat' dir='ltr'>genus</span> <span class='ocrx_word' id='word_1_18' title='bbox 1501 363 1586 414; x_wconf 90' lang='lat' dir='ltr'>est,</span> <span class='ocrx_word' id='word_1_19' title='bbox 1635 363 1836 402; x_wconf 90' lang='lat' dir='ltr'>vocatus</span> <span class='ocrx_word' id='word_1_20' title='bbox 1876 354 1943 401; x_wconf 89' lang='lat' dir='ltr'>ita</span> <span class='ocrx_word' id='word_1_21' title='bbox 1982 354 2117 416; x_wconf 85' lang='lat' dir='ltr'>quod</span> 
     </span>
     <span class='ocr_line' id='line_1_4' title="bbox 371 433 2119 498; baseline 0.001 -17"><span class='ocrx_word' id='word_1_22' title='bbox 371 433 571 481; x_wconf 87' lang='lat' dir='ltr'>brachia</span> <span class='ocrx_word' id='word_1_23' title='bbox 597 433 789 482; x_wconf 90' lang='lat' dir='ltr'>habeat.</span> <span class='ocrx_word' id='word_1_24' title='bbox 867 435 1063 483; x_wconf 78' lang='lat' dir='ltr'>Genera</span> <span class='ocrx_word' id='word_1_25' title='bbox 1083 435 1375 483; x_wconf 89' lang='lat' dir='ltr'>lacertorum</span> <span class='ocrx_word' id='word_1_26' title='bbox 1394 436 1532 498; x_wconf 89' lang='lat' dir='ltr'>plura</span> <span class='ocrx_word' id='word_1_27' title='bbox 1553 455 1561 483; x_wconf 91' lang='lat'>:</span> <span class='ocrx_word' id='word_1_28' title='bbox 1599 445 1652 484; x_wconf 90' lang='lat' dir='ltr'>ut</span> <span class='ocrx_word' id='word_1_29' title='bbox 1676 436 1862 495; x_wconf 87' lang='lat' dir='ltr'>botrax,</span> <span class='ocrx_word' id='word_1_30' title='bbox 1884 437 2119 484; x_wconf 88' lang='lat' dir='ltr'>salaman-</span> 
     </span>
     <span class='ocr_line' id='line_1_5' title="bbox 288 516 2118 580; baseline 0.002 -16"><span class='ocrx_word' id='word_1_31' title='bbox 288 528 350 576; x_wconf 89' lang='lat'>35</span> <span class='ocrx_word' id='word_1_32' title='bbox 373 516 472 574; x_wconf 88' lang='lat' dir='ltr'>dra,</span> <span class='ocrx_word' id='word_1_33' title='bbox 514 532 668 575; x_wconf 86' lang='lat' dir='ltr'>saura,</span> <span class='ocrx_word' id='word_1_34' title='bbox 702 518 876 566; x_wconf 88' lang='lat' dir='ltr'>stellio.</span> <span class='ocrx_word' id='word_1_35' title='bbox 953 518 1134 565; x_wconf 89' lang='lat' dir='ltr'>Botrax</span> <span class='ocrx_word' id='word_1_36' title='bbox 1166 518 1312 576; x_wconf 88' lang='lat' dir='ltr'>dicta,</span> <span class='ocrx_word' id='word_1_37' title='bbox 1352 519 1489 580; x_wconf 89' lang='lat' dir='ltr'>quod</span> <span class='ocrx_word' id='word_1_38' title='bbox 1522 535 1670 568; x_wconf 91' lang='lat' dir='ltr'>ranae</span> <span class='ocrx_word' id='word_1_39' title='bbox 1704 518 1885 567; x_wconf 89' lang='lat' dir='ltr'>habeat</span> <span class='ocrx_word' id='word_1_40' title='bbox 1913 518 2118 577; x_wconf 84' lang='lat' dir='ltr'>faciem;</span> 
     </span>
     <span class='ocr_line' id='line_1_6' title="bbox 279 598 2176 666; baseline 0.001 -20"><span class='ocrx_word' id='word_1_41' title='bbox 279 601 347 660; x_wconf 87' lang='lat'>36</span> <span class='ocrx_word' id='word_1_42' title='bbox 373 613 489 645; x_wconf 92' lang='lat' dir='ltr'>nam</span> <span class='ocrx_word' id='word_1_43' title='bbox 518 598 695 645; x_wconf 88' lang='lat' dir='ltr'>Graeci</span> <span class='ocrx_word' id='word_1_44' title='bbox 722 615 891 646; x_wconf 88' lang='lat' dir='ltr'>ranam</span> <span class='ocrx_word' id='word_1_45' title='bbox 916 599 1163 663; x_wconf 83' lang='grc' dir='ltr'>βάτραχον</span> <span class='ocrx_word' id='word_1_46' title='bbox 1181 608 1373 647; x_wconf 86' lang='lat' dir='ltr'>vocant.</span> <span class='ocrx_word' id='word_1_47' title='bbox 1437 601 1759 648; x_wconf 87' lang='lat' dir='ltr'>Salamandra</span> <span class='ocrx_word' id='word_1_48' title='bbox 1776 608 1962 660; x_wconf 87' lang='lat' dir='ltr'>vocata,</span> <span class='ocrx_word' id='word_1_49' title='bbox 1984 601 2120 663; x_wconf 88' lang='lat' dir='ltr'>quod</span> <span class='ocrx_word' id='word_1_50' title='bbox 2147 627 2176 666; x_wconf 53' lang='lat'>5!</span> 
     </span>
     <span class='ocr_line' id='line_1_7' title="bbox 372 675 2120 730; baseline 0.002 -4"><span class='ocrx_word' id='word_1_51' title='bbox 372 687 546 727; x_wconf 91' lang='lat' dir='ltr'>contra</span> <span class='ocrx_word' id='word_1_52' title='bbox 570 675 802 728; x_wconf 89' lang='lat' dir='ltr'>incendia</span> <span class='ocrx_word' id='word_1_53' title='bbox 822 681 995 728; x_wconf 86' lang='lat' dir='ltr'>valeat.</span> <span class='ocrx_word' id='word_1_54' title='bbox 1058 681 1212 730; x_wconf 90' lang='lat' dir='ltr'>Cuius</span> <span class='ocrx_word' id='word_1_55' title='bbox 1230 680 1354 730; x_wconf 89' lang='lat' dir='ltr'>inter</span> <span class='ocrx_word' id='word_1_56' title='bbox 1373 680 1541 730; x_wconf 87' lang='lat' dir='ltr'>omnia</span> <span class='ocrx_word' id='word_1_57' title='bbox 1557 690 1800 730; x_wconf 87' lang='lat' dir='ltr'>venenata</span> <span class='ocrx_word' id='word_1_58' title='bbox 1817 681 1887 730; x_wconf 90' lang='lat' dir='ltr'>vis</span> <span class='ocrx_word' id='word_1_59' title='bbox 1908 683 2120 730; x_wconf 90' lang='lat' dir='ltr'>maxima</span> 
     </span>
     <span class='ocr_line' id='line_1_8' title="bbox 373 761 2122 826; baseline 0.001 -17"><span class='ocrx_word' id='word_1_60' title='bbox 373 770 478 821; x_wconf 80' lang='lat' dir='ltr'>est3</span> <span class='ocrx_word' id='word_1_61' title='bbox 515 771 676 810; x_wconf 89' lang='lat' dir='ltr'>cetera</span> <span class='ocrx_word' id='word_1_62' title='bbox 702 761 835 810; x_wconf 91' lang='lat' dir='ltr'>enim</span> <span class='ocrx_word' id='word_1_63' title='bbox 870 762 1089 826; x_wconf 91' lang='lat' dir='ltr'>singulos</span> <span class='ocrx_word' id='word_1_64' title='bbox 1119 764 1311 823; x_wconf 90' lang='lat' dir='ltr'>feriunt,</span> <span class='ocrx_word' id='word_1_65' title='bbox 1342 765 1465 812; x_wconf 90' lang='lat' dir='ltr'>haec</span> <span class='ocrx_word' id='word_1_66' title='bbox 1495 763 1733 826; x_wconf 89' lang='lat' dir='ltr'>plurimos</span> <span class='ocrx_word' id='word_1_67' title='bbox 1759 764 1938 826; x_wconf 90' lang='lat' dir='ltr'>pariter</span> <span class='ocrx_word' id='word_1_68' title='bbox 1962 763 2122 812; x_wconf 91' lang='lat' dir='ltr'>interi-</span> 
     </span>
     <span class='ocr_line' id='line_1_9' title="bbox 373 843 2122 909; baseline 0.002 -18"><span class='ocrx_word' id='word_1_69' title='bbox 373 843 476 891; x_wconf 89' lang='lat' dir='ltr'>mit.</span> <span class='ocrx_word' id='word_1_70' title='bbox 551 845 683 892; x_wconf 88' lang='lat' dir='ltr'>Nam</span> <span class='ocrx_word' id='word_1_71' title='bbox 718 843 758 892; x_wconf 91' lang='lat' dir='ltr'>si</span> <span class='ocrx_word' id='word_1_72' title='bbox 787 844 949 893; x_wconf 88' lang='lat' dir='ltr'>arbori</span> <span class='ocrx_word' id='word_1_73' title='bbox 982 846 1252 908; x_wconf 82' lang='lat' dir='ltr'><strong>inrepserit,</strong></span> <span class='ocrx_word' id='word_1_74' title='bbox 1281 848 1448 894; x_wconf 85' lang='lat' dir='ltr'>omnia</span> <span class='ocrx_word' id='word_1_75' title='bbox 1478 863 1628 909; x_wconf 88' lang='lat' dir='ltr'>poma</span> <span class='ocrx_word' id='word_1_76' title='bbox 1658 846 1812 895; x_wconf 90' lang='lat' dir='ltr'>inficit</span> <span class='ocrx_word' id='word_1_77' title='bbox 1838 861 2046 904; x_wconf 88' lang='lat' dir='ltr'>veneno,</span> <span class='ocrx_word' id='word_1_78' title='bbox 2074 854 2122 894; x_wconf 93' lang='lat' dir='ltr'>et</span> 
     </span>
     <span class='ocr_line' id='line_1_10' title="bbox 374 926 2121 992; baseline 0.001 -18"><span class='ocrx_word' id='word_1_79' title='bbox 374 943 459 975; x_wconf 92' lang='lat' dir='ltr'>eos</span> <span class='ocrx_word' id='word_1_80' title='bbox 486 928 570 989; x_wconf 83' lang='lat' dir='ltr'>qui</span> <span class='ocrx_word' id='word_1_81' title='bbox 597 926 788 975; x_wconf 79' lang='lat' dir='ltr'><strong>ederint</strong></span> <span class='ocrx_word' id='word_1_82' title='bbox 815 927 999 976; x_wconf 91' lang='lat' dir='ltr'>occidit</span> <span class='ocrx_word' id='word_1_83' title='bbox 1021 945 1033 987; x_wconf 83' lang='lat'>;</span> <span class='ocrx_word' id='word_1_84' title='bbox 1070 929 1155 990; x_wconf 89' lang='lat' dir='ltr'>qui</span> <span class='ocrx_word' id='word_1_85' title='bbox 1189 927 1337 977; x_wconf 89' lang='lat' dir='ltr'>etiam</span> <span class='ocrx_word' id='word_1_86' title='bbox 1370 931 1448 978; x_wconf 90' lang='lat' dir='ltr'>vel</span> <span class='ocrx_word' id='word_1_87' title='bbox 1479 930 1517 977; x_wconf 92' lang='lat' dir='ltr'>si</span> <span class='ocrx_word' id='word_1_88' title='bbox 1550 928 1600 976; x_wconf 91' lang='lat' dir='ltr'>in</span> <span class='ocrx_word' id='word_1_89' title='bbox 1635 938 1839 992; x_wconf 89' lang='lat' dir='ltr'>puteum</span> <span class='ocrx_word' id='word_1_90' title='bbox 1865 930 2025 986; x_wconf 89' lang='lat' dir='ltr'>cadat,</span> <span class='ocrx_word' id='word_1_91' title='bbox 2051 927 2121 976; x_wconf 88' lang='lat' dir='ltr'>vis</span> 
     </span>
     <span class='ocr_line' id='line_1_11' title="bbox 374 1008 2174 1075; baseline 0.002 -18"><span class='ocrx_word' id='word_1_92' title='bbox 374 1008 553 1058; x_wconf 89' lang='lat' dir='ltr'>veneni</span> <span class='ocrx_word' id='word_1_93' title='bbox 580 1010 682 1057; x_wconf 90' lang='lat' dir='ltr'>eius</span> <span class='ocrx_word' id='word_1_94' title='bbox 708 1019 937 1072; x_wconf 88' lang='lat' dir='ltr'>potantes</span> <span class='ocrx_word' id='word_1_95' title='bbox 963 1009 1205 1059; x_wconf 89' lang='lat' dir='ltr'>interficit.</span> <span class='ocrx_word' id='word_1_96' title='bbox 1270 1014 1370 1060; x_wconf 89' lang='lat' dir='ltr'>Ista</span> <span class='ocrx_word' id='word_1_97' title='bbox 1390 1020 1561 1061; x_wconf 88' lang='lat' dir='ltr'>contra</span> <span class='ocrx_word' id='word_1_98' title='bbox 1579 1011 1811 1060; x_wconf 90' lang='lat' dir='ltr'>incendia</span> <span class='ocrx_word' id='word_1_99' title='bbox 1829 1027 2120 1075; x_wconf 84' lang='lat' dir='ltr'>repugnans,</span> <span class='ocrx_word' id='word_1_100' title='bbox 2148 1032 2174 1060; x_wconf 56' lang='lat'>1*</span> 
     </span>
     <span class='ocr_line' id='line_1_12' title="bbox 374 1090 2122 1156; baseline 0.002 -18"><span class='ocrx_word' id='word_1_101' title='bbox 374 1090 511 1154; x_wconf 90' lang='lat' dir='ltr'>ignes</span> <span class='ocrx_word' id='word_1_102' title='bbox 541 1093 646 1139; x_wconf 90' lang='lat' dir='ltr'>sola</span> <span class='ocrx_word' id='word_1_103' title='bbox 682 1091 970 1140; x_wconf 87' lang='lat' dir='ltr'>animalium</span> <span class='ocrx_word' id='word_1_104' title='bbox 1005 1094 1243 1156; x_wconf 85' lang='lat' dir='ltr'>extinguit</span> <span class='ocrx_word' id='word_1_105' title='bbox 1261 1111 1274 1154; x_wconf 78' lang='lat'>3</span> <span class='ocrx_word' id='word_1_106' title='bbox 1311 1093 1427 1142; x_wconf 88' lang='lat' dir='ltr'>vivit</span> <span class='ocrx_word' id='word_1_107' title='bbox 1457 1093 1589 1142; x_wconf 91' lang='lat' dir='ltr'>enim</span> <span class='ocrx_word' id='word_1_108' title='bbox 1619 1092 1670 1140; x_wconf 90' lang='lat' dir='ltr'>in</span> <span class='ocrx_word' id='word_1_109' title='bbox 1705 1095 1880 1142; x_wconf 90' lang='lat' dir='ltr'>mediis</span> <span class='ocrx_word' id='word_1_110' title='bbox 1911 1093 2122 1142; x_wconf 89' lang='lat' dir='ltr'>flammis</span> 
     </span>
     <span class='ocr_line' id='line_1_13' title="bbox 375 1172 2118 1238; baseline 0.001 -18"><span class='ocrx_word' id='word_1_111' title='bbox 375 1172 481 1221; x_wconf 89' lang='lat' dir='ltr'>sine</span> <span class='ocrx_word' id='word_1_112' title='bbox 507 1174 678 1221; x_wconf 91' lang='lat' dir='ltr'>dolore</span> <span class='ocrx_word' id='word_1_113' title='bbox 704 1183 752 1222; x_wconf 90' lang='lat' dir='ltr'>et</span> <span class='ocrx_word' id='word_1_114' title='bbox 781 1174 1230 1236; x_wconf 87' lang='lat' dir='ltr'>consummatione,</span> <span class='ocrx_word' id='word_1_115' title='bbox 1260 1184 1308 1224; x_wconf 92' lang='lat' dir='ltr'>et</span> <span class='ocrx_word' id='word_1_116' title='bbox 1339 1192 1440 1223; x_wconf 93' lang='lat' dir='ltr'>non</span> <span class='ocrx_word' id='word_1_117' title='bbox 1475 1177 1635 1224; x_wconf 91' lang='lat' dir='ltr'>solum</span> <span class='ocrx_word' id='word_1_118' title='bbox 1673 1174 1788 1238; x_wconf 85' lang='lat' dir='ltr'>quia</span> <span class='ocrx_word' id='word_1_119' title='bbox 1817 1191 1918 1224; x_wconf 92' lang='lat' dir='ltr'>non</span> <span class='ocrx_word' id='word_1_120' title='bbox 1954 1174 2118 1234; x_wconf 89' lang='lat' dir='ltr'>uritur,</span> 
     </span>
     <span class='ocr_line' id='line_1_14' title="bbox 290 1254 2119 1319; baseline 0.001 -17"><span class='ocrx_word' id='word_1_121' title='bbox 290 1263 351 1312; x_wconf 91' lang='lat'>37</span> <span class='ocrx_word' id='word_1_122' title='bbox 376 1256 464 1302; x_wconf 88' lang='lat' dir='ltr'>sed</span> <span class='ocrx_word' id='word_1_123' title='bbox 490 1254 727 1317; x_wconf 87' lang='lat' dir='ltr'>extinguit</span> <span class='ocrx_word' id='word_1_124' title='bbox 752 1254 1055 1304; x_wconf 86' lang='lat' dir='ltr'>incendium.</span> <span class='ocrx_word' id='word_1_125' title='bbox 1130 1258 1281 1304; x_wconf 89' lang='lat' dir='ltr'>Saura</span> <span class='ocrx_word' id='word_1_126' title='bbox 1305 1258 1529 1317; x_wconf 88' lang='lat' dir='ltr'>lacertus,</span> <span class='ocrx_word' id='word_1_127' title='bbox 1556 1256 1640 1319; x_wconf 87' lang='lat' dir='ltr'>qui</span> <span class='ocrx_word' id='word_1_128' title='bbox 1666 1257 1868 1319; x_wconf 90' lang='lat' dir='ltr'>quando</span> <span class='ocrx_word' id='word_1_129' title='bbox 1894 1258 2119 1314; x_wconf 85' lang='lat' dir='ltr'>senescit,</span> 
     </span>
     <span class='ocr_line' id='line_1_15' title="bbox 375 1336 2121 1402; baseline 0.001 -18"><span class='ocrx_word' id='word_1_130' title='bbox 375 1346 638 1385; x_wconf 89' lang='lat' dir='ltr'>caecantur</span> <span class='ocrx_word' id='word_1_131' title='bbox 667 1336 798 1385; x_wconf 91' lang='lat' dir='ltr'>oculi</span> <span class='ocrx_word' id='word_1_132' title='bbox 836 1337 954 1397; x_wconf 86' lang='lat' dir='ltr'>eius,</span> <span class='ocrx_word' id='word_1_133' title='bbox 996 1347 1043 1386; x_wconf 91' lang='lat' dir='ltr'>et</span> <span class='ocrx_word' id='word_1_134' title='bbox 1078 1339 1225 1387; x_wconf 90' lang='lat' dir='ltr'>intrat</span> <span class='ocrx_word' id='word_1_135' title='bbox 1258 1339 1307 1386; x_wconf 93' lang='lat' dir='ltr'>in</span> <span class='ocrx_word' id='word_1_136' title='bbox 1345 1341 1567 1388; x_wconf 87' lang='lat' dir='ltr'>foramen</span> <span class='ocrx_word' id='word_1_137' title='bbox 1597 1338 1795 1402; x_wconf 86' lang='lat' dir='ltr'>parietis</span> <span class='ocrx_word' id='word_1_138' title='bbox 1839 1338 2121 1402; x_wconf 90' lang='lat' dir='ltr'>aspicientis</span> 
     </span>
     <span class='ocr_line' id='line_1_16' title="bbox 289 1419 2176 1479; baseline 0.001 -13"><span class='ocrx_word' id='word_1_139' title='bbox 289 1421 353 1479; x_wconf 89' lang='lat'>38</span> <span class='ocrx_word' id='word_1_140' title='bbox 377 1427 549 1467; x_wconf 88' lang='lat' dir='ltr'>contra</span> <span class='ocrx_word' id='word_1_141' title='bbox 574 1419 849 1479; x_wconf 84' lang='lat' dir='ltr'>Orientem,</span> <span class='ocrx_word' id='word_1_142' title='bbox 875 1428 924 1468; x_wconf 93' lang='lat' dir='ltr'>et</span> <span class='ocrx_word' id='word_1_143' title='bbox 949 1428 1058 1468; x_wconf 91' lang='lat' dir='ltr'>orto</span> <span class='ocrx_word' id='word_1_144' title='bbox 1084 1421 1188 1468; x_wconf 91' lang='lat' dir='ltr'>sole</span> <span class='ocrx_word' id='word_1_145' title='bbox 1222 1419 1435 1470; x_wconf 87' lang='lat' dir='ltr'>intendit</span> <span class='ocrx_word' id='word_1_146' title='bbox 1465 1430 1512 1470; x_wconf 88' lang='lat' dir='ltr'>et</span> <span class='ocrx_word' id='word_1_147' title='bbox 1543 1420 1875 1469; x_wconf 88' lang='lat' dir='ltr'>inluminatur.</span> <span class='ocrx_word' id='word_1_148' title='bbox 1951 1420 2121 1470; x_wconf 89' lang='lat' dir='ltr'>Stellio</span> <span class='ocrx_word' id='word_1_149' title='bbox 2148 1439 2176 1468; x_wconf 74' lang='lat'>1÷</span> 
     </span>
     <span class='ocr_line' id='line_1_17' title="bbox 377 1500 2122 1567; baseline 0.003 -19"><span class='ocrx_word' id='word_1_150' title='bbox 377 1502 440 1550; x_wconf 88' lang='lat' dir='ltr'>de</span> <span class='ocrx_word' id='word_1_151' title='bbox 466 1503 631 1549; x_wconf 90' lang='lat' dir='ltr'>colore</span> <span class='ocrx_word' id='word_1_152' title='bbox 656 1500 869 1550; x_wconf 90' lang='lat' dir='ltr'>inditum</span> <span class='ocrx_word' id='word_1_153' title='bbox 894 1518 1080 1550; x_wconf 91' lang='lat' dir='ltr'>nomen</span> <span class='ocrx_word' id='word_1_154' title='bbox 1106 1502 1256 1551; x_wconf 91' lang='lat' dir='ltr'>habet</span> <span class='ocrx_word' id='word_1_155' title='bbox 1277 1522 1290 1563; x_wconf 82' lang='lat'><em>3</em></span> <span class='ocrx_word' id='word_1_156' title='bbox 1327 1513 1400 1551; x_wconf 91' lang='lat' dir='ltr'>est</span> <span class='ocrx_word' id='word_1_157' title='bbox 1420 1502 1551 1551; x_wconf 91' lang='lat' dir='ltr'>enim</span> <span class='ocrx_word' id='word_1_158' title='bbox 1573 1513 1762 1566; x_wconf 86' lang='lat' dir='ltr'>tergore</span> <span class='ocrx_word' id='word_1_159' title='bbox 1781 1503 1940 1567; x_wconf 92' lang='lat' dir='ltr'>pictus</span> <span class='ocrx_word' id='word_1_160' title='bbox 1960 1505 2122 1553; x_wconf 90' lang='lat' dir='ltr'>lucen-</span> 
     </span>
     <span class='ocr_line' id='line_1_18' title="bbox 375 1583 2119 1649; baseline 0.001 -19"><span class='ocrx_word' id='word_1_161' title='bbox 375 1583 508 1631; x_wconf 90' lang='lat' dir='ltr'>tibus</span> <span class='ocrx_word' id='word_1_162' title='bbox 543 1584 693 1646; x_wconf 90' lang='lat' dir='ltr'>guttis</span> <span class='ocrx_word' id='word_1_163' title='bbox 732 1584 780 1630; x_wconf 90' lang='lat' dir='ltr'>in</span> <span class='ocrx_word' id='word_1_164' title='bbox 819 1585 1026 1632; x_wconf 88' lang='lat' dir='ltr'>modum</span> <span class='ocrx_word' id='word_1_165' title='bbox 1066 1585 1328 1632; x_wconf 88' lang='lat' dir='ltr'>stellarum.</span> <span class='ocrx_word' id='word_1_166' title='bbox 1406 1587 1483 1634; x_wconf 91' lang='lat' dir='ltr'>De</span> <span class='ocrx_word' id='word_1_167' title='bbox 1514 1602 1613 1647; x_wconf 89' lang='lat' dir='ltr'>quo</span> <span class='ocrx_word' id='word_1_168' title='bbox 1647 1584 1856 1634; x_wconf 91' lang='lat' dir='ltr'>Ovidius</span> <span class='ocrx_word' id='word_1_169' title='bbox 1890 1586 2119 1649; x_wconf 88' lang='lat' dir='ltr'>(Metam.</span> 
     </span>
     <span class='ocr_line' id='line_1_19' title="bbox 379 1668 595 1731; baseline -0.009 -4"><span class='ocrx_word' id='word_1_170' title='bbox 379 1668 595 1731; x_wconf 35' lang='lat'>5‚461)-=</span> 
     </span>
     <span class='ocr_line' id='line_1_20' title="bbox 1053 1748 1517 1810; baseline 0.002 -15"><span class='ocrx_word' id='word_1_171' title='bbox 1053 1755 1325 1810; x_wconf 87' lang='lat' dir='ltr'>aptumque</span> <span class='ocrx_word' id='word_1_172' title='bbox 1362 1748 1517 1797; x_wconf 89' lang='lat' dir='ltr'>colori</span> 
     </span>
     <span class='ocr_line' id='line_1_21' title="bbox 580 1829 2176 1894; baseline 0.001 -17"><span class='ocrx_word' id='word_1_173' title='bbox 580 1830 782 1878; x_wconf 91' lang='lat' dir='ltr'>Nomen</span> <span class='ocrx_word' id='word_1_174' title='bbox 817 1830 981 1889; x_wconf 92' lang='lat' dir='ltr'>habet,</span> <span class='ocrx_word' id='word_1_175' title='bbox 1021 1829 1163 1878; x_wconf 87' lang='lat' dir='ltr'>variis</span> <span class='ocrx_word' id='word_1_176' title='bbox 1201 1831 1419 1878; x_wconf 88' lang='lat' dir='ltr'>stellatus</span> <span class='ocrx_word' id='word_1_177' title='bbox 1456 1847 1661 1894; x_wconf 91' lang='lat' dir='ltr'>corpore</span> <span class='ocrx_word' id='word_1_178' title='bbox 1697 1831 1860 1894; x_wconf 91' lang='lat' dir='ltr'>guttis.</span> <span class='ocrx_word' id='word_1_179' title='bbox 2146 1856 2176 1883; x_wconf 74' lang='lat'>2«</span> 
     </span>
     <span class='ocr_line' id='line_1_22' title="bbox 379 1910 2121 1975; baseline 0.001 -16"><span class='ocrx_word' id='word_1_180' title='bbox 379 1910 479 1959; x_wconf 92' lang='lat' dir='ltr'>Hic</span> <span class='ocrx_word' id='word_1_181' title='bbox 515 1920 682 1960; x_wconf 87' lang='lat' dir='ltr'>autem</span> <span class='ocrx_word' id='word_1_182' title='bbox 720 1910 1063 1975; x_wconf 89' lang='lat' dir='ltr'>scorpionibus</span> <span class='ocrx_word' id='word_1_183' title='bbox 1100 1913 1228 1961; x_wconf 88' lang='lat' dir='ltr'>adeo</span> <span class='ocrx_word' id='word_1_184' title='bbox 1265 1912 1536 1961; x_wconf 90' lang='lat' dir='ltr'>contrarius</span> <span class='ocrx_word' id='word_1_185' title='bbox 1579 1913 1784 1962; x_wconf 90' lang='lat' dir='ltr'>traditur</span> <span class='ocrx_word' id='word_1_186' title='bbox 1823 1923 1874 1962; x_wconf 93' lang='lat' dir='ltr'>ut</span> <span class='ocrx_word' id='word_1_187' title='bbox 1917 1912 2022 1961; x_wconf 88' lang='lat' dir='ltr'>viso</span> <span class='ocrx_word' id='word_1_188' title='bbox 2062 1929 2121 1961; x_wconf 95' lang='lat' dir='ltr'>eo</span> 
     </span>
     <span class='ocr_line' id='line_1_23' title="bbox 283 1992 2121 2058; baseline -0.001 -16"><span class='ocrx_word' id='word_1_189' title='bbox 283 2012 353 2058; x_wconf 87' lang='lat'>39</span> <span class='ocrx_word' id='word_1_190' title='bbox 377 2010 608 2057; x_wconf 89' lang='lat' dir='ltr'>pavorem</span> <span class='ocrx_word' id='word_1_191' title='bbox 658 1992 733 2041; x_wconf 88' lang='lat' dir='ltr'>his</span> <span class='ocrx_word' id='word_1_192' title='bbox 781 1994 969 2042; x_wconf 88' lang='lat' dir='ltr'>adferat</span> <span class='ocrx_word' id='word_1_193' title='bbox 1017 2002 1064 2041; x_wconf 92' lang='lat' dir='ltr'>et</span> <span class='ocrx_word' id='word_1_194' title='bbox 1107 2003 1371 2056; x_wconf 92' lang='lat' dir='ltr'>torporem.</span> <span class='ocrx_word' id='word_1_195' title='bbox 1445 1996 1568 2043; x_wconf 90' lang='lat' dir='ltr'>Sunt</span> <span class='ocrx_word' id='word_1_196' title='bbox 1605 2004 1653 2043; x_wconf 94' lang='lat' dir='ltr'>et</span> <span class='ocrx_word' id='word_1_197' title='bbox 1689 1995 1782 2043; x_wconf 89' lang='lat' dir='ltr'>alia</span> <span class='ocrx_word' id='word_1_198' title='bbox 1820 1997 2121 2058; x_wconf 88' lang='lat' dir='ltr'>serpentium</span> 
     </span>
     <span class='ocr_line' id='line_1_24' title="bbox 376 2076 2121 2138; baseline 0.001 -15"><span class='ocrx_word' id='word_1_199' title='bbox 376 2091 555 2138; x_wconf 88' lang='lat' dir='ltr'>genera</span> <span class='ocrx_word' id='word_1_200' title='bbox 577 2093 591 2135; x_wconf 74' lang='lat'><em>3</em></span> <span class='ocrx_word' id='word_1_201' title='bbox 638 2085 691 2123; x_wconf 91' lang='lat' dir='ltr'>ut</span> <span class='ocrx_word' id='word_1_202' title='bbox 728 2076 1058 2138; x_wconf 88' lang='lat' dir='ltr'>ammodytae,</span> <span class='ocrx_word' id='word_1_203' title='bbox 1102 2076 1426 2138; x_wconf 86' lang='lat' dir='ltr'>elephantiae,</span> <span class='ocrx_word' id='word_1_204' title='bbox 1472 2077 1956 2126; x_wconf 60' lang='lat' dir='ltr'>chamaedracontes</span> <span class='ocrx_word' id='word_1_205' title='bbox 2031 2079 2121 2124; x_wconf 91' lang='lat' dir='ltr'>Po-</span> 
     </span>
     <span class='ocr_line' id='line_1_25' title="bbox 377 2157 2121 2219; baseline 0.001 -14"><span class='ocrx_word' id='word_1_206' title='bbox 377 2166 559 2206; x_wconf 88' lang='lat' dir='ltr'>stremo</span> <span class='ocrx_word' id='word_1_207' title='bbox 593 2166 805 2219; x_wconf 88' lang='lat' dir='ltr'>quantus</span> <span class='ocrx_word' id='word_1_208' title='bbox 843 2157 1119 2216; x_wconf 89' lang='lat' dir='ltr'>nominum,</span> <span class='ocrx_word' id='word_1_209' title='bbox 1148 2166 1312 2205; x_wconf 87' lang='lat' dir='ltr'>tantus</span> <span class='ocrx_word' id='word_1_210' title='bbox 1353 2158 1583 2206; x_wconf 91' lang='lat' dir='ltr'>mortium</span> <span class='ocrx_word' id='word_1_211' title='bbox 1611 2175 1858 2207; x_wconf 80' lang='lat' dir='ltr'>numerus,</span> <span class='ocrx_word' id='word_1_212' title='bbox 1933 2160 2121 2208; x_wconf 91' lang='lat' dir='ltr'>Omnes</span> 
     </span>
     <span class='ocr_line' id='line_1_26' title="bbox 377 2238 2176 2303; baseline 0.001 -16"><span class='ocrx_word' id='word_1_213' title='bbox 377 2249 543 2288; x_wconf 88' lang='lat' dir='ltr'>autem</span> <span class='ocrx_word' id='word_1_214' title='bbox 578 2247 830 2302; x_wconf 89' lang='lat' dir='ltr'>serpentes</span> <span class='ocrx_word' id='word_1_215' title='bbox 865 2248 1037 2287; x_wconf 87' lang='lat' dir='ltr'>natura</span> <span class='ocrx_word' id='word_1_216' title='bbox 1068 2256 1155 2287; x_wconf 87' lang='lat' dir='ltr'>sua</span> <span class='ocrx_word' id='word_1_217' title='bbox 1188 2238 1391 2302; x_wconf 90' lang='lat' dir='ltr'>frigidae</span> <span class='ocrx_word' id='word_1_218' title='bbox 1424 2249 1566 2299; x_wconf 79' lang='lat' dir='ltr'>sunt3</span> <span class='ocrx_word' id='word_1_219' title='bbox 1603 2257 1694 2288; x_wconf 90' lang='lat' dir='ltr'>nec</span> <span class='ocrx_word' id='word_1_220' title='bbox 1726 2240 2005 2303; x_wconf 90' lang='lat' dir='ltr'>percutiunt</span> <span class='ocrx_word' id='word_1_221' title='bbox 2031 2240 2123 2289; x_wconf 91' lang='lat' dir='ltr'>nisi</span> <span class='ocrx_word' id='word_1_222' title='bbox 2147 2263 2176 2291; x_wconf 77' lang='lat'>21</span> 
     </span>
     <span class='ocr_line' id='line_1_27' title="bbox 283 2322 2120 2393; baseline 0 -23"><span class='ocrx_word' id='word_1_223' title='bbox 283 2345 352 2393; x_wconf 94' lang='lat'>40</span> <span class='ocrx_word' id='word_1_224' title='bbox 378 2323 580 2384; x_wconf 90' lang='lat' dir='ltr'>quando</span> <span class='ocrx_word' id='word_1_225' title='bbox 600 2323 864 2370; x_wconf 90' lang='lat' dir='ltr'>calescunt.</span> <span class='ocrx_word' id='word_1_226' title='bbox 930 2323 1061 2369; x_wconf 90' lang='lat' dir='ltr'>Nam</span> <span class='ocrx_word' id='word_1_227' title='bbox 1082 2322 1284 2383; x_wconf 86' lang='lat' dir='ltr'>quando</span> <span class='ocrx_word' id='word_1_228' title='bbox 1304 2331 1418 2369; x_wconf 91' lang='lat' dir='ltr'>sunt</span> <span class='ocrx_word' id='word_1_229' title='bbox 1438 2323 1652 2384; x_wconf 90' lang='lat' dir='ltr'>frigidae,</span> <span class='ocrx_word' id='word_1_230' title='bbox 1678 2324 1868 2370; x_wconf 92' lang='lat' dir='ltr'>nullum</span> <span class='ocrx_word' id='word_1_231' title='bbox 1889 2332 2120 2386; x_wconf 89' lang='lat' dir='ltr'>tangunt;</span> 
     </span>
     <span class='ocr_line' id='line_1_28' title="bbox 377 2403 2124 2468; baseline 0.002 -18"><span class='ocrx_word' id='word_1_232' title='bbox 377 2405 511 2452; x_wconf 89' lang='lat' dir='ltr'>unde</span> <span class='ocrx_word' id='word_1_233' title='bbox 538 2412 584 2451; x_wconf 92' lang='lat' dir='ltr'>et</span> <span class='ocrx_word' id='word_1_234' title='bbox 611 2419 802 2452; x_wconf 91' lang='lat' dir='ltr'>venena</span> <span class='ocrx_word' id='word_1_235' title='bbox 828 2420 997 2452; x_wconf 89' lang='lat' dir='ltr'>eorum</span> <span class='ocrx_word' id='word_1_236' title='bbox 1026 2404 1134 2466; x_wconf 89' lang='lat' dir='ltr'>plus</span> <span class='ocrx_word' id='word_1_237' title='bbox 1169 2403 1250 2451; x_wconf 90' lang='lat' dir='ltr'>die</span> <span class='ocrx_word' id='word_1_238' title='bbox 1281 2419 1429 2465; x_wconf 89' lang='lat' dir='ltr'>quam</span> <span class='ocrx_word' id='word_1_239' title='bbox 1456 2413 1602 2452; x_wconf 90' lang='lat' dir='ltr'>nocte</span> <span class='ocrx_word' id='word_1_240' title='bbox 1629 2414 1827 2453; x_wconf 88' lang='lat' dir='ltr'>nocent.</span> <span class='ocrx_word' id='word_1_241' title='bbox 1900 2407 2124 2468; x_wconf 89' lang='lat' dir='ltr'>Torpent</span> 
     </span>
    </p>
   </div>
   <div class='ocr_carea' id='block_1_3' title="bbox 379 2531 2175 3128">
    <p class='ocr_par' dir='ltr' id='par_1_3' title="bbox 379 2531 2175 3128">
     <span class='ocr_line' id='line_1_29' title="bbox 431 2531 2125 2585; baseline 0.002 -14"><span class='ocrx_word' id='word_1_242' title='bbox 431 2546 455 2570; x_wconf 85' lang='lat'><em>2</em></span> <span class='ocrx_word' id='word_1_243' title='bbox 485 2545 582 2581; x_wconf 88' lang='lat' dir='ltr'>gen.</span> <span class='ocrx_word' id='word_1_244' title='bbox 604 2538 670 2571; x_wconf 88' lang='lat' dir='ltr'>est</span> <span class='ocrx_word' id='word_1_245' title='bbox 692 2545 779 2582; x_wconf 90' lang='lat' dir='ltr'>rep.</span> <span class='ocrx_word' id='word_1_246' title='bbox 806 2532 840 2570; x_wconf 90' lang='lat' dir='ltr'><em>C</em></span> <span class='ocrx_word' id='word_1_247' title='bbox 1001 2545 1027 2581; x_wconf 86' lang='lat'><strong>3</strong></span> <span class='ocrx_word' id='word_1_248' title='bbox 1057 2532 1258 2572; x_wconf 88' lang='lat' dir='ltr'>batracha</span> <span class='ocrx_word' id='word_1_249' title='bbox 1277 2531 1375 2571; x_wconf 80' lang='lat' dir='ltr'>Ilzm</span> <span class='ocrx_word' id='word_1_250' title='bbox 1398 2533 1466 2585; x_wconf 80' lang='lat' dir='ltr'>(ex</span> <span class='ocrx_word' id='word_1_251' title='bbox 1481 2539 1586 2584; x_wconf 84' lang='lat' dir='ltr'>corp.</span> <span class='ocrx_word' id='word_1_252' title='bbox 1612 2533 1742 2573; x_wconf 84' lang='lat' dir='ltr'>Gloss.</span> <span class='ocrx_word' id='word_1_253' title='bbox 1762 2534 1855 2573; x_wconf 84' lang='lat' dir='ltr'>Lat.</span> <span class='ocrx_word' id='word_1_254' title='bbox 1876 2547 1915 2584; x_wconf 88' lang='lat'>5,</span> <span class='ocrx_word' id='word_1_255' title='bbox 1937 2535 2033 2584; x_wconf 89' lang='lat'>616,</span> <span class='ocrx_word' id='word_1_256' title='bbox 2055 2535 2125 2584; x_wconf 83' lang='lat'>28)</span> 
     </span>
     <span class='ocr_line' id='line_1_30' title="bbox 379 2586 2127 2636; baseline 0.001 -10"><span class='ocrx_word' id='word_1_257' title='bbox 379 2588 659 2627; x_wconf 84' lang='lat' dir='ltr'>salamandria</span> <span class='ocrx_word' id='word_1_258' title='bbox 679 2587 767 2625; x_wconf 83' lang='lat' dir='ltr'>RK</span> <span class='ocrx_word' id='word_1_259' title='bbox 776 2587 812 2625; x_wconf 88' lang='lat' dir='ltr'><em>T</em></span> <span class='ocrx_word' id='word_1_260' title='bbox 971 2602 995 2636; x_wconf 91' lang='lat'>4</span> <span class='ocrx_word' id='word_1_261' title='bbox 1026 2587 1139 2626; x_wconf 89' lang='lat' dir='ltr'>stelli</span> <span class='ocrx_word' id='word_1_262' title='bbox 1161 2586 1207 2630; x_wconf 88' lang='lat' dir='ltr'><em>K</em></span> <span class='ocrx_word' id='word_1_263' title='bbox 1226 2601 1236 2626; x_wconf 76' lang='lat' dir='ltr'><em>z</em></span> <span class='ocrx_word' id='word_1_264' title='bbox 1266 2587 1410 2626; x_wconf 86' lang='lat' dir='ltr'>sthilio</span> <span class='ocrx_word' id='word_1_265' title='bbox 1440 2588 1497 2628; x_wconf 93' lang='lat' dir='ltr'>T:</span> <span class='ocrx_word' id='word_1_266' title='bbox 1526 2588 1649 2626; x_wconf 87' lang='lat' dir='ltr'>stelio</span> <span class='ocrx_word' id='word_1_267' title='bbox 1675 2588 1710 2626; x_wconf 88' lang='lat' dir='ltr'><em>C</em></span> <span class='ocrx_word' id='word_1_268' title='bbox 1814 2589 1995 2628; x_wconf 87' lang='lat' dir='ltr'>Botraca</span> <span class='ocrx_word' id='word_1_269' title='bbox 2015 2589 2127 2629; x_wconf 88' lang='lat' dir='ltr'>codd.</span> 
     </span>
     <span class='ocr_line' id='line_1_31' title="bbox 380 2640 2125 2694; baseline 0.001 -13"><span class='ocrx_word' id='word_1_270' title='bbox 380 2643 508 2681; x_wconf 87' lang='lat' dir='ltr'>habet</span> <span class='ocrx_word' id='word_1_271' title='bbox 545 2642 582 2679; x_wconf 92' lang='lat' dir='ltr'><em>T</em></span> <span class='ocrx_word' id='word_1_272' title='bbox 741 2653 766 2690; x_wconf 87' lang='lat'>5</span> <span class='ocrx_word' id='word_1_273' title='bbox 796 2640 1010 2693; x_wconf 85' lang='grc' dir='ltr'>βάτραχον</span> <span class='ocrx_word' id='word_1_274' title='bbox 1044 2643 1168 2680; x_wconf 85' lang='lat' dir='ltr'>Arev.</span> <span class='ocrx_word' id='word_1_275' title='bbox 1192 2657 1199 2680; x_wconf 73' lang='grc' dir='ltr'>ε</span> <span class='ocrx_word' id='word_1_276' title='bbox 1230 2641 1477 2680; x_wconf 86' lang='lat' dir='ltr'>botracham</span> <span class='ocrx_word' id='word_1_277' title='bbox 1501 2642 1643 2694; x_wconf 86' lang='lat' dir='ltr'>(-cam,</span> <span class='ocrx_word' id='word_1_278' title='bbox 1670 2643 1755 2692; x_wconf 86' lang='lat' dir='ltr'>-ca)</span> <span class='ocrx_word' id='word_1_279' title='bbox 1778 2643 1891 2683; x_wconf 91' lang='lat' dir='ltr'>codd.</span> <span class='ocrx_word' id='word_1_280' title='bbox 2008 2644 2125 2684; x_wconf 89' lang='lat' dir='ltr'>Sala-</span> 
     </span>
     <span class='ocr_line' id='line_1_32' title="bbox 380 2694 2125 2748; baseline 0.001 -12"><span class='ocrx_word' id='word_1_281' title='bbox 380 2697 572 2736; x_wconf 88' lang='lat' dir='ltr'>mandria</span> <span class='ocrx_word' id='word_1_282' title='bbox 594 2694 716 2734; x_wconf 88' lang='lat' dir='ltr'>BCT</span> <span class='ocrx_word' id='word_1_283' title='bbox 822 2697 918 2746; x_wconf 89' lang='lat' dir='ltr'>quia</span> <span class='ocrx_word' id='word_1_284' title='bbox 941 2698 976 2736; x_wconf 89' lang='lat' dir='ltr'><em>C</em></span> <span class='ocrx_word' id='word_1_285' title='bbox 1113 2698 1140 2734; x_wconf 90' lang='lat'><strong>6</strong></span> <span class='ocrx_word' id='word_1_286' title='bbox 1169 2696 1284 2735; x_wconf 86' lang='lat' dir='ltr'>valet</span> <span class='ocrx_word' id='word_1_287' title='bbox 1307 2696 1342 2735; x_wconf 89' lang='lat' dir='ltr'><em>C</em></span> <span class='ocrx_word' id='word_1_288' title='bbox 1448 2698 1628 2736; x_wconf 88' lang='lat' dir='ltr'>venenis</span> <span class='ocrx_word' id='word_1_289' title='bbox 1650 2696 1727 2736; x_wconf 89' lang='lat' dir='ltr'>CT</span> <span class='ocrx_word' id='word_1_290' title='bbox 1873 2711 1900 2748; x_wconf 92' lang='lat'>9</span> <span class='ocrx_word' id='word_1_291' title='bbox 1927 2700 2125 2738; x_wconf 88' lang='lat' dir='ltr'>occidunt</span> 
     </span>
     <span class='ocr_line' id='line_1_33' title="bbox 380 2750 2175 2804; baseline 0.001 -14"><span class='ocrx_word' id='word_1_292' title='bbox 380 2752 426 2790; x_wconf 89' lang='lat' dir='ltr'><em>K</em></span> <span class='ocrx_word' id='word_1_293' title='bbox 547 2751 583 2789; x_wconf 89' lang='lat' dir='ltr'>si</span> <span class='ocrx_word' id='word_1_294' title='bbox 602 2751 671 2789; x_wconf 92' lang='lat' dir='ltr'>vel</span> <span class='ocrx_word' id='word_1_295' title='bbox 691 2751 755 2792; x_wconf 87' lang='lat' dir='ltr'>B:</span> <span class='ocrx_word' id='word_1_296' title='bbox 786 2765 870 2790; x_wconf 84' lang='lat' dir='ltr'>om.</span> <span class='ocrx_word' id='word_1_297' title='bbox 903 2751 941 2788; x_wconf 89' lang='lat' dir='ltr'><em>T</em></span> <span class='ocrx_word' id='word_1_298' title='bbox 1063 2751 1174 2790; x_wconf 87' lang='lat' dir='ltr'>cadit</span> <span class='ocrx_word' id='word_1_299' title='bbox 1212 2750 1250 2788; x_wconf 92' lang='lat' dir='ltr'><em>T</em></span> <span class='ocrx_word' id='word_1_300' title='bbox 1410 2764 1459 2791; x_wconf 91' lang='lat'>10</span> <span class='ocrx_word' id='word_1_301' title='bbox 1489 2752 1586 2791; x_wconf 91' lang='lat' dir='ltr'>veni</span> <span class='ocrx_word' id='word_1_302' title='bbox 1625 2751 1679 2790; x_wconf 88' lang='lat' dir='ltr'>T1</span> <span class='ocrx_word' id='word_1_303' title='bbox 1843 2752 1944 2804; x_wconf 90' lang='lat' dir='ltr'>ista]</span> <span class='ocrx_word' id='word_1_304' title='bbox 1966 2754 2025 2792; x_wconf 90' lang='lat' dir='ltr'>ita</span> <span class='ocrx_word' id='word_1_305' title='bbox 2041 2752 2129 2791; x_wconf 85' lang='grc' dir='ltr'>ΒΚ</span> <span class='ocrx_word' id='word_1_306' title='bbox 2172 2782 2175 2784; x_wconf 84' lang='grc'>-</span> 
     </span>
     <span class='ocr_line' id='line_1_34' title="bbox 383 2805 2124 2858; baseline 0.001 -13"><span class='ocrx_word' id='word_1_307' title='bbox 383 2810 624 2858; x_wconf 88' lang='lat' dir='ltr'>repugnant</span> <span class='ocrx_word' id='word_1_308' title='bbox 649 2806 745 2854; x_wconf 88' lang='lat' dir='ltr'>igne</span> <span class='ocrx_word' id='word_1_309' title='bbox 776 2806 835 2843; x_wconf 84' lang='grc' dir='ltr'>Β1</span> <span class='ocrx_word' id='word_1_310' title='bbox 1005 2818 1050 2843; x_wconf 91' lang='lat'>11</span> <span class='ocrx_word' id='word_1_311' title='bbox 1085 2806 1194 2844; x_wconf 90' lang='lat' dir='ltr'>med.</span> <span class='ocrx_word' id='word_1_312' title='bbox 1228 2805 1270 2844; x_wconf 90' lang='lat' dir='ltr'>in</span> <span class='ocrx_word' id='word_1_313' title='bbox 1308 2806 1347 2843; x_wconf 90' lang='lat' dir='ltr'>fl.</span> <span class='ocrx_word' id='word_1_314' title='bbox 1385 2805 1421 2844; x_wconf 92' lang='lat' dir='ltr'><em>C</em></span> <span class='ocrx_word' id='word_1_315' title='bbox 1595 2819 1643 2845; x_wconf 86' lang='lat'>12</span> <span class='ocrx_word' id='word_1_316' title='bbox 1673 2807 1998 2857; x_wconf 89' lang='lat' dir='ltr'>consumptione</span> <span class='ocrx_word' id='word_1_317' title='bbox 2032 2807 2124 2847; x_wconf 84' lang='lat' dir='ltr'>dett.</span> 
     </span>
     <span class='ocr_line' id='line_1_35' title="bbox 385 2859 2134 2912; baseline 0 -13"><span class='ocrx_word' id='word_1_318' title='bbox 385 2875 431 2911; x_wconf 89' lang='lat'>14</span> <span class='ocrx_word' id='word_1_319' title='bbox 463 2860 638 2912; x_wconf 88' lang='lat' dir='ltr'>parietis</span> <span class='ocrx_word' id='word_1_320' title='bbox 652 2873 734 2901; x_wconf 88' lang='lat' dir='ltr'>om.</span> <span class='ocrx_word' id='word_1_321' title='bbox 755 2860 803 2899; x_wconf 87' lang='lat' dir='ltr'>C1</span> <span class='ocrx_word' id='word_1_322' title='bbox 917 2860 1130 2911; x_wconf 86' lang='lat' dir='ltr'>aspiciens</span> <span class='ocrx_word' id='word_1_323' title='bbox 1153 2859 1188 2898; x_wconf 93' lang='lat' dir='ltr'><em>C</em></span> <span class='ocrx_word' id='word_1_324' title='bbox 1318 2871 1366 2909; x_wconf 87' lang='lat'>15</span> <span class='ocrx_word' id='word_1_325' title='bbox 1398 2860 1534 2900; x_wconf 88' lang='lat' dir='ltr'>Stelio</span> <span class='ocrx_word' id='word_1_326' title='bbox 1558 2860 1612 2899; x_wconf 81' lang='lat' dir='ltr'>C:</span> <span class='ocrx_word' id='word_1_327' title='bbox 1644 2861 1766 2900; x_wconf 88' lang='lat' dir='ltr'>Stilio</span> <span class='ocrx_word' id='word_1_328' title='bbox 1787 2861 1859 2900; x_wconf 88' lang='lat' dir='ltr'>K:</span> <span class='ocrx_word' id='word_1_329' title='bbox 1889 2861 2068 2900; x_wconf 82' lang='lat' dir='ltr'>Sthenio</span> <span class='ocrx_word' id='word_1_330' title='bbox 2096 2861 2134 2900; x_wconf 93' lang='lat' dir='ltr'><em>T</em></span> 
     </span>
     <span class='ocr_line' id='line_1_36' title="bbox 387 2913 2122 2965; baseline 0.001 -11"><span class='ocrx_word' id='word_1_331' title='bbox 387 2919 435 2955; x_wconf 86' lang='lat'>16</span> <span class='ocrx_word' id='word_1_332' title='bbox 465 2916 602 2954; x_wconf 90' lang='lat' dir='ltr'>indito</span> <span class='ocrx_word' id='word_1_333' title='bbox 622 2914 668 2952; x_wconf 89' lang='lat' dir='ltr'><strong><em>K</em></strong></span> <span class='ocrx_word' id='word_1_334' title='bbox 749 2915 1010 2965; x_wconf 87' lang='lat' dir='ltr'>fulgentibus</span> <span class='ocrx_word' id='word_1_335' title='bbox 1027 2914 1073 2952; x_wconf 94' lang='lat' dir='ltr'><em>K</em></span> <span class='ocrx_word' id='word_1_336' title='bbox 1166 2928 1216 2964; x_wconf 92' lang='lat'>19</span> <span class='ocrx_word' id='word_1_337' title='bbox 1246 2913 1387 2954; x_wconf 89' lang='lat' dir='ltr'>colore</span> <span class='ocrx_word' id='word_1_338' title='bbox 1400 2914 1489 2953; x_wconf 87' lang='grc' dir='ltr'>ΒΚ</span> <span class='ocrx_word' id='word_1_339' title='bbox 1597 2928 1648 2953; x_wconf 92' lang='grc'>22</span> <span class='ocrx_word' id='word_1_340' title='bbox 1678 2915 1807 2954; x_wconf 91' lang='lat' dir='ltr'>alium</span> <span class='ocrx_word' id='word_1_341' title='bbox 1827 2915 1867 2955; x_wconf 92' lang='lat' dir='ltr'><em>T</em></span> <span class='ocrx_word' id='word_1_342' title='bbox 1971 2929 2023 2965; x_wconf 87' lang='lat'>23</span> <span class='ocrx_word' id='word_1_343' title='bbox 2050 2918 2122 2956; x_wconf 82' lang='lat' dir='ltr'>ad-</span> 
     </span>
     <span class='ocr_line' id='line_1_37' title="bbox 383 2968 2125 3022; baseline 0.001 -13"><span class='ocrx_word' id='word_1_344' title='bbox 383 2971 568 3009; x_wconf 86' lang='lat' dir='ltr'>moditae</span> <span class='ocrx_word' id='word_1_345' title='bbox 584 2969 683 3022; x_wconf 85' lang='lat' dir='ltr'>(-te)</span> <span class='ocrx_word' id='word_1_346' title='bbox 701 2969 781 3008; x_wconf 90' lang='lat' dir='ltr'>BC</span> <span class='ocrx_word' id='word_1_347' title='bbox 784 2969 821 3007; x_wconf 88' lang='lat' dir='ltr'><em>T</em></span> <span class='ocrx_word' id='word_1_348' title='bbox 833 2984 841 3008; x_wconf 75' lang='grc' dir='ltr'><em>τ</em></span> <span class='ocrx_word' id='word_1_349' title='bbox 862 2970 1074 3009; x_wconf 89' lang='lat' dir='ltr'>admonite</span> <span class='ocrx_word' id='word_1_350' title='bbox 1095 2968 1142 3007; x_wconf 89' lang='lat' dir='ltr'><em>K</em></span> <span class='ocrx_word' id='word_1_351' title='bbox 1249 2970 1620 3010; x_wconf 86' lang='lat' dir='ltr'>examedracont-is</span> <span class='ocrx_word' id='word_1_352' title='bbox 1633 2969 1679 3007; x_wconf 89' lang='lat' dir='ltr'><em>K</em></span> <span class='ocrx_word' id='word_1_353' title='bbox 1769 2983 1830 3020; x_wconf 82' lang='grc'>,24</span> <span class='ocrx_word' id='word_1_354' title='bbox 1859 2975 2028 3010; x_wconf 85' lang='lat' dir='ltr'>tantum.</span> <span class='ocrx_word' id='word_1_355' title='bbox 2045 2968 2125 3011; x_wconf 74' lang='lat' dir='ltr'>ino.</span> 
     </span>
     <span class='ocr_line' id='line_1_38' title="bbox 383 3022 2123 3076; baseline 0.001 -14"><span class='ocrx_word' id='word_1_356' title='bbox 383 3025 425 3062; x_wconf 90' lang='grc' dir='ltr'><em>Β</em></span> <span class='ocrx_word' id='word_1_357' title='bbox 536 3038 587 3074; x_wconf 84' lang='grc'>25</span> <span class='ocrx_word' id='word_1_358' title='bbox 618 3024 761 3073; x_wconf 85' lang='lat' dir='ltr'>frigidi</span> <span class='ocrx_word' id='word_1_359' title='bbox 784 3023 863 3062; x_wconf 90' lang='lat' dir='ltr'>CK</span> <span class='ocrx_word' id='word_1_360' title='bbox 990 3025 1043 3062; x_wconf 88' lang='lat'>26</span> <span class='ocrx_word' id='word_1_361' title='bbox 1072 3029 1229 3074; x_wconf 90' lang='lat' dir='ltr'>quanto</span> <span class='ocrx_word' id='word_1_362' title='bbox 1250 3023 1291 3062; x_wconf 90' lang='grc' dir='ltr'><em>Β</em></span> <span class='ocrx_word' id='word_1_363' title='bbox 1403 3026 1530 3074; x_wconf 84' lang='lat' dir='ltr'>figide</span> <span class='ocrx_word' id='word_1_364' title='bbox 1558 3024 1701 3063; x_wconf 77' lang='lat' dir='ltr'>Tame</span> <span class='ocrx_word' id='word_1_365' title='bbox 1719 3022 1819 3064; x_wconf 73' lang='lat' dir='ltr'>co&#39;rr.</span> <span class='ocrx_word' id='word_1_366' title='bbox 1948 3038 1998 3075; x_wconf 87' lang='lat'>27</span> <span class='ocrx_word' id='word_1_367' title='bbox 2029 3024 2123 3076; x_wconf 87' lang='lat' dir='ltr'>plus</span> 
     </span>
     <span class='ocr_line' id='line_1_39' title="bbox 383 3079 2009 3128; baseline -0.001 -10"><span class='ocrx_word' id='word_1_368' title='bbox 383 3092 451 3119; x_wconf 79' lang='lat' dir='ltr'>no,</span> <span class='ocrx_word' id='word_1_369' title='bbox 473 3093 537 3128; x_wconf 89' lang='lat' dir='ltr'>qu.</span> <span class='ocrx_word' id='word_1_370' title='bbox 565 3079 634 3118; x_wconf 91' lang='lat' dir='ltr'>die</span> <span class='ocrx_word' id='word_1_371' title='bbox 656 3079 696 3116; x_wconf 91' lang='grc' dir='ltr'><em>Β</em></span> <span class='ocrx_word' id='word_1_372' title='bbox 1596 3099 1600 3113; x_wconf 75' lang='lat' dir='ltr'>s</span> <span class='ocrx_word' id='word_1_373' title='bbox 2007 3102 2009 3104; x_wconf 37' lang='lat' dir='ltr'>v</span> 
     </span>
    </p>
   </div>
  </div>
 </body>
</html>
