2176 3424
1069 114 1343 163 ISIDORI

329 244 537 294 striones
571 253 618 292 et
649 243 801 292 mimi.
876 244 1024 292 Dicta
1052 252 1219 291 autem
1245 259 1393 291 scena
1425 244 1616 293 Graeca
1637 243 1987 305 appellatione,
2019 259 2079 291 eo

330 327 467 388 quod
492 325 544 373 in
569 323 783 388 speciem
801 325 980 373 domus
995 333 1096 373 erat
1122 323 1369 372 instructa.
1432 324 1580 373 Vnde
1598 332 1647 371 et
1670 324 1804 385 apud
1823 323 2083 373 Hebraeos

331 408 762 456 tabernaculorum
802 405 1053 455 dedicatio
1090 423 1119 454 a
1158 405 1479 454 similitudine
1517 404 1882 455 domiciliorum
1919 426 2083 468 σκηνο-

332 491 479 556 πήγια
503 488 892 551 appellabantur.

169 580 310 620 XLIV
472 573 554 618 DE
593 584 921 618 ORCHESTRA.
996 570 1261 619 Orchestra
1296 578 1463 617 autem
1499 570 1716 632 pulpitus
1753 577 1855 617 erat
1894 584 2085 628 scenae,
2109 586 2131 626 5

333 652 418 701 ubi
445 653 642 701 saltator
664 668 807 714 agere
833 661 1014 714 posset,
1041 660 1125 699 aut
1151 652 1252 699 duo
1278 650 1403 699 inter
1432 667 1483 698 se
1509 649 1773 712 disputare.
1849 649 1927 698 Ibi
1953 648 2084 698 enim

332 743 509 797 poetae
535 732 767 782 comoedi
792 742 839 781 et
865 731 1084 795 tragoedi
1103 733 1166 780 ad
1193 742 1441 780 certamen
1466 731 1884 788 conscendebant,
1912 733 2087 794 hisque

333 815 626 864 canentibus
667 814 758 863 salii
806 823 972 878 gestus
1025 814 1256 864 edebant.
1341 815 1518 864 Officia
1566 813 1790 862 scenica:
1851 812 2086 876 tragoedi,

335 897 586 958 comoedi,
611 896 877 959 thymelici,
905 896 1179 956 histriones,
1209 895 1347 944 mimi
1373 904 1421 944 et
1447 896 1714 944 saltatores.

197 987 315 1025 XLV
476 981 558 1026 DE
594 993 907 1027 TRAGOEDIS.
978 979 1224 1041 Tragoedi
1263 987 1377 1026 sunt
1412 978 1496 1040 qui
1533 976 1737 1040 antiqua
1770 986 1907 1040 gesta
1939 986 2090 1040 atque
2117 1001 2166 1029 10

336 1061 554 1110 facinora
573 1062 922 1109 sceleratorum
948 1075 1117 1122 regum
1137 1061 1362 1108 luctuosa
1388 1059 1605 1108 carmine
1625 1068 1879 1122 spectante
1904 1060 2090 1122 populo

339 1142 687 1193 concinebant.

175 1228 314 1267 XLVI
478 1227 562 1273 DE
594 1238 871 1273 COMOEDIS.
959 1223 1206 1273 Comoedi
1241 1231 1355 1271 sunt
1385 1222 1469 1285 qui
1499 1222 1797 1285 privatorum
1831 1223 2091 1270 hominum

339 1315 450 1356 acta
475 1306 619 1355 dictis
634 1314 718 1354 aut
741 1315 881 1369 gestu
896 1304 1179 1363 cantabant,
1200 1313 1349 1367 atque
1375 1314 1542 1367 stupra
1565 1303 1805 1366 virginum
1827 1313 1876 1352 et
1900 1319 2093 1352 amores

343 1387 654 1438 meretricum
680 1387 731 1436 in
756 1389 856 1436 suis
882 1387 1059 1436 fabulis
1084 1386 1438 1450 exprimebant.
2119 1406 2164 1446 15

158 1475 318 1514 XLVII
480 1473 563 1519 DE
601 1483 936 1518 THYMELICIS.
1011 1467 1287 1531 Thymelici
1323 1477 1489 1516 autem
1526 1477 1663 1517 erant
1700 1466 1875 1515 musici
1912 1465 2094 1515 scenici

343 1548 428 1612 qui
454 1547 503 1595 in
537 1549 731 1611 organis
765 1557 813 1596 et
843 1548 955 1610 lyris
988 1557 1036 1595 et
1066 1548 1263 1595 citharis
1293 1546 1670 1608 praecanebant.
1745 1546 1809 1592 Et
1841 1544 1960 1593 dicti
1993 1545 2095 1606 thy-

344 1625 507 1675 melici
533 1627 670 1689 quod
689 1627 808 1673 olim
834 1624 885 1673 in
906 1626 1156 1674 orchestra
1180 1632 1363 1673 stantes
1380 1623 1647 1673 cantabant
1664 1640 1809 1686 super
1833 1621 2091 1686 pulpitum,

343 1709 479 1772 quod
505 1708 722 1770 thymele
746 1707 1026 1756 vocabatur.

134 1796 319 1835 XLVIII
482 1791 565 1837 DE
603 1802 987 1837 HlSTRloNrssvs.
1060 1786 1387 1852 (H>istriones
1423 1796 1538 1835 sunt
1574 1786 1658 1850 qui
1695 1785 1922 1834 muliebri
1958 1785 2096 1835 indu·
2121 1809 2170 1842 29

345 1880 513 1920 mento
538 1881 703 1934 gestus
729 1869 1076 1933 inpudicarum
1107 1868 1399 1918 feminarum
1433 1868 1772 1932 exprimebant
1788 1886 1802 1928 3
1855 1867 1906 1915 hi
1930 1878 2096 1917 autem

343 1954 572 2003 saltando
613 1952 762 2002 etiam
801 1951 1027 2001 historias
1069 1961 1116 2001 et
1155 1968 1230 2000 res
1267 1961 1428 2014 gestas
1468 1949 1889 1999 demonstrabant.
1964 1950 2097 1998 Dicti

343 2045 511 2085 autem
536 2034 797 2084 histriones
827 2034 928 2083 sive
964 2036 1099 2096 quod
1123 2033 1187 2083 ab
1215 2032 1405 2082 Histria
1434 2032 1486 2082 id
1521 2048 1677 2095 genus
1707 2031 1768 2080 sit
1804 2032 2094 2091 adductum,

344 2117 445 2167 sive
484 2119 621 2181 quod
659 2119 914 2180 perplexas
962 2115 1174 2165 historiis
1222 2116 1412 2164 fabulas
1460 2114 1801 2178 exprimerent,
1843 2113 1984 2177 quasi
2030 2114 2100 2161 hi-

346 2199 604 2249 storiones.
2122 2216 2168 2258 25

180 2291 326 2331 XLIX
485 2283 570 2329 DE
609 2295 778 2329 MlMls.
853 2279 999 2328 Mimi
1041 2289 1154 2328 sunt
1192 2278 1311 2328 dicti
1360 2280 1549 2327 Graeca
1594 2275 1924 2340 appellatione
1962 2277 2098 2339 quod

347 2380 509 2412 rerum
549 2364 876 2410 humanarum
915 2362 1013 2410 sint
1048 2361 1352 2421 imitatores3
1400 2377 1514 2408 nam
1551 2358 1804 2407 habebant
1841 2375 1983 2406 suurn
2019 2375 2100 2406 au-

402 2505 427 2541 3
458 2491 572 2543 σκη.]
595 2498 713 2541 -φηγ-
739 2489 784 2528 K
791 2489 903 2540 Τ(ιή
922 2489 963 2526 Β
983 2490 1216 2536 turbatum)
1329 2500 1353 2538 5
1385 2488 1578 2527 Orcistra
1595 2485 1704 2526 codd.
1819 2488 1846 2524 6
1874 2486 1941 2535 agi
1962 2486 2098 2535 possit

349 2546 395 2584 K
501 2560 528 2596 9
555 2546 743 2585 striones
761 2545 875 2584 codd.
1019 2550 1061 2582 et
1080 2558 1162 2583 om.
1193 2543 1244 2581 Tl
1372 2557 1417 2581 11
1451 2543 1646 2581 luctuoso
1668 2541 1709 2579 Β
1848 2541 2033 2579 carmina
2054 2539 2100 2578 K

350 2606 631 2651 exspectante
651 2600 692 2638 Β
806 2612 854 2637 12
882 2600 1192 2637 concinnebant
1212 2596 1259 2634 K
1362 2611 1411 2646 13
1439 2598 1699 2647 privatorum
1724 2595 1803 2633 BF
1804 2595 1841 2634 T
1857 2610 1865 2633 :
1893 2607 2094 2633 vanorum

349 2656 439 2695 KN
455 2657 586 2708 (—na-)
730 2666 776 2703 14
807 2659 880 2692 aut
906 2652 1013 2693 RK:
1043 2659 1171 2702 atque
1199 2652 1235 2691 T
1371 2654 1421 2690 16
1449 2651 1654 2690 Temelici
1675 2649 1782 2688 KT:
1812 2649 2039 2688 Temelicia
2058 2648 2100 2686 Β

351 2711 522 2750 musicis
537 2709 670 2749 cecini
684 2708 740 2746 Β1
856 2721 903 2758 17
933 2713 976 2747 et
995 2708 1020 2746 l.
1042 2708 1299 2756 citharisque
1316 2705 1362 2744 K
1375 2720 1384 2745 :
1413 2712 1456 2744 et
1476 2707 1500 2746 l.
1521 2712 1563 2745 et
1580 2704 1803 2744 citharicos
1827 2704 1864 2743 T
1933 2705 2095 2743 theme-

350 2766 419 2804 lici
446 2765 503 2804 T:
535 2763 720 2803 temelici
742 2763 788 2800 K
803 2777 812 2802 ε
843 2763 981 2802 melici
1001 2763 1057 2801 Β1
1203 2764 1251 2799 18
1279 2761 1457 2800 orcistra
1477 2760 1588 2800 codd.
1730 2771 1779 2808 19
1808 2758 1963 2797 temele
1982 2757 2092 2797 codd.

350 2834 399 2859 21
432 2825 553 2869 gesto
580 2819 618 2857 T
632 2833 641 2858 ε
669 2818 802 2867 gestis
820 2818 861 2856 Β
1007 2817 1206 2855 feminum
1234 2816 1271 2854 T
1410 2816 1480 2855 hic
1501 2829 1567 2854 au.
1593 2813 1640 2852 K
1808 2826 1860 2850 22
1887 2812 2038 2851 storias
2066 2811 2103 2849 T

349 2888 402 2925 23
429 2874 613 2913 striones
633 2872 744 2912 codd.
910 2871 1027 2911 striia
1055 2871 1111 2909 T1
1133 2876 1179 2909 ut
1195 2870 1276 2910 vid.
1485 2883 1538 2918 24
1569 2869 1764 2908 historias
1783 2867 1838 2905 Βι
1858 2882 1867 2906 :
1896 2866 2038 2905 storiis
2065 2866 2102 2904 T

347 2930 564 2968 storiones
590 2928 628 2967 T
800 2929 853 2965 26
883 2928 991 2966 dicta
1009 2926 1094 2965 Bl:
1122 2938 1207 2964 om.
1227 2923 1318 2963 KN
1477 2936 1528 2973 27
1556 2923 1714 2962 habent
1730 2921 1770 2960 Β
1910 2927 2096 2964 actorem
2165 2933 2172 2940 ·

352 2984 391 3022 A
398 2997 474 3023 rev.
