2228 3444
1057 172 1330 221 ISIDORI

235 311 288 356 13
315 299 574 348 Secundus
614 301 792 349 modus
820 309 905 359 est,
936 298 1019 362 qui
1046 298 1283 348 conducit
1309 317 1367 349 ex
1400 300 1756 351 universalibus
1790 302 2068 351 abdicativa

314 390 362 430 et
399 380 679 430 dedicativa
714 380 1051 431 abdicativum
1095 380 1371 432 universale
1408 381 1649 443 directim,
1689 394 1776 433 ut:
1833 387 2067 434 ‘Nullum

315 472 455 527 turpe
481 465 748 513 honestum
770 484 778 513 :
818 481 967 513 omne
993 463 1176 512 iustum
1203 465 1498 515 honestum:
1536 467 1728 515 nullum
1754 466 1898 530 igitur
1927 477 2068 530 turpe

235 563 289 610 14
314 545 529 594 iustum.⁷
600 546 797 596 Tertius
833 547 1012 596 modus
1048 557 1135 607 est,
1164 546 1248 610 qui
1282 548 1519 597 conducit
1545 566 1603 598 ex
1629 549 1907 612 particulari
1934 549 2069 599 dedi-

313 630 473 677 cativa
492 638 540 678 et
566 628 826 678 universali
852 629 1132 678 abdicativa
1151 629 1488 679 abdicativum
1509 631 1800 695 particulare
1826 632 2065 692 directim,
2092 649 2116 697 5

314 720 399 760 ut:
442 713 747 773 ‘Quoddam
786 711 968 760 iustum
1012 713 1307 761 honestum:
1359 715 1550 762 nullum
1590 723 1731 777 turpe
1773 716 2069 764 honestum:

239 808 293 856 15
316 794 571 855 quoddam
612 794 755 857 igitur
798 794 981 842 iustum
1018 811 1118 842 non
1153 805 1226 842 est
1266 797 1438 858 turpe.'
1511 798 1728 858 Quartus
1764 798 1944 846 modus
1978 807 2065 857 est,

315 874 399 939 qui
438 875 675 925 conducit
711 893 768 924 ex
799 875 1077 939 particulari
1113 876 1392 926 abdicativa
1419 887 1466 926 et
1493 879 1754 927 universali
1793 879 2070 928 dedicativa

315 956 651 1006 abdicativum
685 960 976 1021 particulare
1012 958 1253 1019 directim,
1283 970 1366 1008 ut:
1408 962 1708 1022 ‘Quoddam
1750 962 1933 1010 iustum
1967 979 2070 1010 non

317 1048 389 1087 est
415 1048 585 1102 turpe:
625 1057 774 1088 omne
792 1042 977 1088 malum
1001 1050 1140 1103 turpe
1168 1059 1176 1094 ;
1213 1043 1469 1104 quoddam
1490 1041 1635 1105 igitur
1659 1042 1841 1092 iustum
1870 1060 1970 1092 non
1997 1053 2069 1092 est
2097 1060 2146 1089 10

232 1123 291 1171 16
316 1121 535 1169 malum.'
598 1124 635 1169 F
640 1124 860 1171 ormulae
887 1121 1057 1170 tertiae
1085 1122 1222 1171 modi
1248 1133 1362 1171 sunt
1388 1141 1484 1173 sex.
1557 1124 1748 1173 Primus
1776 1127 1953 1174 modus
1980 1135 2067 1185 est,

315 1202 399 1265 qui
416 1203 652 1252 conducit
671 1222 728 1253 ex
744 1203 1034 1253 dedicativis
1053 1204 1409 1254 universalibus
1430 1206 1763 1255 dedicativum
1782 1207 2071 1270 particulare

315 1295 415 1334 tam
454 1286 678 1335 directim
719 1304 867 1350 quam
908 1287 1140 1346 reflexim,
1181 1297 1266 1336 ut:
1320 1289 1513 1337 ‘Omne
1553 1288 1734 1337 iustum
1774 1291 2068 1338 honestum:

316 1385 465 1416 omne
482 1369 748 1417 honestum
776 1368 960 1418 iustum
985 1390 993 1418 :
1021 1386 1170 1418 omne
1197 1369 1596 1424 iustunibonum
1619 1389 1627 1419 :
1655 1372 1909 1433 quoddam
1928 1371 2071 1434 igitur

238 1462 290 1512 17
317 1450 582 1498 honestum
594 1451 1068 1514 bonum,quoddam
1086 1451 1275 1500 bonum
1294 1454 1591 1502 honestum.'
1622 1455 2069 1503 Secundusmodus
2097 1473 2143 1512 15

315 1542 402 1592 est,
430 1532 514 1596 qui
541 1533 778 1582 conducit
806 1551 863 1582 ex
890 1533 1181 1582 dedicativis
1208 1534 1487 1597 particulari
1515 1545 1563 1583 et
1588 1535 1849 1584 universali
1875 1536 2068 1586 dedica-

313 1614 467 1663 tivum
490 1633 547 1664 ex
570 1615 850 1679 particulari
871 1615 1111 1676 directim,
1131 1626 1184 1664 ut
1205 1636 1214 1665 ε
1245 1620 1255 1641 ‘
1274 1619 1546 1678 Quoddam
1568 1617 1750 1667 iustum
1769 1620 2035 1669 honestum
2057 1639 2065 1669 :

313 1714 462 1746 omne
512 1697 695 1746 iustum
748 1698 937 1747 bonum
969 1718 976 1746 :
1031 1700 1288 1761 quoddam
1338 1699 1482 1762 igitur
1530 1702 1795 1749 honestum
1845 1702 2067 1751 bonum.'

233 1790 287 1837 18
313 1779 509 1828 Tertius
537 1783 716 1829 modus
752 1790 838 1839 est,
872 1777 979 1847 [qui
1015 1779 1276 1848 conducit]
1304 1799 1362 1830 ex
1395 1782 1687 1832 dedicativis
1723 1783 1984 1833 universali
2019 1795 2067 1834 et

312 1863 592 1926 particulari
614 1862 949 1912 dedicativum
972 1863 1264 1927 particulare
1281 1864 1520 1925 directim,
1545 1874 1598 1914 ut
1622 1884 1631 1913 ε
1669 1869 1680 1891 ‘
1700 1867 1866 1915 Omne
1882 1867 2064 1916 iustum
2092 1888 2144 1916 20

314 1946 615 1994 honestum:
656 1947 911 2008 quoddam
952 1945 1136 1995 iustum
1177 1946 1402 1996 bonum:
1441 1949 1697 2010 quoddam
1735 1947 1879 2011 igitur
1915 1951 2066 1999 hone-

230 2048 290 2095 19
315 2037 444 2076 stum
472 2028 693 2076 bonum.'
766 2030 984 2090 Quartus
1011 2030 1190 2077 modus
1222 2038 1307 2088 est,
1338 2028 1422 2092 qui
1449 2031 1685 2078 conducit
1716 2047 1774 2079 ex
1807 2030 2067 2080 universali

313 2109 593 2158 dedicativa
629 2119 677 2158 et
717 2107 1039 2176 [particulari]
1078 2110 1359 2160 abdicativa
1399 2110 1732 2160 abdicativum
1778 2112 2068 2175 particulare

313 2190 555 2250 directim,
578 2201 631 2240 ut
653 2211 661 2240 :
691 2193 885 2242 ‘Omne
912 2192 1095 2241 iustum
1116 2195 1381 2242 honestum
1403 2212 1411 2241 1
1438 2195 1631 2242 nullum
1647 2193 1830 2243 iustum
1851 2196 2066 2246 malum:

221 2293 289 2329 20
315 2274 570 2335 quoddam
610 2273 754 2337 igitur
790 2274 1056 2323 honestum
1096 2291 1197 2323 non
1232 2284 1305 2324 est
1343 2277 1559 2324 malum.'
1631 2276 1849 2337 Quintus
1887 2279 2065 2327 modus
2092 2297 2141 2338 25

315 2363 401 2415 est,
431 2354 516 2418 qui
542 2354 779 2404 conducit
806 2372 863 2405 ex
889 2355 1168 2405 dedicativa
1193 2355 1472 2420 particulari
1497 2366 1544 2406 et
1576 2357 1856 2407 abdicativa
1880 2358 2068 2408 univer-

314 2434 402 2483 sali
439 2435 777 2486 abdicativum
815 2437 1106 2501 particulare
1144 2437 1384 2499 directim,
1412 2449 1496 2487 ut:
1538 2441 1842 2501 ‘Quoddam
1881 2440 2064 2489 iustum

314 2520 611 2567 honestum:
651 2521 841 2568 nullum
869 2519 1051 2569 iustum
1086 2523 1302 2570 malum:
1340 2522 1597 2585 quoddam
1623 2521 1767 2586 igitur
1799 2523 2065 2573 honestum

368 2663 392 2688 2
423 2650 628 2689 directum
651 2650 697 2689 K
812 2661 836 2700 5
867 2651 962 2692 abd.
987 2658 1093 2701 part.
1120 2652 1198 2691 dir.
1220 2665 1302 2691 om.
1322 2651 1368 2690 K
1476 2653 1683 2691 directum
1703 2651 1786 2692 AC
1891 2656 1918 2693 6
1947 2654 2066 2704 quid-

315 2706 410 2744 dam
435 2704 582 2744 ClKT
709 2717 730 2754 7
763 2706 965 2756 quiddam
989 2706 1112 2746 CKT
1217 2712 1342 2758 turpe
1362 2719 1446 2746 non
1470 2713 1534 2746 est
1556 2708 1709 2747 iustum
1730 2709 1778 2746 K
1900 2710 1926 2748 8
1956 2715 2064 2759 part.

316 2759 554 2799 dedicativa
575 2765 617 2799 et
641 2773 707 2800 un.
732 2761 826 2800 abd.
854 2762 950 2801 ded.
974 2768 1080 2810 part.
1105 2761 1216 2801 codd.
1386 2774 1413 2812 9
1443 2762 1646 2802 directum
1673 2763 1752 2803 CK
1856 2768 1900 2802 ut
1920 2777 2003 2803 om.
2035 2763 2072 2802 T

314 2815 500 2864 quddam
527 2814 566 2854 T
676 2828 725 2855 10
754 2816 938 2866 qoddam
968 2816 1006 2855 T
1113 2827 1157 2854 11
1190 2816 1304 2856 tertii
1329 2815 1410 2857 CK
1519 2830 1567 2857 12
1596 2818 1803 2858 conduxit
1821 2817 1862 2856 B
1947 2819 2060 2857 univ.

317 2870 454 2909 dedic.
473 2870 520 2908 K
633 2883 681 2920 13
711 2871 919 2910 directum
936 2869 1026 2909 KT
1102 2872 1305 2910 reflexum
1324 2871 1413 2910 KT
1521 2875 1570 2911 16
1599 2878 1664 2911 est
1681 2886 1762 2912 om.
1779 2873 1826 2912 K
1936 2885 1983 2922 17
2009 2886 2064 2912 ex

315 2925 571 2975 particulare
590 2923 640 2964 T:
661 2931 703 2964 et
724 2925 980 2975 particulare
999 2927 1034 2966 C
1049 2927 1150 2979 (non
1171 2926 1235 2978 A)
1256 2940 1264 2964 :
1286 2927 1541 2977 particulare
1559 2927 1688 2966 Arev.
1709 2927 1779 2978 (ex
1799 2926 2062 2980 cassiodoro)

317 2980 525 3019 directum
555 2979 603 3018 K
627 2980 732 3031 <non
761 2979 823 3031 A)
984 2981 1212 3021 honestum
1243 3010 1253 3021 .
1286 3011 1296 3020 .
1328 3011 1338 3021 .
1369 2980 1498 3032 igitur
1526 2995 1612 3022 om.
1643 2981 1736 3021 AK
1910 2994 1961 3032 19
1990 2983 2063 3032 qui

316 3035 517 3074 conducit
536 3035 628 3074 hab.
660 3034 718 3074 T:
746 3049 831 3075 om.
856 3035 979 3075 BCK
1156 3049 1210 3074 20
1239 3035 1356 3088 ded.]
1378 3037 1658 3076 abdicativum
1687 3036 1725 3075 T
1855 3037 2062 3077 directum

315 3088 428 3128 codd.
562 3103 615 3128 22
645 3095 710 3129 est
730 3103 816 3130 om.
838 3090 884 3128 K
993 3103 1044 3140 23
1075 3090 1138 3143 et]
1162 3096 1207 3129 ut
1231 3090 1287 3130 C:
1317 3104 1371 3130 ex
1387 3092 1434 3130 K
1542 3091 1745 3142 particula
1759 3091 1855 3131 abd.
1879 3091 1971 3131 abd.
1991 3092 2038 3131 K
2052 3106 2061 3131 ε

316 3144 601 3193 particulatim
619 3145 903 3185 abdicativum
929 3145 967 3184 T
1108 3159 1158 3195 24
1182 3146 1237 3197 (et
1250 3148 1320 3197 27)
1340 3147 1545 3186 directum
1565 3147 1612 3185 K
1745 3147 1798 3185 28
1826 3147 1880 3196 ig.
1903 3147 2060 3186 iustum

317 3211 402 3237 non
425 3198 535 3238 codd.
