2176 3424
384 145 1012 194 ETYMOLOGIARVM
1053 145 1182 191 LIB.
1224 118 1390 191 xvii.
1431 143 1491 190 vii

70 272 228 336 pistici
254 274 457 320 odorem
484 272 669 319 referat.
734 270 883 317 Pinus
909 270 1052 318 arbor
1078 270 1217 332 picea
1242 270 1304 317 ab
1330 272 1558 319 acumine
1584 271 1810 319 foliorum
1837 287 1890 333 31

69 365 242 402 vocata
259 373 272 414 ,-
307 352 514 416 pinnum
554 353 685 400 enim
728 350 917 413 antiqui
959 360 1159 399 acutum
1204 350 1543 400 nominabant.
1634 351 1811 400 Pinum

68 445 234 484 autem
250 434 394 483 aliam
415 436 561 490 πίτυν,
581 432 728 481 aliam
745 432 922 482 Graeci
937 435 1110 496 πεύκην
1129 442 1322 491 vocant,
1344 449 1494 495 quam
1515 449 1606 481 nos
1621 433 1812 496 piceam

72 517 298 574 dicimus,
339 525 399 565 eo
436 517 573 578 quod
610 515 821 563 desudet
857 513 1033 577 picem.
1108 515 1237 562 Nam
1276 523 1324 562 et
1361 514 1525 577 specie
1567 514 1815 563 differunt.

24 616 46 662 5
73 601 133 647 In
173 598 469 647 Germaniae
510 606 676 645 autem
716 595 886 644 insulis
926 595 1071 643 huius
1109 595 1295 644 arboris
1339 595 1538 644 lacrima
1581 598 1817 644 electrum

70 679 236 743 gignit.
308 681 462 729 Gutta
496 680 628 727 enim
665 679 888 726 defluens
925 678 1081 740 rigore
1118 679 1195 725 vel
1229 686 1397 740 tepore
1430 678 1480 724 in
1519 677 1816 726 soliditatem

71 761 286 810 durescit
311 771 359 810 et
383 777 629 824 gemmam
656 759 782 819 facit,
811 760 875 807 de
900 760 1133 821 qualitate
1159 776 1246 807 sua
1271 769 1318 807 et
1345 776 1529 808 nomen
1554 759 1816 822 accipiens,

72 843 122 892 id
148 852 221 891 est
246 842 487 901 sucinum,
516 859 575 890 eo
602 843 737 904 quod
764 857 910 889 sucus
937 840 997 888 sit
1022 840 1222 890 arboris,
1298 842 1449 889 Pinus
1475 841 1689 890 creditur
1714 857 1821 904 pro-

73 926 217 973 desse
243 927 431 973 cunctis
457 940 584 986 quae
609 923 701 971 sub
727 940 785 972 ea
810 934 1049 982 seruntur,
1068 922 1192 970 sicut
1218 924 1339 971 ficus
1366 939 1546 971 nocere
1572 923 1818 972 omnibus.

0 1028 51 1056 Ἰιο
76 1007 228 1055 Abies
255 1007 386 1055 dicta
411 1008 547 1068 quod
567 1022 681 1068 prae
698 1005 871 1054 ceteris
891 1004 1147 1065 arboribus
1167 1007 1314 1068 longe
1331 1016 1409 1053 eat
1426 1015 1474 1054 et
1499 1005 1549 1053 in
1571 1007 1818 1054 excelsum
1843 1017 1907 1063 32

73 1088 363 1151 promineat.
419 1089 571 1137 Cuius
592 1096 765 1135 natura
789 1103 959 1150 expers
977 1095 1049 1135 est
1068 1086 1247 1135 terreni
1272 1086 1507 1147 humoris,
1529 1104 1586 1135 ac
1611 1088 1820 1150 proinde

74 1169 249 1219 habilis
275 1179 422 1232 atque
447 1169 565 1218 levis
591 1170 813 1218 habetur.
887 1171 964 1216 De
990 1185 1087 1231 qua
1111 1168 1355 1231 Vergilius
1382 1169 1581 1233 (Georg.
1606 1187 1645 1227 2,
1666 1168 1773 1233 68):

584 1254 646 1299 Et
683 1267 824 1299 casus
860 1252 1022 1298 visura
1058 1252 1304 1310 marinos3

75 1335 189 1396 quia
214 1351 272 1382 ex
297 1350 354 1382 ea
378 1349 526 1382 naves
548 1334 686 1381 fiunt.
740 1335 888 1380 Hanc
914 1331 1117 1394 quidam
1144 1331 1391 1381 Gallicum
1417 1342 1597 1381 vocant
1622 1341 1822 1395 propter

29 1435 49 1473 5
77 1417 357 1464 candorem.
417 1417 505 1463 Est
529 1425 693 1464 autem
722 1414 827 1463 sine
853 1416 1004 1463 nod0.
1062 1416 1268 1472 Cedrus‚
1289 1431 1436 1477 quarn
1465 1415 1643 1464 Graeci
1670 1415 1826 1478 κέδρος
1851 1433 1915 1479 33

76 1507 268 1557 vocant,
290 1497 427 1559 quasi
446 1499 688 1560 καιομένης
703 1498 834 1560 δρυὸς
852 1498 1006 1563 ὑγρόν,
1029 1498 1079 1545 id
1101 1506 1173 1546 est
1190 1497 1375 1545 arboris
1397 1499 1574 1546 humor
1593 1499 1824 1556 ardentis,

77 1579 215 1628 cuius
240 1579 356 1628 folia
381 1581 444 1628 ad
470 1578 683 1642 cypressi
704 1578 1077 1628 similitudinem
1104 1580 1422 1641 respondent.
1474 1579 1688 1642 Lignum
1715 1595 1830 1627 vero

78 1661 280 1710 iucundi
306 1660 471 1710 odoris
497 1670 568 1709 est
599 1670 646 1709 et
672 1660 757 1709 diu
788 1662 985 1720 durans,
1014 1677 1106 1709 nec
1130 1677 1158 1708 a
1184 1660 1316 1709 tinea
1342 1677 1579 1723 umquam
1611 1662 1831 1710 extermi-

81 1752 236 1791 natur.
311 1745 388 1790 De
413 1759 510 1805 qua
531 1742 725 1791 Persius
750 1740 818 1806 (1,
838 1742 953 1807 42):

2 1841 57 1868 ἰο
606 1825 669 1872 Et
706 1825 855 1872 cedro
893 1823 1044 1886 digna
1081 1825 1302 1882 locutus;

83 1905 267 1954 scilicet
304 1915 501 1969 propter
537 1905 810 1954 durabilem
849 1904 1256 1969 perpetuitatem:
1294 1907 1428 1954 unde
1465 1915 1513 1954 et
1550 1905 1600 1952 in
1637 1905 1834 1968 templis

81 1997 279 2051 propter
326 1988 697 2036 diuturnitatem
742 2004 799 2034 ex
846 1989 942 2035 hoc
967 1987 1102 2050 ligno
1145 1987 1392 2035 lacunaria
1434 1988 1572 2036 fiunt.
1666 1987 1832 2035 Huius

81 2070 196 2132 ligni
223 2069 382 2117 resina
407 2068 571 2117 cedria
607 2068 799 2127 dicitur,
827 2085 954 2130 quae
980 2068 1030 2115 in
1064 2070 1415 2118 conservandis
1446 2069 1581 2117 libris
1605 2071 1734 2118 adeo
1760 2079 1831 2118 est

82 2151 211 2199 utilis
241 2160 293 2198 ut
326 2150 538 2213 perliniti
575 2167 631 2198 ex
664 2167 721 2199 ea
757 2167 849 2198 nec
887 2151 1042 2198 tineas
1081 2150 1326 2213 patiantur
1350 2167 1443 2199 nec
1469 2160 1692 2214 tempore
1717 2168 1829 2199 con-

0 2250 56 2289 -·=5
82 2242 353 2282 senescant.
427 2231 659 2280 Nascitur
684 2234 733 2279 in
760 2232 922 2289 Creta,
949 2233 1116 2280 Africa
1140 2241 1290 2295 atque
1315 2233 1464 2296 Syria.
1539 2232 1828 2296 Cyparissus
1853 2243 1918 2289 34

83 2318 270 2363 Graece
295 2313 472 2362 dicitur
497 2316 632 2376 quod
653 2324 800 2377 caput
820 2316 924 2362 eius
943 2330 971 2361 a
990 2314 1291 2362 rotunditate
1311 2316 1360 2362 in
1380 2331 1591 2363 acumen
1616 2314 1824 2377 erigitur.
1898 2344 1902 2348 -

83 2398 230 2445 Vnde
256 2404 303 2444 et
329 2401 468 2446 κῶνος
492 2405 706 2455 vocatur,
737 2395 786 2444 id
817 2404 890 2444 est
915 2397 1012 2443 alta
1042 2397 1332 2444 rotunditas.
1408 2396 1544 2444 Hinc
1572 2406 1618 2445 et
1643 2399 1828 2445 fructus

83 2477 186 2525 eius
220 2494 392 2537 conus,
429 2476 543 2539 quia
575 2476 848 2525 rotunditas
887 2476 990 2524 eius
1027 2478 1136 2524 talis
1173 2487 1246 2526 est
1282 2487 1333 2526 ut
1363 2494 1546 2526 conum
1583 2477 1828 2527 imitetur:

142 2620 158 2644 1
193 2608 314 2656 picea
334 2607 405 2646 del.
427 2606 624 2646 Schwarz
777 2621 800 2645 2
830 2607 976 2656 pinum
994 2607 1101 2645 DK:
1133 2620 1289 2656 penum
1318 2607 1356 2645 T
1371 2608 1437 2657 (cf.
1459 2607 1533 2646 XI.
1550 2621 1577 2646 1.
1593 2609 1646 2659 46
1667 2623 1675 2656 ;
1706 2607 1826 2648 XIX.

85 2674 175 2702 xxx.
196 2662 262 2712 ΙΙ)
279 2676 288 2700 ;
312 2675 498 2713 pennum
515 2661 590 2701 aliz·
694 2674 719 2710 3
748 2660 884 2712 πίτυν]
902 2661 1008 2711 pitin
1024 2661 1136 2702 codd.
1219 2674 1348 2711 grece
1364 2661 1407 2698 D
1517 2675 1542 2711 4
1573 2663 1771 2701 deferunt
1788 2662 1831 2700 D

86 2730 110 2767 5
140 2716 307 2768 Germ.]
324 2717 514 2764 germina
534 2715 572 2753 T
623 2717 650 2753 6
668 2722 816 2766 tepore
832 2715 938 2755 dett.:
961 2716 1107 2766 lepore
1124 2715 1169 2753 K
1186 2730 1196 2755 :
1216 2722 1409 2767 tempore
1425 2715 1514 2754 DT
1563 2730 1589 2766 9
1610 2717 1829 2768 seruntur]

87 2776 309 2810 servantur
329 2770 418 2809 DK
571 2770 696 2822 ficus]
719 2784 806 2809 nux
825 2770 935 2810 edd.:
954 2772 1058 2820 sort.
1080 2770 1197 2820 fagus
1438 2784 1488 2810 10
1517 2772 1647 2822 quod]
1672 2772 1769 2821 quia
1789 2771 1833 2810 K

90 2838 135 2864 11
168 2838 324 2875 expres
349 2825 386 2863 T
544 2825 723 2874 perinde
743 2824 862 2864 avilis
880 2825 924 2862 D
1145 2827 1195 2863 16
1223 2824 1364 2877 ὑγρόν]
1389 2826 1510 2864 ioron
1533 2825 1623 2864 DK
1637 2840 1645 2863 ε
1677 2827 1770 2864 orin
1800 2826 1838 2865 T

93 2881 141 2919 18
170 2880 248 2919 iuc.
272 2879 362 2931 od.]
386 2879 649 2918 iucundioris
676 2879 731 2918 T:
762 2880 1051 2918 iucundiorem
1072 2879 1117 2916 K
1402 2893 1456 2919 20
1486 2881 1684 2930 loquutus
1705 2888 1769 2920 est
1790 2881 1833 2918 D

89 2948 136 2973 21
172 2933 214 2971 in
234 2941 401 2984 tempus
420 2934 463 2972 D
588 2947 639 2972 22
669 2933 830 2983 laguria
849 2934 893 2972 D
1013 2946 1064 2983 23
1096 2934 1236 2973 rasina
1256 2935 1369 2974 cedri
1391 2934 1434 2972 D
1555 2947 1606 2983 24
1637 2935 1776 2984 perliti
1805 2936 1842 2974 T

91 2994 404 3028 consenescunt
423 2987 466 3026 D
577 3000 628 3037 25
658 2988 886 3038 Cipressus
907 2988 950 3025 D
1060 2991 1112 3027 26
1140 2988 1184 3040 a]
1207 2990 1250 3027 in
1271 2989 1314 3027 D
1441 3001 1491 3038 27
1521 3002 1630 3029 cono
1650 3002 1740 3029 voc.
1762 2990 1805 3028 D
1825 3005 1833 3030 :

90 3055 229 3083 conon
258 3055 354 3082 voc.
375 3042 442 3082 K:
483 3050 738 3082 convocatur
764 3043 822 3081 T:
860 3042 923 3081 vel
939 3055 1072 3081 conus
1101 3056 1196 3083 voc.
1219 3043 1282 3082 vel
1305 3056 1455 3082 conum
1483 3057 1589 3084 voc.:
1630 3045 1835 3095 κωνοειδὴς

90 3111 178 3137 voc.
203 3097 327 3136 Arev.
439 3104 528 3136 arta
547 3097 592 3134 K
755 3098 808 3135 28
837 3103 914 3136 rot.
938 3097 1007 3136 tal.
1030 3097 1072 3134 D
