2176 3424
1246 96 1271 104 κ,

985 240 1200 286 LIBER
1236 237 1362 285 XIX

397 369 503 421 DE
547 362 909 426 NAVIBVS,
949 359 1393 412 AEDIFICIIS
1437 357 1538 408 ET
1576 355 1957 408 VESTIBVS

252 502 268 540 1
432 486 514 531 DE
540 494 777 530 NAvlssvs.
840 476 1033 525 Artium
1061 475 1371 538 quarundam
1392 472 1634 521 vocabula
1658 469 1838 533 quibus
1863 466 2050 529 aliquid

294 565 571 623 fabricatur,
622 563 699 610 vel
746 560 1072 608 instrumenta
1119 555 1376 614 artificum,
1427 555 1504 602 vel
1551 568 1678 616 quae
1724 548 2048 598 ministerium

295 646 546 704 exhibent,
573 653 722 706 atque
747 639 935 703 aliquid
959 635 1307 687 huiuscemodi
1333 637 1569 698 deinceps
1586 651 1645 683 ex
1670 642 1805 697 parte
1830 631 2049 678 notanda

240 745 270 778 2
296 727 475 777 studui.
548 725 737 775 Artifex
779 722 1006 787 generale
1044 736 1228 769 nomen
1266 726 1470 767 vocatur
1509 717 1645 780 quod
1688 723 1841 762 artem
1889 710 2046 771 faciat,

297 810 422 859 sicut
455 807 639 856 aurifex
673 805 757 870 qui
794 821 967 853 aurum
1001 799 1180 868 [facit].
1255 802 1389 848 Faxo
1420 798 1552 847 enim
1586 814 1674 861 pro
1700 795 1827 844 facio
1860 791 2050 854 antiqui

242 914 271 959 3
297 891 545 941 dicebant.
621 889 894 938 Nauclerus
938 886 1154 933 domnus
1193 881 1330 931 navis
1371 890 1457 940 est,
1495 880 1769 943 appellatus
1812 876 1878 924 ita
1914 875 2050 938 quod

297 973 435 1022 navis
461 972 512 1020 in
538 980 666 1020 sorte
693 969 796 1019 eius
823 967 883 1016 sit
903 986 914 1027 3
952 968 1123 1029 κλῆρος
1147 963 1279 1013 enim
1300 964 1490 1013 Graece
1515 977 1618 1009 sors
1635 958 1826 1009 dicitur.
1887 954 2051 1006 Ceteri

241 1079 273 1125 4
297 1065 463 1105 autern
490 1054 540 1102 in
566 1052 678 1102 navi
712 1051 763 1099 in
788 1047 1155 1099 contributione
1190 1055 1316 1094 sunt.
1391 1041 1662 1102 Gubernio,
1689 1039 1774 1103 qui
1811 1047 1858 1087 et
1883 1038 2055 1101 guber-

298 1147 456 1197 nator,
483 1134 623 1199 quasi
649 1133 974 1190 coibernator‚
998 1130 1135 1193 quod
1172 1127 1368 1176 coibeat
1393 1123 1654 1189 prudentia
1684 1139 1771 1171 sua
1794 1120 1977 1179 iberna‚
2001 1120 2051 1167 id

244 1243 274 1292 5
299 1230 372 1270 est
397 1226 716 1282 tempestates
744 1213 903 1263 maris.
978 1214 1143 1261 Nauta
1167 1227 1196 1258 a
1219 1226 1344 1257 nave
1381 1207 1542 1256 dictus
1568 1222 1653 1269 per
1678 1202 2049 1253 derivationem.

301 1301 482 1351 Navita
506 1309 672 1348 autem
699 1314 787 1361 pro
811 1304 963 1344 nauta
982 1292 1176 1357 poetice
1202 1290 1393 1349 dicitur,
1413 1288 1538 1337 sicut
1558 1289 1759 1335 Mavors
1784 1301 1872 1348 pro
1893 1285 2029 1332 Mars
2043 1301 2054 1342 ;

241 1390 275 1437 6
299 1401 415 1433 narn
436 1391 624 1432 rectum
652 1389 724 1429 est
749 1387 913 1427 nauta.
983 1377 1172 1424 Remex
1192 1381 1394 1422 vocatus
1419 1371 1554 1434 quod
1580 1385 1769 1418 remum
1795 1365 1916 1430 gerit
1937 1383 1949 1425 ;
1986 1363 2054 1412 sic

247 1491 276 1539 7
300 1475 467 1515 autem
493 1479 657 1513 remex
683 1460 940 1524 quomodo
957 1457 1107 1506 tubex
1127 1454 1305 1504 dicitur
1330 1450 1636 1502 nominativo
1653 1466 1783 1498 casu.
1841 1446 2055 1510 Epibata

303 1550 496 1598 Graeco
541 1544 743 1594 nomine
782 1542 1069 1606 appellatur,
1115 1537 1199 1602 qui
1250 1538 1425 1585 Latine
1465 1535 1643 1584 dicitur
1690 1529 2052 1595 superveniens.

303 1630 404 1678 Hic
430 1628 553 1677 nihil
578 1627 729 1675 habet
764 1622 962 1687 negotii,
992 1623 1080 1670 sed
1111 1622 1260 1668 naulo
1294 1620 1411 1667 dato
1441 1616 1491 1666 in
1521 1615 1639 1665 alias
1668 1624 1817 1664 terras
1851 1613 2054 1661 transire

247 1716 277 1762 8
301 1710 535 1775 disponit.
609 1710 802 1757 Navem
839 1706 1042 1768 quidam
1084 1701 1345 1766 perhibent
1381 1699 1565 1748 dictam
1604 1714 1664 1746 eo
1700 1696 1837 1760 quod
1873 1710 2053 1743 navum

301 1802 541 1842 rectorem
569 1797 784 1853 quaerat,
813 1786 863 1835 id
890 1794 963 1834 est
989 1783 1215 1848 peritum,
1239 1781 1527 1845 sapientem,
1547 1788 1815 1836 strenuum,
1839 1775 1921 1840 qui
1942 1791 2056 1824 con-

301 1875 456 1924 tinere
493 1882 540 1922 et
573 1871 847 1935 gubernare
884 1868 1022 1915 novit
1057 1874 1256 1929 propter
1295 1861 1538 1911 maritima
1574 1859 1790 1924 pericula
1820 1866 1868 1906 et
1897 1873 2053 1906 casus.

302 1958 450 2006 Vnde
477 1964 549 2004 est
575 1954 697 2002 illud
723 1949 1000 2002 Salomonis
1020 1946 1188 2013 (Prov.
1204 1964 1242 2006 1,
1269 1945 1341 2010 5):
1384 1944 1699 2006 ‘Intelligens
1724 1941 2056 2005 gubernacula

303 2037 606 2103 possidebit.'
669 2032 812 2098 Lydii
837 2041 1003 2080 autem
1034 2029 1247 2093 primum
1275 2042 1451 2075 navem
1478 2024 1849 2082 fabricaverunt,
1879 2020 2058 2085 pelagi-

305 2137 401 2183 que
438 2119 623 2167 incerta
655 2123 880 2180 petentes
918 2113 1139 2176 pervium
1177 2126 1310 2158 mare
1347 2108 1517 2157 usibus
1554 2103 1784 2154 humanis
1821 2105 2054 2152 fecerunt.

247 2220 281 2266 9
308 2205 459 2251 Rates
485 2201 698 2264 primurn
725 2205 773 2246 et
797 2193 1197 2257 antiquissimum
1231 2189 1409 2254 navigii
1439 2204 1592 2252 genus
1619 2204 1645 2236 e
1674 2185 1879 2235 rudibus
1912 2185 2056 2247 tignis

304 2283 650 2344 asseribusque
697 2286 978 2327 consertum
1001 2294 1013 2335 3
1070 2276 1133 2323 ad
1181 2275 1321 2322 cuius
1370 2268 1744 2320 similitudinem
1793 2266 2057 2315 fabricatae

365 2426 381 2451 1
421 2412 553 2462 Vsque
573 2409 632 2449 ad
647 2408 700 2448 vi.
724 2421 747 2446 2
769 2406 897 2457 deficit
917 2405 952 2444 C
1070 2402 1238 2441 Artium
1260 2414 1342 2440 om.
1370 2399 1458 2438 KN
1473 2413 1481 2438 ε
1511 2411 1605 2438 cum
1627 2398 1743 2436 titulo
1763 2397 1839 2447 (DE
1866 2406 2058 2434 NAvrssvs

307 2469 498 2518 Annvm)
518 2463 731 2515 coniungit
748 2461 789 2499 B
947 2459 1226 2508 Quorundam
1248 2456 1395 2505 (-md-)
1417 2454 1507 2492 ΚΝ
1712 2464 1736 2501 3
1767 2450 1996 2489 exibebent
2016 2448 2061 2486 K

308 2539 332 2574 4
362 2528 541 2562 vocatus
561 2519 602 2557 B
742 2530 765 2567 5
796 2516 892 2565 quia
913 2527 977 2553 au.
995 2513 1036 2552 Β
1145 2512 1245 2550 facit
1261 2510 1354 2549 hab.
1377 2509 1434 2548 T:
1463 2521 1544 2548 om.
1561 2506 1691 2545 ΒΚΝ
1824 2507 1850 2542 6
1880 2505 2058 2543 domnus

308 2579 353 2617 N
367 2593 376 2617 :
408 2576 606 2616 dominus
626 2572 713 2611 ΒΚ
731 2587 740 2612 z
770 2572 846 2609 dfis
868 2570 910 2620 (i.
927 2583 957 2608 e.
983 2570 1163 2607 domnus
1180 2566 1242 2605 vel
1257 2565 1380 2604 etiam
1403 2563 1621 2612 dominus>
1648 2560 1728 2599 TU
1887 2564 1953 2597 est
1972 2571 2053 2596 om.

308 2632 354 2670 K
372 2632 474 2682 (non
493 2628 599 2679 ΝΠ)
724 2627 781 2665 ita
802 2638 898 2674 app.
924 2622 970 2661 K
1117 2634 1138 2671 7
1170 2620 1334 2660 Graece
1355 2631 1438 2658 om.
1462 2616 1551 2655 KN
1569 2617 1672 2666 (non
1698 2615 1755 2667 U)
1903 2614 1928 2650 8
1959 2625 2057 2650 con-

309 2685 582 2726 tribulatione
608 2681 649 2720 U
666 2682 766 2734 (non
793 2679 869 2731 V):
898 2675 1270 2717 contribunatione
1290 2672 1337 2711 K
1426 2671 1643 2711 Guvernio
1665 2669 1709 2708 Κ
1842 2681 1869 2718 9
1897 2667 2058 2705 ibernia

310 2742 375 2781 B:
406 2741 584 2780 hiberna
603 2736 649 2774 K
671 2736 811 2787 (etiam
833 2733 1129 2773 cohibernator
1147 2735 1183 2769 et
1207 2727 1421 2779 cohibeat)
1538 2739 1588 2764 10
1616 2728 1870 2774 tempestate
1890 2721 1937 2759 K
1954 2721 2058 2772 (pro

311 2803 414 2836 -tem
432 2797 465 2846 2)
626 2791 766 2829 Naute
805 2788 847 2827 Β
1063 2799 1108 2824 11
1142 2783 1292 2834 pedice
1331 2782 1376 2820 K
1518 2779 1675 2819 mafors
1720 2777 1777 2816 T:
1825 2776 1982 2815 masi-os
2020 2775 2060 2813 Β

315 2864 362 2900 13
394 2849 574 2900 Epipata
590 2845 635 2884 K
829 2856 876 2892 15
908 2840 1091 2892 negotiis
1118 2838 1156 2877 T
1258 2837 1354 2888 sed]
1377 2836 1412 2875 si
1431 2835 1488 2873 Β1
1615 2832 1770 2872 nabulo
1791 2830 1837 2868 K
1853 2830 1930 2881 (Tl
1948 2843 1987 2869 n.
2009 2830 2058 2880 l.)

315 2908 364 2944 16
393 2904 562 2955 quidem
583 2900 629 2939 K
817 2910 998 2947 gnavum
1021 2896 1085 2947 (ex
1104 2892 1194 2942 na-)
1217 2891 1285 2930 K:
1316 2903 1496 2930 nau*um
1517 2889 1573 2927 B1
1688 2887 1736 2925 18
1765 2897 2002 2935 governare
2018 2883 2064 2922 K

320 2972 366 3009 19
395 2954 681 3009 governaculo
701 2952 747 2991 K
877 2966 930 2991 20
959 2951 1135 3001 primam
1156 2946 1202 2985 K
1221 2948 1323 2999 (non
1344 2946 1399 2997 F)
1530 2956 1581 2982 22
1614 2941 1737 2981 Ratis
1758 2939 1803 2978 K
1895 2939 2006 2977 navii
2029 2938 2065 2976 T

313 3028 337 3052 e
357 3013 559 3052 ruodibus
581 3010 650 3049 K:
681 3007 915 3048 eruditibus
944 3005 981 3043 T
1085 3017 1136 3053 23
1166 3001 1373 3041 sabrieace
1403 2999 1441 3039 T

2074 802 2096 842 5

2077 1208 2128 1238 10

2079 1631 2128 1672 15

2081 2041 2131 2069 20
