2176 3424
412 129 1039 178 ETYMOLOGIARVM
1079 131 1207 177 LIB.
1247 131 1384 176 XVI.
1426 130 1553 178 v—vii

110 261 432 319 intermicant,
456 261 571 322 quia
596 259 670 306 his
697 259 854 308 ventis
873 276 1049 308 arenae
1070 259 1281 308 maxime
1303 269 1575 308 moventur.
1628 261 1852 309 Tertium

110 341 338 405 Aegyptii
364 341 561 390 habent.
635 340 833 404 Reliqui
862 341 911 388 in
945 341 1152 390 metallis
1182 340 1377 391 aerariis
1408 341 1735 402 inveniuntur,
1765 345 1853 391 sed

110 422 270 471 vitiosi
289 441 301 483 3
338 439 451 471 nam
477 432 560 471 aut
585 422 699 482 aeri,
724 432 809 471 aut
842 424 1067 486 plumbo,
1091 426 1167 474 vel
1193 423 1566 487 capillamentis,
1592 426 1667 473 vel
1693 423 1851 492 sali[s]

111 504 291 554 similes
330 513 472 553 notas
515 505 714 553 habent.
800 505 1054 568 Smaragdi
1092 514 1258 554 autem
1300 522 1435 554 mero
1474 515 1521 555 et
1560 506 1700 555 viridi
1749 524 1854 570 pro-

65 598 84 636 5
111 585 281 634 ficiunt
328 587 453 646 oleo,
506 586 728 649 quamvis
784 595 953 636 natura
1006 587 1288 636 imbuantur.
1374 589 1854 652 Chalcosmaragdus
1878 598 1908 644 3

110 670 241 717 dicta
266 669 403 731 quod
427 667 592 717 viridis
619 670 680 716 sit
705 678 752 717 et
777 668 975 718 turbida
999 669 1152 718 aereis
1178 669 1327 719 venis.
1381 672 1525 719 Haec
1552 672 1601 719 in
1628 673 1854 734 Aegypto

110 751 186 799 vel
212 751 375 814 Cypro
401 749 559 798 insula
585 751 812 799 nascitur.
886 751 1081 800 Prasius
1119 768 1207 815 pro
1233 751 1460 801 viridanti
1486 754 1651 802 colore
1675 752 1851 813 dictus,
1876 762 1908 810 4

110 833 197 880 sed
234 833 353 880 vilis.
429 831 581 881 Cuius
623 834 829 881 alterum
866 850 1020 896 genus
1058 833 1337 897 sanguineis
1375 834 1571 897 punctis
1608 836 1851 884 abhorret.

112 913 334 962 Tertium
360 912 645 962 distinctum
671 913 867 978 virgulis
893 914 1047 964 tribus
1074 915 1311 965 candidis.
1387 918 1606 980 Beryllus
1633 916 1682 964 in
1711 918 1855 967 India
1878 927 1908 975 5

40 1017 89 1044 10
112 995 335 1059 gignitur,
372 994 529 1058 gentis
567 1012 684 1044 suae
720 995 886 1059 lingua
928 1013 1113 1046 nomen
1155 998 1358 1059 habens,
1401 997 1645 1048 viriditate
1688 998 1858 1048 similis

113 1079 383 1141 smaragdo,
424 1079 512 1127 sed
548 1095 661 1127 curn
698 1080 896 1142 pallore.
971 1079 1158 1128 Politur
1193 1090 1358 1129 autem
1391 1080 1455 1129 ab
1493 1080 1633 1130 Indis
1671 1080 1721 1128 in
1758 1098 1858 1130 sex-

110 1161 311 1223 angulas
360 1162 554 1219 formas‚
599 1170 653 1208 ut
702 1160 954 1210 hebetudo
1002 1161 1179 1210 coloris
1228 1179 1514 1226 repercussu
1563 1164 1856 1226 angulorum

112 1243 377 1302 excitetur,
429 1243 566 1290 aliter
608 1243 788 1304 politus
827 1259 930 1291 non
977 1243 1127 1292 habet
1166 1245 1420 1308 fulgorem.
1511 1246 1706 1294 Genera
1753 1244 1856 1294 eius

113 1340 304 1372 novem.
380 1323 786 1386 Chrysoberyllus
823 1324 984 1373 dictus
1022 1341 1081 1373 eo
1119 1327 1255 1388 quod
1292 1325 1474 1390 pallida
1511 1325 1614 1375 eius
1640 1325 1856 1375 viriditas
1881 1326 1915 1371 6

41 1431 85 1471 15
112 1405 162 1453 in
187 1422 387 1454 aureum
415 1406 630 1453 colorem
652 1407 977 1469 resplendeat.
1030 1408 1094 1454 Et
1114 1408 1248 1455 hunc
1270 1406 1415 1456 India
1436 1407 1596 1456 mittit.
1649 1410 1858 1471 Chryso·
1880 1414 1909 1463 7

111 1503 280 1550 prasus
320 1486 522 1536 Indicus
561 1496 646 1546 est,
687 1489 851 1536 colore
891 1527 900 1536 .
941 1527 950 1536 .
988 1526 1012 1547 .,
1053 1488 1182 1551 porri
1220 1506 1393 1537 sucum
1431 1491 1658 1549 referens,
1698 1490 1857 1539 aureis

111 1568 548 1618 intervenientibus
572 1568 734 1632 guttis,
763 1571 897 1619 unde
923 1580 970 1618 et
996 1587 1181 1620 nomen
1206 1573 1409 1634 accepit.
1461 1573 1626 1633 Quem
1654 1573 1856 1635 quidam

111 1651 406 1713 beryllorum
443 1652 607 1714 generi
643 1650 1068 1701 adiudicaverunt.
1140 1652 1298 1716 Iaspis
1332 1655 1396 1702 de
1427 1654 1619 1703 Graeco
1653 1656 1703 1702 in
1732 1654 1858 1703 Lati·
1880 1653 1910 1699 8

113 1750 232 1780 num
274 1732 439 1782 viridis
477 1750 673 1796 gemma
712 1733 1086 1796 interpretatur:
1125 1734 1195 1783 ias
1234 1735 1418 1799 quippe
1456 1735 1623 1796 viride,
1662 1736 1858 1800 pinasin

42 1837 92 1865 20
114 1830 308 1877 gemma
351 1814 542 1863 dicitur.
619 1816 707 1863 Est
745 1824 908 1863 autem
954 1818 1212 1880 smaragdo
1257 1817 1538 1878 subsimilis,
1584 1820 1671 1868 sed
1714 1820 1862 1867 crassi

114 1895 302 1944 coloris.
357 1898 556 1959 Species
584 1898 687 1945 eius
708 1898 882 1946 decem
910 1907 958 1946 et
984 1907 1189 1962 septem.
1251 1901 1441 1948 Volunt
1465 1909 1630 1949 autem
1658 1899 1861 1963 quidam

114 1978 349 2041 iaspidem
377 1995 622 2041 gemmam
651 1988 698 2027 et
731 1981 912 2042 gratiae
942 1990 989 2029 et
1019 1983 1202 2030 tutelae
1236 1997 1343 2029 esse
1375 1981 1694 2044 gestantibus,
1725 1984 1862 2044 quod

115 2061 312 2109 credere
347 2076 449 2108 non
487 2061 617 2119 fidei,
646 2061 733 2109 sed
771 2061 1129 2124 superstitionis
1158 2072 1243 2111 est.
1318 2062 1573 2125 Topazion
1604 2081 1662 2112 ex
1686 2063 1861 2113 virenti
1884 2072 1918 2119 9

113 2158 291 2205 genere
330 2151 402 2190 est
441 2141 678 2205 omnique
717 2143 880 2191 colore
922 2145 1257 2205 resplendens,
1309 2145 1508 2193 inventa
1555 2147 1767 2208 primum
1811 2145 1860 2193 in

43 2249 90 2289 25
116 2222 328 2272 Arabiae
343 2224 515 2283 insula,
536 2223 585 2271 in
606 2240 702 2285 qua
723 2226 1036 2288 Trogodytae
1056 2228 1333 2289 praedones
1354 2228 1483 2275 fame
1504 2236 1551 2275 et
1572 2236 1864 2292 tempestate

117 2305 229 2355 fessi
254 2322 406 2369 quum
427 2306 687 2354 herbarum
713 2305 901 2356 radices
928 2309 1217 2367 effoderent,
1238 2317 1482 2357 eruerunt.
1536 2311 1679 2371 Quae
1706 2310 1864 2359 insula

0 2452 3 2474 ;
175 2448 190 2474 1
224 2450 292 2486 qu.
318 2435 359 2474 vi
379 2437 493 2476 venti
514 2434 560 2473 K
683 2450 707 2475 2
739 2436 901 2487 reliqua
924 2437 1042 2477 C1T:
1073 2438 1234 2488 reliqua
1253 2451 1411 2488 genera
1430 2439 1540 2479 Plin.
1562 2439 1618 2480 Ν.
1638 2440 1698 2480 Η.
1719 2452 1786 2490 37,
1809 2444 1864 2480 66

31 2502 34 2506 ’
116 2503 141 2540 3
171 2504 268 2530 aere
287 2489 366 2529 BC
372 2489 409 2528 T
522 2491 821 2542 lapillamentis
841 2491 950 2531 codd.
976 2492 1031 2542 (et
1049 2492 1148 2534 Isz'd.
1164 2493 1197 2545 2)
1378 2506 1402 2543 5
1433 2494 1861 2545 Calcumsmaragdus

117 2544 202 2584 ΒΚ
355 2547 381 2583 6
411 2558 533 2585 aeres
553 2545 608 2584 Βι
746 2547 850 2586 haec
869 2561 952 2586 om.
984 2547 1021 2585 T
1181 2561 1202 2597 7
1234 2548 1434 2588 viriditati
1456 2547 1502 2586 K
1674 2552 1699 2588 8
1727 2551 1798 2589 vili
1819 2549 1866 2588 K

117 2600 307 2651 punctis]
333 2600 462 2649 guttis
482 2598 528 2637 K
735 2615 762 2652 9
793 2602 1001 2641 distinctis
1024 2601 1071 2639 K
1295 2616 1343 2642 10
1371 2617 1448 2642 sua
1475 2602 1512 2641 T
1684 2618 1707 2643 a
1727 2605 1804 2645 vir.
1833 2606 1867 2643 C

121 2668 164 2692 11
197 2654 457 2703 sexangulos
477 2654 564 2694 El:
593 2655 640 2694 -li
663 2655 698 2694 C
773 2669 821 2695 12
851 2657 998 2696 bitudo
1027 2655 1065 2694 T
1134 2670 1432 2708 repercussum
1460 2658 1514 2696 T:
1549 2671 1799 2708 repercusso
1821 2658 1862 2696 B

122 2722 168 2759 14
198 2709 487 2749 Clisoberillus
514 2710 551 2748 T
703 2713 751 2750 16
781 2711 857 2752 col.
882 2711 1104 2761 pallidiore
1123 2710 1233 2751 Plin.
1258 2713 1310 2751 N.
1331 2713 1390 2752 H.
1413 2725 1480 2762 37,
1499 2727 1547 2762 77
1659 2713 1802 2752 ferens
1831 2712 1868 2751 T

120 2765 168 2802 18
197 2778 292 2814 gen.
315 2764 455 2804 adiud.
481 2763 655 2804 Solinus
675 2767 809 2815 52,62
829 2780 837 2805 ;
870 2767 1042 2815 generis
1064 2766 1358 2806 iudicaverunt
1379 2766 1502 2806 BCK
1517 2782 1525 2806 :
1556 2770 1706 2818 generi
1727 2768 1860 2807 vindi-

119 2824 320 2858 caverunt
347 2817 384 2856 T
527 2832 575 2869 19
603 2819 756 2871 viride]
777 2820 923 2859 viridis
944 2819 990 2858 K
1116 2821 1286 2871 pinasin
1308 2821 1396 2860 ΚΤ
1414 2823 1495 2871 (-in
1517 2836 1573 2861 an
1595 2823 1667 2861 -im
1689 2822 1862 2873 incert.):

118 2873 316 2924 pinnasin
339 2873 394 2912 C:
425 2874 635 2924 pinnasim
656 2873 697 2911 B
804 2888 857 2915 20
885 2875 1034 2914 similis
1053 2874 1100 2913 K
1223 2889 1271 2915 21
1305 2877 1492 2927 speciem
1521 2876 1558 2915 T
1678 2891 1730 2916 22
1760 2877 1860 2929 tut.]

119 2927 219 2968 utile
239 2926 280 2966 Β
402 2928 666 2977 gustantibus
686 2927 734 2966 K
844 2929 977 2982 quod]
999 2943 1083 2980 que
1108 2930 1196 2981 (2.e.
1218 2932 1346 2985 quae)
1368 2930 1410 2969 B
1571 2944 1623 2983 23
1651 2931 1861 2982 Topation

119 2981 164 3020 K
169 2979 207 3021 T
328 2995 379 3033 25
409 2984 645 3033 trogoditae
666 2982 706 3022 Β
723 2997 733 3023 z
761 2985 968 3024 trocodite
990 2984 1035 3023 K
1051 2999 1059 3024 :
1091 2985 1328 3035 tragoditae
1347 2986 1448 3038 (-te)
1471 2985 1550 3026 CT
1645 2989 1863 3037 praedone

122 3035 172 3077 Ο
282 3039 334 3076 26
363 3037 549 3077 radicem
570 3036 615 3075 K
