2176 3424
461 126 1090 180 ETYMOLOGIARVM
1130 125 1257 172 LIB.
1302 122 1440 170 XIV.
1479 118 1562 168 viii

129 263 334 327 agitatus
370 260 534 325 ignem
569 259 721 324 gignit
757 276 814 308 ex
847 257 1109 321 sulphure3
1144 255 1278 303 unde
1311 260 1384 301 est
1420 251 1557 314 quod
1582 246 1772 296 videtur
1797 243 1866 291 in-

129 345 374 394 cendium.
449 345 726 406 Pyrenaeus
751 349 800 390 et
825 340 929 404 ipse
953 356 982 387 a
1005 337 1187 387 crebris
1219 333 1481 384 fulminum
1514 328 1709 394 ignibus
1746 341 1867 374 nun·
1892 331 1948 381 15

130 434 370 490 cupatus3
406 425 595 474 Graece
628 422 760 473 enim
802 423 926 486 ignis
958 425 1049 484 πῦρ
1086 427 1301 469 vocatur.
1376 417 1478 464 Iste
1513 422 1587 463 est
1622 411 1707 474 qui
1743 408 1869 456 inter

131 509 513 569 Galliam'atque
534 504 830 569 Hispaniam
847 502 986 567 quasi
1006 503 1069 552 de
1087 499 1327 550 industria
1347 495 1711 546 munimentum
1728 490 1869 539 inter-

85 608 107 648 5
130 588 267 639 iacet.
319 587 537 638 Solurius
562 605 592 636 a
615 584 945 650 singularitate
965 583 1155 642 dicitur,
1179 582 1316 646 quod
1335 577 1567 629 omnibus
1589 571 1865 638 Hispaniae
1895 569 1954 616 16

131 671 384 721 montibus
423 672 555 719 solus
587 669 728 718 altior
766 667 988 717 videatur
1037 664 1158 732 [sive
1195 664 1332 727 quod
1379 661 1568 710 oriente
1607 658 1710 707 sole
1749 663 1867 703 ante

130 752 293 802 radius
319 751 422 802 eius
448 768 597 815 quam
622 750 727 815 ipse
751 746 1010 814 cernatur].
1085 748 1263 811 Calpes
1290 761 1434 793 mons
1465 744 1514 790 in
1549 737 1733 789 ultimis
1767 734 1870 783 fini-
1898 747 1950 796 17

132 836 223 885 bus
263 833 466 894 Oceani,
507 832 591 896 qui
630 830 813 882 dirimit
847 833 1099 893 Europam
1135 828 1199 877 ab
1232 827 1410 885 Africa,
1440 839 1590 887 quem
1620 816 1868 870 Athlantis

131 919 281 966 finem
307 932 412 965 esse
438 914 624 964 dicunt.
697 916 775 963 De
800 929 900 976 quo
927 915 1156 960 Lucanus
1195 909 1260 975 (1,
1283 907 1401 972 555)
1427 926 1436 956 :

62 1022 111 1051 10
234 996 528 1061 Hesperiam
566 997 786 1060 Calpem,
825 1008 1175 1056 summumque
1211 988 1431 1054 implevit
1467 988 1770 1036 Athlantem.

131 1080 340 1128 Athlans
365 1080 507 1127 frater
533 1075 815 1126 Promethei
841 1077 930 1124 fuit
967 1084 1015 1124 et
1044 1091 1126 1123 rex
1153 1071 1360 1131 Africae,
1388 1087 1416 1119 a
1448 1086 1548 1133 quo
1581 1064 1874 1128 astrologiae

131 1171 285 1211 artem
334 1159 464 1224 prius
513 1158 684 1209 dicunt
733 1159 1093 1221 excogitatam3
1145 1155 1359 1217 ideoque
1408 1152 1569 1202 dictus
1618 1158 1692 1200 est
1740 1146 1878 1197 susti-

132 1242 298 1292 nuisse
322 1244 527 1291 caelum.
602 1240 684 1291 Ob
709 1238 1038 1289 eruditionem
1065 1237 1208 1301 igitur
1234 1234 1522 1299 disciplinae
1547 1242 1596 1283 et
1621 1230 1874 1281 scientiam

133 1323 258 1374 caeli
283 1340 468 1373 nomen
505 1322 609 1372 eius
640 1321 690 1370 in
721 1330 942 1370 montem
974 1318 1169 1368 Africae
1198 1319 1473 1368 derivatum
1506 1325 1594 1372 est,
1628 1313 1712 1378 qui
1744 1329 1877 1361 nunc

62 1428 110 1469 15
134 1407 344 1455 Athlans
386 1403 791 1469 cognominatur:
842 1402 927 1466 qui
966 1411 1165 1465 propter
1196 1398 1509 1449 altitudinem
1553 1413 1692 1446 suam
1737 1395 1877 1458 quasi

134 1487 255 1537 caeli
292 1486 573 1536 machinam
609 1495 757 1549 atque
790 1494 919 1534 astra
951 1491 1225 1533 sustentare
1254 1480 1458 1530 videtur.
1532 1480 1686 1543 Alpes
1710 1486 1877 1526 autem
1906 1480 1961 1527 18

135 1569 327 1634 proprie
369 1578 561 1619 montes
600 1566 790 1618 Galliae
830 1575 956 1615 sunt.
1048 1568 1126 1615 De
1164 1563 1344 1628 quibus
1382 1562 1627 1626 Vergilius
1676 1559 1878 1624 (Georg.

137 1669 180 1714 3)
200 1651 318 1716 474)
341 1670 350 1700 3

808 1730 978 1780 Aerias
1015 1731 1167 1793 Alpes
1188 1747 1200 1789 3

67 1838 116 1867 20
138 1824 186 1865 et
219 1814 434 1865 dicendo
466 1812 620 1862 aerias
658 1812 861 1861 verbum
899 1809 1133 1875 expressit
1166 1827 1195 1859 a
1223 1809 1386 1858 verbo.
1464 1810 1594 1857 Nam
1620 1807 1875 1856 Gallorum

138 1896 303 1960 lingua
338 1897 526 1959 ‘alpes'
566 1904 759 1944 montes
797 1895 881 1942 alti
920 1902 1169 1943 vocantur.
1246 1893 1391 1940 Haec
1424 1899 1539 1939 sunt
1576 1891 1709 1939 enim
1752 1902 1880 1951 quae

138 1977 310 2027 Italiae
338 1994 589 2025 murorum
623 1975 857 2026 exhibent
882 1977 1053 2025 vicem.
1130 1975 1296 2025 Colles
1322 1981 1435 2022 sunt
1468 1968 1882 2036 praeminentiora
1905 1983 1964 2030 19

138 2061 250 2123 iuga
266 2060 524 2118 montium,
545 2057 685 2121 quasi
701 2059 839 2106 colla.
896 2060 1017 2122 Iuga
1032 2066 1198 2106 autem
1220 2054 1464 2104 montium
1481 2070 1540 2103 ex
1556 2070 1616 2103 eo
1635 2053 1882 2116 appellata
1905 2059 1975 2095 20

145 2150 259 2190 sunt
298 2141 434 2204 quod
473 2139 840 2204 propinquitate
883 2138 957 2188 sui
996 2139 1272 2203 iungantur.
1345 2138 1589 2185 Tumulus
1626 2144 1699 2184 est
1737 2149 1881 2182 mons
1906 2142 1962 2177 21

67 2246 85 2273 2
93 2245 114 2286 5
138 2222 312 2282 brevis,
340 2223 480 2286 quasi
506 2231 702 2271 tumens
728 2223 884 2270 tellus.
960 2222 1088 2270 Item
1116 2221 1333 2269 tumulus
1359 2228 1485 2267 terra
1521 2225 1768 2281 congesta,
1797 2213 1883 2264 ubi

139 2306 272 2353 nulla
314 2302 549 2353 memoria
589 2312 675 2352 est.
772 2304 938 2352 Valles
981 2311 1095 2350 sunt
1133 2300 1338 2349 humilia
1379 2302 1500 2360 loca,
1548 2298 1687 2362 quasi
1730 2299 1880 2346 vulsa.
1909 2310 1973 2346 22

142 2385 278 2434 Hinc
303 2395 352 2434 et
376 2386 623 2434 convalles
650 2386 881 2447 depressa
914 2386 1023 2432 loca
1047 2392 1283 2431 terrarum
1309 2381 1434 2431 inter
1459 2390 1666 2430 montes.
1740 2380 1885 2430 Cam·
1910 2394 1976 2441 23

0 2497 9 2542 ἓ
140 2485 231 2530 pus
256 2476 329 2516 est
354 2476 587 2515 terrarum
613 2465 853 2530 planities.
930 2464 1105 2514 Dictus
1140 2474 1306 2514 autem
1331 2480 1535 2527 campus
1562 2463 1698 2526 quod
1723 2460 1884 2511 brevis

0 2528 43 2599 ἵ,
141 2551 202 2598 sit
240 2548 466 2613 pedibus,
493 2565 586 2598 nec
623 2557 826 2608 erectus,
864 2556 917 2596 ut
947 2555 1156 2607 montes,
1186 2548 1273 2596 sed
1306 2555 1480 2610 patens
1518 2554 1565 2594 et
1602 2543 1761 2609 spatio
1794 2560 1884 2592 suo

200 2693 218 2719 1
251 2693 320 2718 un.
354 2679 401 2718 fit
433 2693 472 2729 q.
510 2677 567 2718 C:
597 2691 666 2719 un.
705 2684 748 2718 et
780 2677 876 2727 quia
906 2677 947 2716 B
1109 2690 1134 2715 2
1166 2677 1360 2716 Pirineus
1393 2676 1502 2716 codd.
1613 2676 1698 2727 ign.
1731 2675 1802 2715 ful.
1840 2674 1887 2712 K

141 2740 412 2784 nuncupatur
442 2733 476 2772 C
637 2747 662 2782 4
692 2732 836 2784 atque]
870 2738 913 2771 et
951 2731 988 2770 T
1110 2731 1192 2771 ind.
1219 2738 1482 2782 nuncupatur
1511 2730 1664 2783 (delet.)
1691 2743 1806 2769 mun.
1840 2727 1888 2767 K

141 2801 167 2838 5
197 2789 390 2829 Solorius
423 2787 468 2827 K
628 2789 655 2825 6
683 2788 848 2827 videtur
883 2787 918 2826 C
1023 2787 1114 2825 sive
1147 2787 1260 2836 quod
1283 2818 1292 2827 .
1315 2817 1324 2826 .
1345 2815 1358 2827 .
1380 2799 1497 2826 cern.
1531 2786 1625 2826 hab.
1665 2785 1769 2824 TU:
1798 2797 1880 2824 om.

141 2843 305 2884 BCKO
467 2855 488 2892 7
519 2842 707 2882 cernitur
737 2842 780 2880 U
933 2854 984 2880 10
1012 2840 1254 2891 hesperiem
1277 2842 1412 2894 (esp-)
1441 2840 1515 2880 ΤΒ
1675 2853 1719 2878 11
1752 2839 1882 2878 fratre

145 2897 191 2937 K
325 2897 422 2950 rex]
444 2910 499 2936 ex
518 2897 560 2935 B
746 2909 795 2935 12
824 2897 1005 2947 primum
1027 2896 1073 2934 K
1256 2908 1305 2946 13
1335 2896 1583 2936 erudionem
1599 2895 1691 2934 eius
1710 2895 1814 2934 disc.
1838 2892 1886 2932 K

148 2965 196 3003 14
226 2952 494 2992 dirivativum
514 2950 561 2991 K
685 2963 734 3002 15
762 2964 879 2991 suam
901 2965 985 2991 om.
1007 2950 1065 2989 Β1
1181 2952 1230 2990 16
1257 2951 1449 2991 videatur
1468 2949 1516 2989 K
1626 2962 1671 2999 17
1702 2948 1881 2999 galileae

144 3006 186 3045 Β
329 3021 377 3046 21
410 3007 554 3057 lingua
567 3019 650 3046 om.
668 3006 710 3045 Β
872 3018 923 3044 22
953 3005 1177 3058 exhibent]
1194 3012 1372 3046 exerent
1393 3005 1438 3044 K
1546 3004 1881 3055 prominentiora

145 3060 215 3101 K:
254 3062 637 3111 praeeminentiora
670 3061 705 3100 C
877 3073 928 3109 24
959 3067 1058 3100 sunt
1092 3074 1174 3100 om.
1209 3060 1249 3099 Β
1427 3072 1478 3110 25
1508 3059 1642 3111 terra]
1676 3065 1794 3111 terga
1829 3058 1879 3098 Cl

141 3118 194 3154 26
219 3129 287 3167 qu.
305 3116 420 3156 valsa
435 3115 481 3155 K
601 3115 654 3154 28
679 3115 733 3155 sit
752 3115 891 3154 brevis
906 3115 959 3154 C:
986 3115 1126 3154 brevis
1145 3114 1182 3154 T
1301 3128 1352 3166 29
1373 3121 1513 3155 rectus
1535 3114 1572 3152 T
1650 3127 1716 3165 pa.
1732 3127 1821 3165 spa.
1848 3111 1885 3152 T
