2176 3424
1022 105 1293 154 ISIDORI

275 229 410 278 Licia
438 240 553 279 sunt
581 231 761 294 quibus
789 233 1000 282 stamina
1025 234 1246 296 ligantur,
1276 237 1414 299 quasi
1440 237 1566 301 ligia.
1641 241 1816 288 Ordire
1842 251 1913 289 est
1940 279 1948 288 .
1980 281 1989 290 .
2020 279 2028 289 .

272 314 463 360 Texere
488 322 560 360 est
590 352 598 361 .
628 351 637 361 .
667 352 676 362 .

121 398 249 438 XXX
410 397 492 442 DE
519 409 882 446 ORNAMENTIS.
944 400 1204 448 Hactenus
1225 401 1287 449 de
1313 410 1475 451 veste:
1513 401 1695 451 dehinc
1720 405 1782 452 ad
1808 412 2025 453 ceterum

271 474 459 520 cultum
485 473 757 523 veniamus.

340 555 647 604 Ornamenta
679 557 813 604 dicta
846 573 906 605 eo
938 559 1074 620 quod
1100 574 1271 607 eorum
1306 562 1440 608 cultu
1478 578 1562 609 ora
1594 564 1857 626 vultusque
1882 565 2026 613 deco·
2049 591 2071 630 5

271 646 448 685 rentur.
524 636 688 686 Prima
723 648 1013 687 ornamenta
1049 656 1232 690 corona
1269 641 1460 705 insigne
1494 643 1738 704 victoriae,
1771 645 1872 694 sive
1908 646 2025 710 regii

270 719 472 768 honoris
498 719 693 783 signum
712 739 724 782 3
761 737 888 784 quae
919 723 1033 770 ideo
1063 721 1114 770 in
1140 723 1299 786 capite
1324 741 1493 789 regum
1519 728 1731 789 ponitur,
1759 729 1823 776 ad
1849 728 2026 791 signifi-

271 804 487 850 candum
522 802 846 852 circumfusos
877 803 924 852 in
959 804 1079 853 orbe
1112 807 1337 870 populos,
1377 807 1557 870 quibus
1590 809 1848 858 adcinctus
1885 810 2025 873 quasi

269 893 418 946 caput
457 901 601 932 suurn
651 895 926 934 coronatur.
1003 888 1146 935 Haec
1188 904 1217 935 a
1261 888 1451 938 Lucilio
1501 888 1677 955 (1143)
1718 893 1913 951 corolla,
1958 892 2022 940 ab

274 969 499 1015 Homero
550 967 627 1033 (11.
657 970 700 1028 8,
741 967 859 1032 597)
908 970 1122 1032 στεφάνη
1171 971 1304 1019 dicta
1352 980 1439 1020 est.
1511 972 1678 1020 Huius
1725 973 2020 1036 principium
2048 994 2097 1042 ³9

267 1064 295 1095 a
342 1047 524 1096 Libero
567 1050 788 1111 quodam
827 1051 1036 1112 gentiles
1085 1050 1377 1113 existimant,
1422 1055 1557 1116 quod
1595 1055 1669 1102 his
1709 1054 1759 1101 in
1799 1057 2021 1118 potando

274 1138 407 1178 mota
444 1129 559 1179 vino
603 1130 764 1194 capita
802 1130 986 1180 vincire
1023 1132 1238 1182 fasciolis
1276 1133 1589 1184 instituerint.
1665 1135 1860 1185 Idcirco
1903 1139 2020 1186 olim

267 1210 383 1259 linei
407 1228 465 1260 ac
496 1214 625 1261 lanei
655 1212 845 1276 generis
881 1230 1089 1263 coronas
1123 1216 1286 1275 fuisse,
1316 1216 1441 1265 sicut
1475 1226 1575 1265 erat
1606 1217 1655 1265 in
1681 1218 2020 1268 sacerdotibus

213 1305 243 1338 2
266 1293 538 1355 gentilium.
613 1295 815 1344 Nomen
852 1311 1065 1345 coronae
1099 1299 1192 1346 hac
1229 1315 1287 1346 ex
1324 1315 1470 1347 causa
1508 1310 1750 1360 vocatum,
1785 1317 1844 1349 eo
1883 1303 2019 1365 quod

267 1374 406 1424 initio
431 1375 615 1424 circum
647 1394 752 1425 aras
783 1389 1066 1438 curreretur,
1094 1388 1243 1442 atque
1279 1382 1343 1429 ad
1378 1380 1641 1444 imaginem
1676 1382 1906 1432 circuitus
1942 1386 2018 1432 vel
2045 1400 2092 1439 15

212 1472 242 1518 3
266 1457 403 1505 chori
422 1466 470 1506 et
490 1459 749 1507 formatam
771 1469 818 1507 et
836 1462 1141 1509 nominatam
1164 1478 1413 1511 coronam.
1473 1465 1783 1526 Inperatores
1802 1466 2017 1513 Romani

265 1549 312 1588 et
338 1556 474 1602 reges
501 1542 704 1602 quidam
729 1541 949 1604 gentium
969 1560 1140 1592 aureas
1161 1560 1368 1592 coronas
1394 1554 1610 1594 utuntur.
1674 1548 1850 1595 Persae
1875 1547 2018 1596 tiaras

262 1632 435 1684 gerunt
455 1641 468 1682 3
517 1624 605 1671 sed
642 1638 778 1686 reges
816 1633 987 1683 rectas,
1027 1635 1247 1688 satrapae
1285 1625 1524 1676 incurvas
1599 1629 1815 1691 Reperta
1849 1638 2015 1678 autem

262 1703 381 1752 tiara
400 1720 428 1751 a
447 1703 773 1753 Semiramide
795 1705 1108 1768 Assyriorum
1125 1706 1304 1770 regina.
1380 1709 1532 1770 Quod
1557 1726 1712 1772 genus
1738 1713 2014 1759 ornamenti

262 1784 440 1834 exinde
491 1802 648 1848 usque
701 1786 851 1835 hodie
907 1804 1027 1850 gens
1076 1787 1180 1850 ipsa
1237 1790 1425 1838 retinet.
1500 1790 1832 1840 Athenienses
1881 1792 2012 1840 enim
2040 1812 2091 1843 20

260 1864 522 1932 cic[l]adas
547 1884 718 1916 aureas
744 1869 981 1931 gerebant
1006 1869 1183 1932 partim
1210 1870 1259 1918 in
1286 1871 1480 1932 vertice,
1508 1875 1734 1920 nonnulli
1763 1873 1811 1921 in
1839 1875 2009 1923 fronte.

262 1950 379 1997 Non
406 1949 538 1997 enim
565 1951 740 1998 eadem
768 1960 881 1999 sunt
907 1950 1115 2014 insignia
1142 1952 1365 2001 omnium
1392 1970 1668 2016 regnorum.
1742 1955 2011 2004 Gentilium

205 2045 237 2091 4
261 2038 394 2078 vates
428 2030 619 2092 infulas,
652 2033 831 2095 apices,
868 2035 1014 2097 pillea
1045 2034 1147 2083 sive
1179 2035 1360 2098 galeria
1394 2036 1672 2085 utebantur.
1748 2039 1911 2086 Infula
1940 2048 2013 2087 est

260 2111 459 2160 fasciola
495 2114 812 2163 sacerdotalis
842 2115 1014 2179 capitis
1047 2117 1159 2165 alba
1194 2117 1243 2164 in
1277 2119 1482 2166 modurn
1514 2118 1822 2180 diadematiS‚
1857 2137 1885 2168 a
1915 2137 2012 2183 qua

259 2194 407 2242 vittae
425 2195 489 2242 ab
507 2205 712 2259 utraque
732 2206 867 2259 parte
884 2199 1184 2261 dependent,
1209 2215 1336 2262 quae
1363 2199 1565 2248 infulam
1584 2200 1805 2253 vinciunt
1828 2221 1841 2262 ,-
1877 2203 2010 2251 unde
2036 2217 2086 2257 25

258 2284 305 2323 et
331 2274 480 2324 vittae
506 2276 668 2327 dictae
693 2289 820 2339 sunt,
850 2281 986 2342 quod
1022 2279 1253 2328 vinciant.
1330 2282 1494 2329 Infula
1526 2291 1691 2331 autem
1718 2285 2009 2347 plerumque

202 2369 233 2418 5
256 2358 354 2406 lata
378 2368 493 2418 erat,
513 2361 804 2423 plerumque
830 2361 1015 2421 tortilis,
1040 2364 1103 2411 de
1118 2363 1234 2411 albo
1261 2372 1308 2412 et
1325 2380 1492 2412 cocco.
1555 2366 1693 2427 Apex
1715 2375 1787 2414 est
1805 2365 2007 2429 pilleum

315 2501 332 2526 1
368 2488 509 2527 Lici*a
533 2489 583 2528 Cl
747 2498 913 2531 stamen
935 2493 1161 2542 alligantur
1189 2493 1227 2532 T
1397 2495 1540 2534 Ordiri
1563 2495 1643 2533 CK
1817 2497 1919 2536 Ord.
1942 2504 2007 2537 est

254 2548 405 2582 texere
427 2544 529 2593 (om.
554 2545 636 2595 est)
663 2544 698 2583 C
820 2561 844 2595 4
874 2549 1093 2587 veniamus
1116 2548 1222 2588 CK:
1250 2550 1472 2588 veniemus
1493 2549 1615 2589 BFT
1733 2563 1758 2600 5
1789 2565 1840 2590 eo
1861 2565 1942 2592 om.
1967 2552 2009 2590 B

254 2599 281 2635 6
311 2600 549 2637 ornamenti
572 2599 677 2637 B1T
839 2615 860 2651 7
891 2602 932 2640 in
954 2615 1038 2642 om.
1060 2603 1098 2641 T
1201 2603 1506 2653 significandos
1522 2603 1601 2643 BC
1707 2606 1732 2644 8
1762 2607 2005 2645 adc*inct0s

255 2652 311 2690 Β1
436 2666 481 2690 11
515 2654 550 2692 is
573 2685 582 2695 .
606 2684 615 2694 .
641 2683 651 2693 .
675 2655 905 2695 instituerit
925 2657 1051 2696 Arev.
1148 2660 1335 2708 putando
1355 2658 1403 2696 K
1523 2672 1570 2697 12
1601 2665 1716 2699 muta
1736 2659 1800 2700 K:
1834 2667 1946 2701 moto
1974 2661 2011 2699 T

254 2708 392 2757 capite
431 2707 468 2746 T
493 2712 586 2748 ante
616 2723 713 2748 corr.
909 2712 1081 2751 vincere
1115 2713 1209 2752 ΒΟ
1245 2714 1388 2764 (etiam
1425 2713 1526 2763 T12)
1723 2715 1929 2755 fascicolis
1961 2715 2008 2753 K

254 2762 528 2802 instituerunt
567 2763 614 2802 K
619 2763 656 2802 T
849 2779 895 2814 14
927 2766 1034 2806 Nam
1084 2767 1121 2805 T
1313 2781 1364 2806 ex
1401 2768 1479 2806 hac
1527 2769 1564 2807 T
1750 2776 1924 2809 vocatus
1963 2770 2006 2808 K

253 2829 322 2865 qu.
347 2817 390 2855 in
411 2817 503 2858 init.
528 2817 576 2857 K
778 2831 825 2869 15
855 2821 908 2859 ad
929 2834 1013 2861 om.
1044 2821 1082 2859 T
1273 2822 1361 2873 vel]
1385 2828 1425 2861 et
1446 2823 1492 2861 K
1703 2825 1753 2862 16
1781 2824 1865 2863 cori
1886 2823 2010 2863 BCT

252 2883 304 2908 22
334 2873 483 2911 eodem
506 2873 552 2911 K
728 2872 870 2913 *omnia
893 2874 941 2913 K
1166 2888 1218 2924 23
1248 2876 1378 2926 pillea
1399 2891 1480 2916 om.
1512 2877 1550 2915 T
1727 2879 1913 2927 galearia
1929 2877 1975 2916 K
1993 2894 2002 2918 ε

254 2926 464 2974 gallearea
483 2926 540 2964 Β1
666 2941 717 2977 24
747 2928 841 2967 alba
862 2943 945 2970 om.
970 2930 1016 2969 K
1123 2942 1174 2980 25
1204 2930 1442 2970 vinciantur
1460 2932 1502 2969 Β
1622 2934 1674 2970 26
1702 2932 1839 2972 dictae
1860 2946 1942 2972 om.
1974 2933 2010 2970 T

252 2992 301 3027 27
335 2982 444 3032 erat]
468 2989 533 3020 est
561 2982 598 3020 T
614 2984 728 3033 <cum
750 2982 865 3024 Serv.
887 2985 1063 3024 adAen.
1084 2998 1145 3036 10,
1163 2985 1261 3036 538)
1402 2985 1476 3038 de]
1494 2999 1548 3024 ex
1563 2986 1609 3024 K
