2176 3424
1061 133 1334 181 ISIDORI

322 258 476 308 tiosus
501 258 566 308 ab
595 258 872 308 intentione
899 267 1122 318 vocatus,
1148 259 1232 321 qui
1263 274 1365 307 non
1395 257 1585 308 ratione
1618 258 1818 322 aliquid,
1848 261 1935 309 sed
1969 263 2073 310 sola

236 361 300 409 47
322 340 591 405 pertinacia
613 340 842 400 vindicat.
891 340 1310 404 Contemptibilis,
1331 341 1407 389 vel
1424 340 1539 403 quia
1555 343 1862 406 contemptui
1879 342 2074 404 habilis,

233 433 299 494 48
323 425 400 472 vel
426 422 541 486 quia
566 432 883 487 contemptus
910 432 957 472 et
985 422 1108 483 vilis,
1138 422 1189 472 id
1215 432 1287 472 est
1308 422 1414 472 sine
1434 423 1637 473 honore.
1711 424 1953 487 Crudelis,
1977 426 2073 474 hoc

323 514 395 554 est
416 506 612 566 crudus,
636 521 786 568 quem
808 504 986 554 Graeci
1007 506 1133 569 ὠμὸν
1150 506 1402 569 appellant
1418 522 1504 569 per
1520 504 1908 568 translationem,
1932 507 2072 570 quasi

221 601 295 649 49
321 604 424 636 non
450 596 622 636 coctus
648 604 741 636 nec
767 586 872 636 esui
897 587 1090 636 habilis.
1155 589 1244 636 Est
1270 586 1403 635 enim
1429 603 1570 650 asper
1596 596 1643 636 et
1669 588 1834 637 durus.
1905 589 2073 639 Carni·
2097 607 2119 648 5

321 671 411 730 fex,
441 671 578 733 quod
603 686 802 719 carnem
822 669 1013 718 afficiat.
1076 669 1370 728 Cruciarius,
1393 685 1453 718 eo
1473 670 1611 732 quod
1630 668 1690 718 sit
1711 686 1856 719 cruce
1876 671 2069 735 dignus.

321 754 525 816 Collega
553 770 582 801 a
615 752 948 815 conligatione
978 751 1225 801 societatis
1256 761 1304 801 et
1335 750 1581 800 amicitiae
1612 753 1862 816 conplexu
1894 754 2068 802 dictus.

227 845 295 894 50
319 833 651 892 Coaetaneus,
680 833 821 897 quasi
847 850 1032 898 conpar
1057 832 1245 883 aetatis.
1321 835 1561 897 Conplex,
1592 833 1707 897 quia
1736 852 1839 883 uno
1864 844 2071 899 peccato

325 918 401 965 vel
434 916 639 966 crimine
675 916 813 966 alteri
851 925 925 965 est
956 915 1232 979 adplicatus
1268 917 1332 965 ad
1370 917 1556 965 malum
1574 934 1587 978 3
1624 917 1688 965 ad
1728 916 1919 966 bonum
1958 934 2072 967 vero

243 1004 297 1053 51
321 1015 595 1061 numquam
622 997 834 1047 dicimus
861 999 1156 1061 conplicem.
1221 997 1463 1058 Consors,
1485 1014 1545 1047 eo
1571 998 1708 1060 quod
1732 999 1796 1048 ad
1822 1015 1935 1047 eum
1962 1015 2072 1063 pars
2099 1020 2148 1049 10

317 1079 529 1144 pertinet
554 1080 819 1130 bonorum.
894 1082 1025 1129 Nam
1065 1089 1249 1128 sortem
1288 1089 1477 1129 veteres
1510 1096 1599 1143 pro
1632 1088 1770 1143 parte
1802 1079 2072 1143 ponebant.

319 1163 538 1212 Consors
566 1179 696 1225 ergo,
725 1162 863 1225 quod
890 1161 951 1210 sit
977 1163 1259 1210 communis
1286 1171 1430 1223 sorte,
1462 1162 1588 1210 sicut
1610 1162 1793 1210 dissors
1820 1159 2071 1211 dissimilis

232 1255 295 1304 52
319 1253 463 1293 sorte.
527 1245 671 1294 Celer
695 1245 970 1307 appellatus
990 1261 1019 1292 a
1038 1242 1306 1305 celeritate,
1327 1244 1444 1306 quia
1464 1244 1600 1306 quod
1627 1259 1744 1291 usus
1770 1242 1916 1306 exigit
1941 1243 2071 1291 velo-

317 1325 422 1375 cius
459 1325 590 1375 facit.
665 1325 955 1385 Confinalis,
983 1326 1047 1374 ab
1083 1342 1144 1375 eo
1174 1327 1311 1388 quod
1342 1325 1401 1374 sit
1426 1341 1607 1389 genere
1632 1325 1708 1373 vel
1734 1326 1846 1374 loco
1871 1323 2066 1374 adfinis.

232 1422 295 1470 53
320 1410 545 1459 Colonus
566 1425 593 1457 a
619 1408 815 1458 colonia
835 1411 912 1459 vel
931 1409 995 1458 ab
1015 1425 1131 1472 agro
1153 1409 1367 1458 colendo
1388 1407 1563 1457 dictus.
1639 1407 1881 1471 Cognitor
1906 1424 1941 1456 a*
1959 1423 2069 1469 cog·
2098 1423 2144 1463 15

320 1492 577 1540 noscendo
604 1508 805 1540 causam
832 1492 1008 1540 dictus.

445 1574 670 1636 Curator,
690 1574 827 1635 quod
845 1590 1012 1621 curam
1030 1575 1151 1623 ferat
1170 1572 1348 1636 pueris,
1363 1572 1446 1635 qui
1463 1573 1627 1622 adhuc
1644 1573 1748 1622 eius
1769 1570 1941 1621 aetatis
1958 1580 2072 1620 sunt

251 1694 253 1696 -
320 1666 372 1704 ut
399 1655 597 1718 negotia
629 1672 715 1704 sua
749 1655 864 1704 satis
898 1655 1240 1704 administrare
1271 1671 1373 1703 non
1405 1653 1612 1717 possint.
1686 1653 1905 1704 Clientes
1939 1652 2071 1716 prius

227 1743 293 1792 54
318 1737 557 1787 colientes
584 1737 894 1799 dicebantur,
923 1755 952 1785 a
978 1737 1200 1786 colendis
1227 1736 1460 1800 patronis.
1526 1733 1783 1802 [Captus]
1834 1734 2071 1798 Captivus

318 1820 497 1870 dicitur
531 1819 672 1882 quasi
706 1819 868 1882 capite
902 1819 1189 1869 deminutus
1207 1837 1220 1880 3
1257 1817 1575 1881 ingenuitatis
1611 1817 1742 1866 enim
1779 1819 1974 1865 fortuna
2006 1816 2071 1864 ab
2096 1835 2146 1862 20

318 1920 378 1951 eo
416 1901 610 1960 excidit,
639 1902 774 1950 unde
811 1911 858 1950 et
894 1902 957 1949 ab
996 1900 1110 1949 iuris
1148 1901 1315 1964 peritis
1352 1899 1513 1963 capite
1550 1899 1838 1949 deminutus
1876 1898 2067 1948 dicitur.

232 2003 294 2052 55
319 1983 544 2034 Colomis
570 2000 599 2031 a
623 1985 858 2032 columna
882 1991 1101 2044 vocatus,
1126 1999 1185 2030 eo
1212 1982 1348 2044 quod
1374 1990 1564 2030 erectus
1590 1991 1638 2029 et
1664 1981 1972 2030 firmissimus
1990 1980 2064 2030 sit.

230 2077 296 2134 56
322 2065 532 2116 Comtus
570 2082 598 2113 a
636 2081 781 2113 coma
817 2064 996 2123 dictus,
1032 2065 1169 2127 quod
1206 2063 1267 2112 sit
1310 2065 1556 2112 formosus
1599 2063 1800 2127 capillis,
1841 2065 1918 2112 vel
1955 2062 2070 2126 quia

233 2170 295 2219 57
321 2164 519 2196 comam
545 2146 709 2195 nutrit.
775 2146 1165 2204 Calamistratus,
1184 2163 1213 2194 a
1238 2146 1537 2207 calamistro,
1557 2144 1607 2194 id
1628 2154 1701 2194 est
1725 2162 1817 2194 aco
1843 2147 1998 2194 ferreo
2018 2145 2067 2193 in

319 2228 498 2278 calami
525 2227 849 2277 similitudine
874 2229 1022 2287 facto,
1049 2227 1098 2275 in
1126 2245 1226 2290 quo
1257 2227 1416 2276 crines
1443 2227 1818 2290 obtorquentur,
1846 2236 1899 2275 ut
1924 2225 2069 2290 crispi
2096 2247 2141 2288 25

376 2370 392 2395 1
425 2357 517 2408 qui]
541 2357 637 2407 quia
667 2356 704 2394 T
843 2370 867 2394 2
899 2357 1024 2396 Cont.
1050 2357 1091 2395 id
1114 2363 1178 2396 est
1199 2357 1282 2396 Al:
1316 2357 1440 2396 Cont.
1466 2357 1539 2407 qui
1561 2361 1806 2396 contemnet
1830 2355 1923 2394 vilis
1944 2356 1984 2395 id
2005 2362 2068 2396 est

316 2412 380 2450 Α2
402 2426 411 2450 :
441 2413 564 2452 Cont.
590 2412 657 2450 vel
679 2412 778 2462 quia
798 2413 1030 2451 contemtui
1051 2413 1173 2451 abilis
1192 2413 1234 2451 id
1256 2418 1322 2451 est
1345 2411 1395 2450 Cl
1417 2426 1426 2450 :
1457 2413 1578 2451 Cont.
1605 2411 1672 2450 vel
1702 2411 1799 2461 quia
1829 2416 2066 2451 contemtus

317 2473 359 2506 et
379 2467 472 2506 vilis
496 2467 536 2505 id
557 2472 622 2506 est
642 2466 689 2504 K
795 2473 906 2506 cont.
927 2466 1043 2518 hab.]
1067 2473 1310 2506 contemnet
1325 2465 1492 2505 viavilis
1511 2465 1553 2503 Β
1571 2481 1579 2505 :
1610 2471 1847 2506 contemtus
1866 2465 2002 2504 avilus
2023 2466 2067 2504 D

316 2535 341 2571 3
371 2535 502 2560 onere
524 2521 571 2560 K
675 2521 776 2573 hoc]
799 2522 840 2560 id
862 2521 903 2558 Β
1033 2533 1057 2572 5
1089 2522 1177 2560 erui
1198 2522 1318 2560 abilis
1341 2520 1416 2561 Cl:
1448 2527 1513 2560 est
1534 2521 1697 2560 biabilis
1718 2519 1759 2558 Β
1885 2522 1911 2558 6
1932 2521 2061 2573 quod]

315 2576 414 2626 quia
427 2576 467 2613 Β
578 2576 732 2615 efficiat
744 2576 871 2615 Arev.
891 2576 959 2627 (ex
967 2575 1079 2616 Don.
1097 2576 1156 2615 ad
1164 2577 1262 2615 Hec.
1278 2575 1378 2627 441)
1491 2577 1516 2614 8
1537 2575 1780 2626 Conplexus
1793 2574 1840 2613 K
1943 2575 2062 2626 quia]

315 2632 429 2681 quod
450 2631 491 2668 Β
619 2643 646 2681 9
675 2632 730 2670 ad
751 2631 904 2670 bonum
924 2645 1007 2671 om.
1039 2630 1076 2668 T
1200 2644 1249 2669 10
1279 2644 1372 2669 eum
1393 2642 1476 2670 om.
1497 2631 1539 2668 A
1679 2643 1723 2668 11
1755 2629 1993 2680 pertineret
2013 2629 2065 2668 Cl

319 2698 366 2723 12
397 2699 573 2725 consors
593 2699 696 2734 ergo
718 2715 729 2726 .
751 2715 760 2725 .
782 2717 792 2726 .
817 2687 917 2724 diss.
942 2692 1060 2725 sorte
1073 2691 1171 2737 post
1186 2686 1286 2724 facit
1302 2686 1340 2737 (ξ
1363 2686 1436 2737 52)
1453 2683 1696 2724 ABCDIK
1801 2684 1962 2723 discors
1978 2683 2034 2720 Β1
2053 2699 2060 2723 :

316 2741 458 2779 discor
486 2739 523 2778 T
629 2753 676 2789 13
707 2740 834 2779 sortis
863 2740 899 2778 T
1001 2740 1119 2792 quia]
1140 2753 1223 2789 qua
1247 2739 1285 2777 T
1385 2739 1518 2791 quod]
1540 2753 1662 2790 quam
1683 2739 1740 2777 Β1
1856 2751 1905 2787 14
1934 2739 2057 2779 Conf.

314 2808 364 2834 eo
385 2794 426 2832 B
541 2796 590 2834 18
621 2795 756 2835 elien.
781 2826 790 2835 .
817 2825 827 2834 .
850 2826 860 2835 .
883 2801 1018 2845 patro.
1039 2809 1122 2834 om.
1144 2794 1201 2832 Β1
1314 2794 1522 2833 colientes
1537 2795 1657 2844 prius
1680 2794 1716 2833 C
1822 2806 1872 2842 19
1902 2792 2062 2843 Captus

313 2848 464 2890 l1ab.'A
489 2850 550 2900 (in
560 2850 684 2899 fine§
703 2850 774 2901 53)
793 2850 875 2888 CI:
905 2864 988 2890 om.
1007 2848 1156 2888 B1KT
1257 2863 1310 2888 20
1339 2850 1475 2888 dictus
1491 2848 1579 2887 AB
1689 2849 1783 2887 fort.
1803 2848 1916 2885 enim
1934 2847 2062 2888 BCI:

314 2905 427 2944 enim
447 2919 533 2944 om.
563 2903 600 2942 T
820 2905 873 2944 ab
893 2918 944 2944 eo
964 2919 1046 2944 om.
1079 2904 1117 2942 T
1319 2916 1367 2942 21
1401 2902 1472 2954 ab]
1495 2904 1548 2942 ad
1568 2901 1657 2941 ΚΤ
1795 2901 1958 2952 peritus
1978 2901 2068 2940 BT

315 2972 366 2998 22
396 2960 592 2999 colomna
615 2957 715 2998 ClK
985 2958 1238 2998 fortissimus
1256 2957 1298 2996 Β
1563 2961 1609 3006 §5
1632 2958 1767 3007 56-57
1788 2960 1886 3008 post
1908 2961 1926 3005 §
1949 2959 2002 3007 58
2029 2955 2068 2996 T

313 3026 366 3064 23
397 3015 575 3064 capillus
605 3013 642 3052 T
799 3028 850 3063 24
871 3026 896 3053 a
916 3027 1000 3066 quo
1021 3013 1095 3053 fer.
1120 3012 1171 3054 C1
1319 3024 1370 3064 25
1399 3013 1511 3053 secto
1539 3011 1592 3053 T:
1623 3012 1734 3052 facta
1753 3012 1794 3051 B
