2228 3444
1119 139 1389 188 ISIDORI

374 260 651 324 Pyrrichius
677 261 840 310 dictus
867 270 954 320 est,
991 262 1106 323 quia
1140 260 1220 309 hic
1250 262 1447 310 assidue
1477 262 1553 310 vel
1583 263 1633 308 in
1659 261 1939 321 certamine,
1969 263 2044 310 vel
2074 260 2124 308 in

372 345 493 392 ludo
535 343 708 407 puerili
750 342 944 406 saepius
986 343 1403 406 frequentabatur.
1487 344 1748 406 Spondeus
1785 342 1964 392 dicitur
2011 344 2126 406 quia

373 422 566 473 tractim
604 434 760 474 sonat.
833 427 963 474 Nam
1004 425 1256 488 spondeus
1293 434 1474 473 tractus
1505 424 1707 488 quidam
1737 424 1928 484 dicitur,
1967 424 2017 473 id
2055 433 2128 473 est

375 524 539 566 sonus,
582 507 666 570 qui
703 507 1003 556 fundebatur
1038 505 1168 555 circa
1191 523 1332 555 aures
1365 506 1742 555 sacrificantum.
1814 507 1963 555 Vnde
1988 515 2036 555 et
2061 505 2127 565 hi,

376 590 460 651 qui
486 587 630 638 tibias
657 589 903 638 canebant
930 588 980 636 in
1011 587 1158 637 sacris
1191 587 1463 650 gentilium,
1493 588 1776 651 spondiales
1807 587 2130 636 nominaban-
2153 613 2173 650 5

322 683 352 729 3
376 681 466 720 tur.
540 673 827 720 Trochaeus
853 687 968 720 vero
993 670 1056 719 ab
1082 687 1142 719 eo
1169 670 1329 719 dictus
1355 680 1443 730 est,
1466 672 1603 732 quod
1624 672 1833 718 celerem
1854 670 2130 718 conversio-

378 770 494 802 nem
527 754 672 801 faciat
704 752 994 812 cantilenae,
1023 762 1070 800 et
1105 751 1245 815 quasi
1278 761 1384 801 rota
1416 751 1648 801 velociter
1679 760 1839 800 currat
1872 750 1923 798 in
1948 753 2128 800 metris.

321 847 353 893 4
377 836 555 900 Τροχός
580 834 712 883 enim
738 835 928 883 Graece
953 843 1059 882 rota
1084 833 1276 882 dicitur.
1353 833 1557 882 Iambus
1597 833 1758 882 dictus
1793 842 1866 881 est
1892 849 1968 893 eo,
1995 833 2131 895 quod

379 917 622 981 ἷαμβόζειν
649 915 824 965 Graeci
851 917 1108 964 detrahere
1127 914 1368 964 dixerunt.
1433 914 1739 964 Huiusmodi
1758 914 1890 963 enim
1917 913 2132 962 carmine

379 1016 553 1050 omnes
581 998 886 1048 invectiones
916 1000 994 1047 vel
1031 999 1362 1046 detractiones
1400 996 1586 1060 inplere
1622 1005 1798 1059 poetae
1835 1004 1948 1044 sunt
1985 994 2132 1044 soliti.
2160 1017 2207 1043 10

382 1082 587 1131 Dictum
623 1089 790 1129 autem
822 1096 1008 1128 nomen
1048 1079 1112 1128 ab
1146 1095 1220 1138 eo,
1254 1080 1390 1142 quod
1427 1077 1575 1127 veluti
1610 1094 1858 1127 venenum
1896 1077 2133 1140 quodam-

327 1176 358 1226 5
382 1165 535 1213 modo
568 1162 818 1211 maledicti
847 1171 932 1210 aut
967 1161 1130 1210 livoris
1167 1160 1409 1209 infundat.
1482 1160 1778 1222 Tribrachys
1815 1158 1899 1222 qui
1937 1168 1984 1208 et
2021 1159 2134 1206 cho-

380 1249 478 1295 rius
514 1247 800 1309 appellatur,
830 1245 991 1294 dictus
1029 1243 1313 1306 tribrachys,
1351 1242 1465 1305 quia
1502 1241 1563 1290 sit
1599 1260 1657 1291 ex
1694 1242 1849 1290 tribus
1887 1239 2132 1290 brevibus.

323 1332 358 1378 6
383 1330 636 1377 Molossus
673 1327 835 1376 dictus
872 1343 900 1374 a
937 1325 1197 1374 saltatione
1235 1326 1586 1384 Molossorum,
1627 1340 1777 1387 quam
1814 1332 2135 1372 exercuerunt

330 1425 359 1474 7
380 1410 567 1459 armati.
640 1412 967 1473 Anapaestus.
1043 1406 1356 1473 [Appellatur
1390 1405 1505 1469 quia
1538 1404 1907 1454 remissionibus
1934 1414 1982 1453 et
2007 1402 2135 1452 ludis
2163 1423 2209 1461 15

329 1495 358 1540 8
383 1495 464 1542 hic
489 1510 575 1556 pes
606 1491 760 1554 magis
791 1490 983 1540 dicatus
1021 1488 1131 1555 est.]
1207 1490 1445 1551 Dactylus
1479 1504 1507 1536 a
1541 1487 1694 1551 digito
1732 1487 1906 1546 dictus,
1935 1486 2071 1549 quod
2108 1502 2137 1532 a

383 1573 592 1638 longiori
619 1574 770 1622 modo
797 1572 1036 1620 inchoans
1063 1570 1111 1618 in
1139 1572 1264 1620 duos
1291 1570 1471 1619 desinit
1497 1571 1683 1619 breves.
1757 1569 1836 1618 Sic
1862 1578 1909 1618 et
1934 1570 2024 1616 iste
2050 1583 2136 1630 pes

385 1657 662 1705 iuncturam
689 1672 838 1703 unam
865 1654 1016 1702 habet
1039 1655 1238 1716 longam
1265 1662 1311 1700 et
1337 1653 1459 1701 duas
1480 1651 1664 1700 breves.
1726 1652 1873 1699 Vnde
1894 1659 1942 1699 et
1962 1666 2136 1698 manus

329 1751 363 1797 9
386 1755 608 1802 oppansa
631 1739 794 1801 palma
820 1735 1011 1795 dicitur,
1041 1744 1088 1783 et
1122 1735 1398 1798 pendentes
1426 1733 1563 1796 digiti
1590 1731 1770 1782 dactili.
1844 1730 2138 1794 Amphibra-

388 1823 521 1884 chys,
550 1822 687 1883 quod
723 1820 771 1867 in
811 1827 1018 1880 utraque
1045 1826 1180 1880 parte
1207 1816 1406 1865 brevem
1438 1814 1633 1873 habeat,
1661 1816 1859 1876 longam
1885 1813 1935 1860 in
1970 1813 2137 1860 medio
2164 1833 2215 1860 20

306 1918 365 1952 10
389 1902 776 1952 interiacentem.
868 1901 1051 1965 Βραχύς
1087 1900 1217 1947 enim
1258 1897 1417 1945 brevis
1457 1895 1646 1945 dicitur.
1738 1893 2136 1957 Amphimacrus,

391 1986 527 2049 quod
553 1986 681 2034 duae
705 1983 821 2032 hinc
847 1984 963 2032 inde
988 1984 1164 2044 longae
1189 1980 1376 2028 habent
1400 1981 1449 2026 in
1477 1977 1643 2027 medio
1661 1977 1902 2025 inclusam
1924 1975 2136 2024 brevem.

323 2083 368 2116 11
394 2069 584 2131 Μακρός
610 2068 742 2116 enim
767 2067 943 2128 longus
970 2063 1160 2113 dicitur.
1236 2060 1480 2110 Bacchius
1504 2061 1777 2123 appellatus
1803 2067 1876 2107 est
1901 2074 1975 2116 e0,
2005 2058 2140 2120 quod

313 2165 370 2199 12
393 2168 453 2201 eo
506 2151 635 2214 pede
679 2149 909 2206 Bacchia,
948 2146 999 2195 id
1036 2155 1109 2194 est
1148 2143 1312 2193 Liberi
1349 2159 1485 2192 sacra
1526 2141 1914 2190 celebrabantur.
2004 2140 2142 2186 Anti-

393 2231 628 2281 bacchius
651 2231 729 2279 vel
756 2226 1152 2277 Palimbacchius
1177 2227 1339 2273 dictus
1364 2223 1480 2286 quia
1505 2225 1705 2271 iteratus
1738 2239 1767 2270 a
1799 2222 2015 2270 Bacchio
2052 2229 2138 2269 est.
2169 2244 2187 2270 2
2196 2244 2218 2283 5

220 2326 289 2372 13,
314 2325 370 2371 14
395 2310 858 2370 Proceleumaticus,
887 2310 1024 2372 quod
1059 2307 1119 2356 sit
1149 2308 1212 2356 ad
1248 2308 1471 2355 celeuma
1497 2303 1781 2353 canentium
1806 2311 1963 2366 aptus.
2059 2301 2143 2350 Di-

450 2458 474 2482 2
503 2443 598 2481 lusu
626 2442 684 2480 Κ1
794 2453 817 2490 5
848 2440 974 2480 tibias
993 2438 1095 2478 BT:
1127 2438 1238 2477 tubis
1261 2436 1339 2477 CK
1450 2434 1670 2486 spondiale
1691 2434 1757 2472 B:
1789 2432 2031 2471 σπονδαῦλαι
2051 2431 2145 2469 Otto

396 2512 417 2547 7
449 2499 491 2537 in
523 2498 669 2536 metris
689 2501 830 2534 currat
857 2495 898 2534 B
1116 2495 1141 2531 8
1171 2499 1236 2531 est
1255 2505 1338 2531 om.
1361 2490 1419 2530 Ix’1
1583 2503 1609 2539 9
1639 2489 1859 2527 iambozim
1891 2486 1994 2538 (-in)
2027 2484 2141 2524 codd.

395 2553 520 2591 huius
548 2554 660 2591 enim
689 2551 803 2589 modi
823 2550 869 2588 K
1061 2561 1110 2586 10
1139 2548 1407 2585 inventiones
1427 2545 1495 2583 B:
1536 2543 1797 2583 intentiones
1833 2541 1870 2580 T
1900 2542 2002 2592 (non
2029 2538 2143 2590 UW)

400 2622 445 2647 11
477 2620 543 2647 an.
561 2607 642 2645 hoc
663 2618 818 2645 nomen
846 2604 883 2643 T
1036 2615 1084 2640 12
1115 2601 1325 2640 maledicti
1350 2606 1421 2639 aut
1441 2600 1578 2649 aliquo
1599 2599 1745 2648 ligoris
1768 2596 1859 2636 (ῙΚ1
1883 2599 1931 2634 ut
1949 2594 2029 2634 vid.
2057 2593 2148 2645 (sed

396 2661 610 2713 licquoris)
795 2672 843 2709 13
872 2659 971 2708 quia
1004 2657 1080 2708 sit]
1115 2656 1234 2706 quasi
1273 2655 1333 2695 Kl
1521 2656 1541 2700 5
1571 2666 1593 2702 7
1624 2666 1704 2692 om.
1740 2651 1798 2690 K¹
1817 2665 1825 2689 :
1871 2649 2144 2698 Anapaestus.

396 2718 536 2757 solum
566 2715 662 2754 hab.
681 2714 801 2754 A1C:
845 2713 984 2763 Anap.
1013 2712 1251 2761 appellatur
1281 2710 1406 2763 (-tus)
1431 2739 1440 2748 .
1464 2739 1472 2748 .
1496 2740 1504 2749 .
1528 2708 1692 2747 dicatus
1720 2711 1786 2745 est
1813 2705 1905 2745 hab.
1943 2702 2025 2742 TU
2029 2700 2127 2742 WX
2134 2716 2144 2741 :

396 2772 643 2822 Anapestus
664 2781 940 2819 repercussus
962 2768 1266 2816 interpretatur
1286 2765 1384 2814 quia
1403 2762 1604 2803 videlicet
1625 2761 1780 2801 dactilo
1801 2772 1907 2799 sono
1927 2758 2147 2808 reciproco

398 2825 652 2876 obloquitur.
681 2824 796 2872 greci
813 2828 952 2861 autem
974 2820 1223 2870 anapestum
1242 2818 1605 2869 repercussionem
1627 2817 1771 2856 dicunt
1785 2814 1845 2854 B.
1887 2814 1933 2852 In
1949 2811 1989 2850 A
2011 2823 2146 2862 marg.

400 2893 534 2920 manu
553 2879 654 2918 satis
674 2880 846 2929 antiqua
865 2878 961 2915 haec
977 2877 1124 2927 scrzpta
1135 2879 1235 2914 sunt
1251 2875 1387 2913 dictus
1407 2887 1431 2912 a
1451 2871 1790 2923 repercussione.
1824 2867 2031 2918 apellatur
2049 2866 2149 2916 quia

402 2933 723 2974 remissionibus
745 2939 788 2972 et
807 2932 918 2971 ludis
935 2931 1002 2969 hic
1015 2943 1091 2980 pes
1108 2930 1241 2980 magis
1261 2929 1422 2968 dicatus
1436 2933 1501 2966 est
1662 2938 1711 2975 19
1739 2936 1871 2975 pansa
1882 2922 1927 2961 K
1931 2921 1940 2944 ¹
2096 2932 2145 2958 21

401 2991 608 3029 iacentem
626 2988 671 3028 K
833 2999 886 3036 23
916 2998 1012 3036 app.
1029 2990 1093 3024 est
1105 2998 1234 3035 grece
1251 2997 1302 3023 eo
1321 2983 1365 3023 K
1372 2981 1408 3024 1:
1440 2983 1574 3021 dictus
1596 2985 1662 3019 est
1682 2993 1732 3019 eo
1751 2979 1791 3018 Β
1957 2989 2007 3024 24
2040 2975 2148 3014 cele—

401 3044 581 3083 brabant
599 3043 645 3082 K
806 3043 857 3079 26
886 3041 1120 3081 celeumam
1139 3038 1226 3078 BT
