2176 3424
1069 126 1341 176 ISIDORI

335 254 502 304 sortita
539 265 624 305 est.
699 255 854 306 Cuius
892 256 1047 319 prima
1082 257 1332 320 provincia
1371 259 1680 309 Mauretania
1718 259 1956 310 Sitifensis
1993 269 2079 321 est,

333 354 461 400 quae
488 337 611 386 Sitifi
647 338 818 387 habuit
845 338 1085 401 oppidum
1104 357 1116 399 3
1153 356 1181 387 a
1206 356 1304 402 quo
1334 348 1382 388 et
1407 341 1701 391 vocabulum
1727 342 1927 392 traxisse
1949 343 2082 406 regio

263 437 307 470 11
333 421 632 482 perhibetur.
697 421 1008 469 Mauretania
1033 437 1147 470 vero
1169 421 1528 472 Caesariensis:
1567 424 1791 474 coloniae
1813 426 2082 474 Caesareae

334 501 503 550 civitas
529 504 633 562 fuit,
665 512 712 551 et
737 520 921 551 nomen
948 502 1228 565 provinciae
1254 521 1311 552 ex
1337 521 1394 553 ea
1419 506 1603 556 datum.
1666 509 1914 571 Vtraeque
1939 507 2083 571 igitur

334 584 617 647 provinciae
653 584 747 633 sibi
781 585 1075 633 coniunctae
1107 586 1172 633 ab
1198 585 1384 635 oriente
1413 587 1701 636 Numidiam
1734 590 1933 649 habent,
1961 607 1990 638 a
2014 606 2083 638 se-

333 668 615 730 ptentrione
636 684 769 716 mare
791 669 1046 731 Magnum,
1069 667 1132 716 ab
1153 685 1330 717 occasu
1356 671 1542 718 flumen
1564 672 1796 732 Malvam‚
1824 689 1853 720 a
1877 673 2081 721 meridie

335 759 555 799 montem
577 749 808 810 Astrixin‚
827 749 911 813 qui
931 749 1164 799 discernit
1182 750 1308 799 inter
1327 753 1591 801 fecundam
1612 763 1788 801 terram
1809 763 1857 802 et
1877 754 2080 802 harenas

255 843 308 877 12
334 832 548 881 iacentes
586 849 743 894 usque
779 833 842 880 ad
875 833 1148 881 Oceanum.
1223 834 1532 883 Mauretania
1562 838 1606 883 T
1610 835 1843 899 ingitania
1879 853 1907 884 a
1936 835 2082 898 Tingi

333 915 713 977 metropolitana
731 914 876 963 huius
898 916 1179 978 provinciae
1198 916 1394 966 civitate
1414 926 1587 966 vocata
1603 927 1689 966 est.
1748 920 1891 967 Haec
1911 917 2082 967 ultima

333 998 528 1046 Africae
562 998 773 1060 exsurgit
798 1014 826 1045 a
853 997 1106 1047 montibus
1141 1008 1344 1062 septem,
1373 1000 1562 1049 habens
1594 1001 1657 1048 ab
1684 1000 1871 1050 oriente
1896 1002 2081 1050 flumen

334 1082 567 1138 Malvam,
588 1096 616 1127 a
633 1078 968 1143 septentrione
982 1081 1160 1129 fretum
1178 1081 1496 1142 Gaditanum,
1515 1082 1578 1130 ab
1595 1084 1806 1132 occiduo
1823 1084 2081 1132 Oceanum

332 1161 687 1222 Athlanticum,
726 1179 755 1210 a
791 1161 994 1210 meridie
1025 1163 1289 1211 Gaulalum
1325 1173 1496 1226 gentes
1533 1181 1689 1228 usque
1725 1166 1788 1214 ad
1823 1166 2080 1215 Oceanum

334 1243 636 1306 Hesperium
662 1254 991 1308 pererrantes:
1025 1245 1157 1308 regio
1182 1245 1386 1309 gignens
1413 1248 1550 1308 feras,
1568 1247 1747 1307 simias,
1769 1249 2008 1297 dracones
2035 1257 2082 1297 et

332 1326 646 1376 struthiones,
705 1327 838 1377 Olim
861 1329 1007 1376 etiam
1029 1337 1076 1377 et
1096 1328 1371 1392 elephantis
1392 1331 1538 1392 plena
1557 1330 1658 1390 fuit,
1681 1345 1806 1394 quos
1827 1332 1930 1379 sola
1949 1347 2082 1379 nunc

252 1419 307 1465 13
333 1408 478 1457 India
517 1408 733 1471 parturit.
808 1410 1121 1459 Garamantis
1161 1411 1371 1474 regionis
1409 1421 1555 1476 caput
1593 1413 1805 1462 Garama
1841 1413 2080 1476 oppidum

332 1490 434 1538 fuit.
511 1492 600 1538 Est
624 1499 791 1539 autem
818 1492 944 1540 inter
970 1493 1305 1554 Cyrenensem
1331 1502 1379 1542 et
1404 1494 1736 1558 Aethiopiam,
1765 1495 1850 1543 ubi
1875 1504 1948 1544 est
1972 1497 2082 1544 fons

252 1586 308 1632 14
332 1573 417 1636 qui
454 1572 593 1636 friget
629 1575 791 1622 calore
821 1574 919 1623 diei
953 1583 1001 1623 et
1037 1577 1162 1624 calet
1199 1577 1374 1639 frigore
1403 1576 1576 1626 noctis.
1650 1577 1916 1640 Aethiopia
1952 1577 2083 1626 dicta

331 1673 360 1703 a
394 1657 559 1704 colore
593 1657 903 1719 populorum,
932 1673 1057 1720 quos
1095 1657 1210 1706 solis
1235 1658 1457 1708 vicinitas
1492 1667 1653 1708 torret.
1728 1659 1958 1722 Denique
1982 1659 2081 1708 vim

333 1737 504 1786 sideris
534 1738 699 1801 prodit
724 1738 983 1787 hominum
1011 1741 1146 1788 color
1163 1758 1176 1801 3
1212 1750 1284 1789 est
1317 1740 1449 1789 enim
1483 1740 1551 1790 ibi
1586 1740 1709 1805 iugis
1738 1750 1900 1790 aestus
1918 1759 1930 1801 3
1966 1758 2080 1790 nam

331 1819 577 1882 quidquid
603 1819 706 1868 eius
733 1829 818 1880 est,
847 1820 940 1869 sub
966 1820 1240 1870 meridiano
1265 1822 1463 1871 cardine
1489 1832 1574 1871 est.
1648 1823 1792 1874 Circa
1816 1823 2080 1872 occiduum

331 1911 497 1950 autem
524 1911 788 1951 montuosa
814 1912 900 1963 est,
926 1919 1132 1952 arenosa
1157 1903 1206 1951 in
1233 1905 1413 1963 medio,
1441 1906 1505 1953 ad
1531 1904 1818 1954 orientalem
1844 1921 1959 1954 vero
1985 1907 2082 1969 pla-

332 2001 444 2047 gam
470 1986 692 2034 deserta:
730 1984 869 2033 cuius
895 1984 1015 2033 situs
1041 1986 1104 2034 ab
1125 1985 1338 2034 occiduo
1357 1986 1606 2035 Athlantis
1632 1986 1814 2035 montis
1839 1989 1903 2036 ad
1928 1987 2082 2035 orien-

332 2075 432 2114 tem
476 2083 633 2129 usque
675 2066 726 2114 in
768 2066 980 2130 Aegypti
1019 2068 1142 2116 fines
1184 2067 1455 2131 porrigitur,
1493 2085 1521 2118 a
1557 2068 1762 2118 meridie
1798 2070 2015 2130 Oceano,
2053 2087 2082 2120 a

333 2148 668 2212 septentrione
702 2148 818 2198 Nilo
855 2149 1058 2199 flumine
1095 2151 1367 2211 clauditur,
1402 2150 1634 2214 plurimas
1672 2151 1859 2200 habens
1895 2161 2079 2215 genteS,

253 2243 310 2293 15
334 2231 527 2279 diverso
546 2233 684 2279 vultu
705 2241 752 2280 et
772 2241 1085 2281 monstruosa
1111 2233 1275 2296 specie
1300 2233 1570 2282 horribiles.
1627 2235 1860 2282 Ferarum
1880 2251 2081 2298 quoque

333 2322 381 2362 et
408 2313 709 2376 serpentium
742 2317 915 2363 referta
941 2324 1014 2364 est
1040 2315 1371 2364 multitudine.
1446 2315 1554 2364 Illic
1580 2315 1764 2379 quippe
1796 2317 2080 2365 rhinoceros

332 2395 491 2444 bestia
511 2405 558 2444 et
577 2398 966 2460 camelopardus,
989 2397 1259 2458 basiliscus,
1282 2399 1521 2447 dracones
1540 2397 1778 2462 ingentes,
1797 2415 1855 2447 ex
1870 2414 2079 2462 quorum

334 2478 536 2527 cerebro
551 2494 776 2541 gemmae
792 2481 1123 2529 extrahuntur.
1170 2481 1437 2543 Iacynthus
1454 2496 1654 2543 quoque
1671 2488 1718 2529 et
1734 2481 2080 2544 chrysoprasus

392 2614 410 2640 1
442 2601 705 2652 prinuvincia
727 2602 775 2641 Cl
888 2617 912 2641 2
942 2603 1055 2642 sitibi
1076 2604 1170 2643 hab.
1191 2602 1240 2643 C1
1364 2609 1406 2642 et
1425 2617 1507 2642 om.
1532 2603 1579 2641 K
1708 2617 1733 2653 3
1763 2604 1977 2643 caesariae
1996 2604 2085 2643 ΒΚ

335 2673 359 2708 4
389 2656 463 2708 ex]
486 2668 565 2706 pro
588 2655 634 2693 K
740 2659 964 2710 utraeque]
988 2665 1032 2698 ut
1053 2659 1241 2708 reliquae
1258 2658 1423 2709 (—qua?)
1444 2658 1484 2696 Β
1509 2672 1518 2697 :
1546 2658 1709 2708 reliqua
1729 2658 1776 2697 K
1891 2670 1916 2708 5
1945 2659 1997 2698 ab
2017 2671 2077 2698 or.

335 2728 419 2754 om.
441 2711 496 2749 Β1
597 2712 623 2748 6
644 2713 821 2752 malbam
844 2712 882 2751 T
962 2727 982 2763 7
1005 2714 1224 2752 astrixium
1240 2713 1275 2752 C
1354 2713 1557 2752 fecundas
1575 2719 1709 2752 terras
1725 2714 1772 2752 K
1850 2715 1875 2752 8
1897 2714 2029 2763 tingin
2049 2713 2087 2751 T

335 2784 362 2820 9
391 2766 536 2807 ultima
557 2777 605 2803 ex
623 2766 767 2806 ultime
795 2768 833 2807 T
945 2781 994 2807 10
1025 2774 1203 2818 exurget
1229 2767 1288 2805 T1
1399 2767 1486 2820 or.]
1510 2768 1728 2808 occidente
1745 2767 1792 2806 K
1901 2781 1945 2806 11
1978 2768 2079 2806 mal-

338 2828 432 2863 bam
463 2819 501 2858 T
619 2823 794 2861 occiduo
817 2837 899 2863 om.
930 2823 966 2861 T
1093 2836 1142 2873 13
1170 2824 1354 2874 gignans
1381 2822 1419 2860 T
1544 2835 1593 2872 14
1623 2823 1748 2862 etiam
1769 2823 1823 2862 el.
1848 2823 1883 2862 C
1987 2822 2078 2861 ele-

337 2881 518 2928 phantes
538 2872 677 2930 (elef-)
701 2877 807 2915 BlK
914 2891 998 2928 quo
1015 2890 1075 2918 so.
1098 2878 1145 2916 K
1271 2889 1318 2927 15
1348 2890 1519 2927 gamara
1534 2876 1594 2916 Βι
1610 2892 1623 2916 ÷
1647 2891 1790 2928 garam
1813 2877 1852 2916 T
1957 2878 2007 2915 16
2036 2884 2078 2916 et

338 2948 420 2973 om.
443 2933 489 2971 K
608 2943 654 2981 17
686 2932 844 2983 fringet
868 2932 917 2971 C¹
937 2949 946 2973 :
975 2934 1084 2982 riget
1108 2931 1146 2970 T
1253 2935 1302 2971 18
1322 2933 1483 2971 vicinas
1502 2931 1558 2970 Β1
1673 2945 1722 2982 19
1741 2930 1876 2982 hom.]
1893 2931 2078 2970 omnium

345 2988 382 3025 T
464 2994 607 3027 autem
629 2986 683 3025 ibi
707 2986 765 3026 C:
793 2987 851 3024 ibi
873 3001 939 3026 en.
963 2988 1004 3025 Β
1123 3001 1177 3026 20
1204 2987 1362 3038 occid.]
1382 2999 1589 3026 oceanum
1613 2986 1649 3026 C
1760 2999 1811 3025 22
1841 2987 1893 3025 ab
1912 2986 2078 3026 oriente

339 3043 385 3080 K
538 3056 590 3092 23
619 3055 682 3081 us.
706 3042 758 3080 ad
780 3041 826 3079 K
986 3045 1039 3081 26
1067 3041 1171 3094 illic]
1194 3042 1249 3080 ibi
1273 3041 1308 3080 C
1413 3042 1649 3081 rinocerota
1669 3041 1867 3094 (ricerota
1887 3040 1949 3091 K)
1962 3041 2073 3081 codd.

339 3099 392 3135 28
423 3098 571 3136 crebro
602 3097 658 3135 Β1
823 3096 1032 3136 iacinthus
1063 3096 1132 3136 K:
1160 3095 1370 3146 iaquintus
1398 3096 1458 3136 T:
1487 3097 1665 3135 iacintus
1701 3096 1755 3135 C:
1782 3095 2003 3146 yacinctus
2035 3095 2078 3133 B

339 3152 617 3201 crisoprasius
636 3151 745 3190 BK:
777 3152 1049 3191 crisobtasius
1072 3151 1110 3190 T

2107 618 2128 656 5

2109 1025 2157 1054 10

2109 1433 2154 1475 r5

2108 1846 2158 1876 20

2105 2250 2153 2292 ²5
