2228 3444
543 124 1175 173 Ji'l'YMOLOGIARVM
1219 125 1346 170 LIB.
1389 126 1478 171 VI.
1518 125 1595 170 xix

192 265 326 306 sexta
350 264 399 305 et
423 271 586 315 nona,
622 253 843 303 similiter
868 263 916 303 et
935 253 1108 303 noctis.
1182 255 1282 303 Sed
1309 255 1424 303 ideo
1450 256 1572 303 haec
1599 254 1773 303 orandi
1798 255 1948 304 horae
1971 255 2030 302 61

192 337 377 387 divisae
401 345 528 396 sunt,
551 345 603 385 ut
629 335 668 385 si
693 337 817 385 forte
841 334 1008 399 aliquo
1033 334 1268 384 fuerimus
1292 351 1441 399 opere
1460 337 1665 396 detenti,
1684 337 1830 400 ipsud
1855 352 1946 385 nos

190 422 255 469 ad
281 418 497 468 officium
517 427 712 481 tempus
737 419 1006 467 admoneat
1024 435 1038 478 3
1068 434 1196 481 quae
1215 427 1440 482 tempora
1459 418 1510 465 in
1535 416 1796 481 Scripturis
1818 419 1946 466 inve-

192 502 403 551 niuntur.
478 502 697 549 Primum
723 499 855 549 enim
882 498 1088 563 Spiritus
1126 509 1325 549 sanctus
1358 498 1665 563 congregatis
1691 498 1946 562 discipulis
1971 495 2041 542 62

145 603 166 642 5
191 586 312 633 hora
337 585 478 633 tertia
507 582 696 632 infusus
723 592 810 631 est.
873 584 1060 642 Petrus,
1090 598 1188 645 qua
1217 581 1300 631 die
1338 581 1580 640 visionem
1612 580 1947 630 communica-

192 667 338 716 tionis
358 665 409 714 in
428 664 512 714 illo
532 666 731 714 vasculo
756 673 982 727 expertus
1008 673 1096 724 est,
1117 672 1258 723 sexta
1271 665 1392 714 hora
1412 664 1588 713 orandi
1606 662 1762 728 gratia
1780 680 1948 713 ascen-

191 750 342 798 derat.
416 749 560 797 Idem
597 746 746 795 etiam
781 763 894 795 cum
932 747 1159 795 Iohanne
1197 747 1318 795 hora
1354 763 1488 796 nona
1525 747 1771 809 templum
1808 744 1944 805 adiit,

192 831 392 895 quando
417 828 736 893 paralyticum
763 827 959 877 sanitati
985 828 1278 878 reformavit.
1341 830 1439 878 Sed
1465 837 1513 877 et
1540 827 1809 876 Danielum
1835 827 1947 892 legi·
1972 827 2042 886 63

192 930 301 962 mus
329 914 450 961 haec
475 921 698 975 tempora
724 913 774 959 in
799 912 1022 960 oratione
1048 911 1352 970 observasse,
1381 920 1430 960 et
1456 912 1628 974 utique
1655 927 1714 959 ex
1751 912 1946 961 Israelis

120 1011 168 1039 10
190 993 462 1057 disciplina,
482 1002 535 1042 ut
560 1011 623 1042 ne
649 992 811 1042 minus
833 1010 983 1056 quam
1004 1002 1076 1042 ter
1096 992 1176 1042 die
1196 994 1475 1042 adoremus.
1530 992 1796 1042 Debitores
1814 992 1946 1042 enim

191 1091 360 1123 sumus
386 1074 546 1135 trium,
576 1074 734 1123 Patris
759 1084 807 1124 et
840 1074 949 1123 Filii
985 1084 1033 1124 et
1068 1074 1276 1138 Spiritus
1303 1074 1493 1135 sancti,
1525 1074 1742 1139 exceptis
1774 1074 1946 1138 utique

190 1166 238 1205 et
262 1156 368 1206 aliis
393 1156 621 1220 legitimis
647 1156 966 1217 orationibus,
991 1174 1118 1220 quae
1144 1158 1250 1205 sine
1270 1158 1369 1205 ulla
1392 1156 1738 1206 admonitione
1763 1157 1946 1206 deben-

191 1248 280 1300 tur,
309 1238 553 1302 ingressus
580 1240 702 1288 lucis
727 1257 786 1288 ac
811 1238 969 1288 noctis
996 1238 1097 1287 sive
1117 1238 1390 1302 vigiliarum
1410 1257 1422 1300 3
1460 1240 1548 1288 sed
1575 1247 1623 1287 et
1649 1238 1816 1287 cibum
1843 1255 1947 1287 non
1970 1239 2039 1298 64

192 1322 324 1384 prius
351 1338 544 1371 sumere
569 1339 718 1385 quam
744 1320 1032 1385 interposita
1057 1320 1293 1370 oratione.
1360 1319 1528 1369 Priora
1553 1320 1686 1370 enim
1713 1321 1947 1370 habenda

122 1416 169 1457 15
194 1409 307 1448 sunt
333 1399 528 1464 spiritus
548 1399 804 1464 refrigeria,
825 1399 942 1464 quia
966 1398 1127 1463 priora
1147 1399 1376 1449 caelestia
1396 1416 1546 1463 quam
1574 1408 1778 1449 terrena.
1844 1399 1945 1462 Qui

191 1492 356 1532 autem
376 1485 479 1531 vult
498 1481 769 1532 orationem
792 1499 930 1531 suam
951 1483 1115 1531 volare
1134 1483 1199 1531 ad
1218 1484 1398 1541 Deum,
1420 1482 1566 1530 faciat
1591 1481 1660 1529 illi
1686 1483 1809 1531 duas
1827 1483 1942 1543 alaS‚

191 1563 428 1614 ieiunium
460 1573 507 1613 et
539 1566 922 1628 eleemosynam,
963 1573 1010 1613 et
1039 1565 1278 1614 ascendet
1308 1564 1529 1613 celeriter
1559 1571 1607 1612 et
1641 1563 1943 1614 exaudietur.

193 1646 440 1697 Ieiunium
467 1656 540 1697 est
563 1646 862 1712 parsimonia
887 1646 1044 1696 victus
1069 1646 1469 1709 abstinentiaque
1495 1645 1732 1706 ciborum,
1755 1645 1834 1695 cui
1860 1663 1944 1696 no-
1969 1644 2039 1704 65

194 1746 308 1779 men
333 1739 406 1778 est
432 1728 644 1779 inditum
670 1747 728 1779 ex
753 1730 968 1792 quadam
994 1738 1131 1792 parte
1151 1727 1392 1777 viscerum
1413 1727 1550 1777 tenui
1576 1745 1769 1792 semper
1795 1738 1842 1778 et
1867 1746 1937 1778 va-

120 1828 170 1857 20
193 1830 299 1873 cua,
320 1813 455 1876 quod
482 1813 628 1876 vulgo
652 1810 873 1860 ieiunum
894 1819 1108 1860 vocatur.
1171 1811 1320 1859 Vnde
1337 1808 1506 1859 ieiunii
1526 1827 1712 1858 nomen
1730 1810 1944 1860 creditur

192 1893 478 1954 derivatum,
508 1894 644 1957 quod
669 1892 744 1942 sui
768 1892 934 1942 inedia
958 1892 1143 1941 viscera
1172 1908 1327 1940 vacua
1357 1900 1405 1940 et
1436 1890 1682 1940 exinanita
1716 1891 1939 1942 existant.

195 1974 443 2025 Ieiunium
468 1986 635 2025 autem
662 1985 710 2025 et
736 1975 881 2024 statio
913 1973 1103 2024 dicitur.
1179 1973 1336 2022 Statio
1360 1982 1528 2022 autem
1554 1975 1618 2023 de
1647 1973 1842 2023 militari
1869 1992 1945 2025 ex-
1968 1973 2041 2021 66

194 2059 358 2123 emplo
385 2074 569 2107 nomen
594 2057 798 2121 accepit,
829 2074 917 2121 pro
943 2073 1004 2106 eo
1029 2057 1165 2120 quod
1199 2057 1334 2104 nulla
1357 2054 1543 2105 laetitia
1569 2055 1842 2106 obveniens
1868 2075 1944 2107 ca-

195 2141 304 2189 stris
321 2139 585 2189 stationem
603 2139 814 2188 militum
840 2138 1087 2188 rescindit.
1130 2139 1261 2187 Nam
1281 2137 1465 2187 laetitia
1484 2137 1731 2200 libentius,
1751 2138 1944 2189 tristitia

123 2237 170 2277 25
197 2222 450 2272 sollicitius
480 2221 792 2272 administrat
825 2220 1170 2285 disciplinam3
1208 2222 1342 2271 unde
1378 2230 1426 2270 et
1457 2219 1637 2270 milites
1670 2238 1943 2285 numquam

194 2304 491 2354 inmemores
521 2303 814 2354 sacramenti
854 2303 1008 2367 magis
1048 2302 1344 2353 stationibus
1378 2313 1564 2368 parent.
1640 2303 1944 2354 Discernunt
1968 2303 2038 2363 67

253 2447 270 2474 1
302 2448 390 2476 sex.
421 2449 490 2476 no,
515 2435 566 2475 61
733 2449 756 2474 2
787 2435 956 2485 aliquod
986 2435 1021 2473 T
1174 2434 1378 2485 detempti
1401 2435 1480 2474 Cl:
1511 2435 1697 2484 detempi
1720 2434 1881 2486 <-npi3)
1912 2434 1949 2473 T

195 2490 340 2542 ipsud]
364 2491 404 2530 id
425 2491 503 2530 sud
528 2491 577 2530 61
772 2503 796 2539 4
829 2490 993 2529 Primus
1012 2487 1091 2528 BC
1097 2489 1133 2527 T
1148 2489 1218 2541 (cf.
1250 2489 1414 2530 Tertull.
1436 2489 1484 2528 de
1505 2494 1607 2530 orat.
1630 2491 1701 2539 25)
1828 2490 1938 2528 enim

194 2559 276 2586 om,
304 2544 340 2584 T
499 2545 770 2595 congregatis
791 2558 840 2584 ex
859 2545 1071 2595 congratis
1098 2543 1134 2582 T
1309 2546 1334 2583 8
1364 2544 1613 2595 paraclitum
1635 2544 1693 2583 Κ1
1851 2557 1937 2583 san.

196 2601 372 2650 pristine
393 2600 468 2639 ref.
491 2600 538 2639 K
559 2600 617 2651 (A
643 2612 683 2639 n.
708 2600 754 2651 l.)
917 2613 943 2648 9
974 2606 1017 2639 et
1038 2599 1183 2649 utique
1206 2612 1260 2639 ex
1281 2598 1360 2638 BC
1383 2598 1420 2638 T
1419 2600 1496 2638 rin.
1519 2613 1528 2638 :
1559 2599 1702 2650 utique
1724 2613 1775 2638 ex
1794 2598 1864 2636 K:
1895 2605 1942 2637 ut

195 2655 368 2704 antique
391 2655 435 2707 (i.
451 2668 484 2695 e.
507 2654 593 2706 -ae)
623 2654 660 2692 T
809 2668 858 2693 10
889 2654 1150 2705 disciplinam
1179 2653 1215 2692 T
1320 2660 1364 2692 ut
1385 2655 1459 2707 ne]
1483 2667 1566 2693 non
1587 2653 1634 2693 K
1770 2653 1853 2693 diei
1882 2653 1940 2692 T:

195 2709 238 2748 in
260 2710 328 2749 die
345 2708 392 2747 K
502 2721 546 2747 11
578 2714 636 2748 ut.
655 2708 706 2749 al.
735 2709 771 2747 T
881 2722 930 2759 13
961 2710 1157 2759 ingressu
1187 2708 1350 2749 Ter-tull.
1369 2709 1415 2748 de
1435 2714 1536 2748 orat.
1556 2720 1606 2757 25
1723 2721 1770 2758 14
1800 2707 1937 2758 prius]

196 2765 338 2815 potius
358 2762 399 2801 B
577 2763 870 2814 interpositam
891 2764 1125 2804 orationem
1145 2763 1192 2802 K
1372 2775 1418 2813 15
1447 2763 1639 2815 terrena]
1662 2762 1882 2802 terrestria
1909 2762 1947 2800 T

200 2821 250 2858 16
279 2819 404 2858 deum
425 2817 528 2859 BT:
559 2818 776 2858 dominum
801 2818 878 2857 CT
1014 2818 1110 2857 facit
1131 2817 1190 2855 Bl
1334 2818 1415 2870 illi]
1438 2818 1477 2858 ei
1503 2819 1541 2858 T
1671 2830 1717 2866 17
1747 2817 1940 2856 ascendit

199 2871 277 2913 CK
438 2873 664 2913 exauditur
682 2871 806 2912 BCK
970 2886 1018 2924 19
1045 2873 1256 2913 viscerum
1279 2885 1359 2911 om.
1385 2873 1431 2911 K
1449 2873 1553 2924 (non
1573 2873 1613 2911 A
1622 2874 1638 2926 >
1805 2884 1941 2922 semp.

196 2939 286 2968 vac.
310 2927 360 2967 61
471 2941 524 2967 20
553 2926 759 2980 ieiunum]
782 2927 985 2968 ieiunium
1007 2927 1129 2967 BCT
1235 2940 1283 2966 21
1317 2926 1471 2967 existat
1490 2927 1538 2966 K
1657 2940 1710 2966 22
1738 2926 1877 2966 stadio
1898 2926 1944 2965 K

198 2992 251 3033 23·
281 2981 361 3022 lae.
394 2982 484 3022 sive
516 2981 689 3022 tristitia
719 2995 759 3022 0.
789 2982 916 3023 Arev.
950 2984 1019 3036 (ex
1055 2982 1220 3022 Tertull.
1250 2981 1424 3022 devorat.
1464 2984 1530 3033 19)
1698 2981 1873 3021 crastris
1909 2980 1947 3020 T

199 3048 250 3085 24
283 3034 390 3078 ‘letia
415 3035 453 3076 T
613 3035 808 3077 tristitias
841 3035 890 3076 61
1075 3038 1129 3075 26
1167 3035 1302 3086 magis
1323 3065 1334 3077 .
1358 3067 1368 3077 .
1395 3067 1404 3078 .
1429 3036 1540 3076 iuter
1567 3035 1769 3075 ieiunium
1800 3049 1881 3076 om.
1909 3035 1946 3074 T
