2228 3444
1086 177 1359 226 ISIDORI

345 310 431 360 est,
465 316 592 363 quae
627 299 775 348 mittit
802 301 996 348 animos
1027 299 1248 349 iudicum
1282 300 1331 348 in
1363 318 1438 349 res
1471 299 1754 364 praeteritas
1784 308 1868 348 aut
1897 301 2096 357 futuras,

345 385 442 430 hoc
463 383 615 430 modo
640 401 648 430 :
690 386 699 406 ‘
722 384 976 430 Revocate
996 381 1174 431 mentis
1194 384 1259 432 ad
1276 384 1614 446 spectaculum
1635 393 1941 446 expugnatae
1961 381 2100 430 mise-

345 482 426 513 rae
463 463 685 523 civitatis,
726 473 774 513 et
810 464 977 513 videre
1014 482 1100 513 vos
1153 464 1338 514 credite
1374 464 1618 524 incendia,
1658 467 1851 523 caedes,
1890 463 2098 528 rapinas,

346 546 664 610 direptiones,
693 546 959 595 liberorum
1000 563 1262 610 corporum
1288 546 1501 607 iniurias,
1531 546 1836 610 captivitates
1862 556 2103 595 matrona-

346 646 469 689 rum,
488 628 842 678 trucidationes
859 631 1066 677 senum.⁷
1118 631 1179 677 In
1194 631 1411 678 futurum
1428 639 1594 678 autem
1610 628 1896 692 anticipatio
1917 645 2101 687 eorum,
2129 646 2150 685 5

347 729 475 775 quae
501 711 720 760 dicturus
748 721 821 759 est
846 710 1167 779 adversarius,
1196 720 1249 760 ut
1276 711 1440 759 Tullio
1465 728 1554 774 pro
1582 711 1786 770 Milone,
1816 727 1929 759 cum
1956 710 2105 758 mittit

347 793 540 841 animos
571 792 793 841 iudicum
824 792 874 840 in
905 809 1019 840 eum
1051 791 1350 855 reipublicae
1380 801 1577 853 statum,
1614 791 1766 855 (qui)
1799 794 1989 840 futurus
2016 799 2102 848 est,

260 889 325 938 35
349 874 543 924 etiamsi
559 874 726 923 occiso
749 874 940 922 Milone
962 874 1171 924 Clodius
1191 874 1386 923 viveret.
1449 874 1772 938 Aposiopesis
1792 882 1883 935 est,
1903 890 2017 922 cum
2038 872 2104 932 id,

351 959 489 1021 quod
511 956 687 1006 dicturi
704 956 1009 1015 videbamur,
1030 955 1226 1004 silentio
1252 955 1589 1019 intercipimus
1609 957 1762 1021 (Virg.
1777 959 1901 1005 Aen.
1921 974 1959 1015 Ι,
1975 971 2022 1017 13
2031 955 2079 1019 5)
2097 974 2105 1002 t

514 1042 655 1101 Quos
692 1056 798 1102 ego,
839 1040 926 1087 sed
963 1047 1126 1087 motos
1163 1048 1377 1102 praestat
1413 1055 1697 1102 conponere
1737 1039 1926 1086 fluctus.
2137 1052 2184 1078 10

262 1119 331 1178 36
357 1121 734 1184 Epanalempsis
765 1130 837 1169 est
868 1120 1133 1184 digressio:
1178 1119 1340 1168 ‘Tulit
1371 1122 1503 1169 calor
1532 1137 1612 1168 me
1641 1119 1841 1169 dicendi
1872 1128 1920 1167 et
1953 1117 2110 1181 digni-

357 1214 428 1253 tas
461 1221 622 1252 rerum
650 1204 798 1265 paulo
823 1202 1017 1266 longius
1052 1220 1202 1265 quam
1228 1203 1471 1261 volebam,
1500 1203 1588 1251 sed
1614 1203 1763 1251 redeo
1788 1202 1852 1250 ad
1879 1201 2111 1248 causam.'

269 1296 330 1345 37
356 1285 654 1335 Anamnesis
677 1295 750 1334 est
776 1286 1184 1334 commemoratio
1215 1284 1319 1334 eius
1349 1285 1430 1344 rei,
1464 1285 1601 1348 quod
1631 1283 1812 1332 oblitos
1842 1282 1991 1331 fuisse
2020 1299 2112 1330 nos

267 1369 332 1427 38
357 1370 602 1432 fingimus.
657 1367 937 1431 †Aparisis†
958 1376 1043 1427 est,
1063 1384 1178 1415 cum
1195 1366 1259 1426 id,
1280 1368 1416 1430 quod
1433 1366 1483 1414 in
1509 1366 1701 1414 animos
1726 1363 1945 1413 iudicum
1974 1363 2114 1426 quasi

264 1463 335 1510 39
358 1452 761 1514 deposueramus,
783 1459 1063 1513 opportune
1082 1451 1400 1512 reposcimus.
1472 1447 1751 1509 Aetiologia
1768 1455 1854 1506 est,
1878 1463 1991 1495 cum
2009 1463 2116 1509 pro·
2142 1462 2187 1501 15

264 1545 335 1593 40
360 1532 592 1596 ponimus
617 1534 819 1596 aliquid,
850 1532 1055 1595 eiusque
1080 1549 1279 1580 causam
1307 1540 1355 1580 et
1381 1530 1620 1580 rationem
1647 1532 1915 1579 reddimus.
1989 1531 2115 1579 Cha-

359 1615 685 1675 racterismus,
713 1614 979 1678 descriptio
1018 1615 1200 1677 figurae
1233 1613 1438 1662 alicuius
1466 1629 1706 1676 expressa,
1733 1621 1786 1660 ut
1814 1611 1965 1675 (Virg.
1988 1614 2112 1660 Aen.

359 1715 402 1757 4,
429 1697 579 1762 558)=

493 1778 679 1829 Omnia
717 1779 967 1827 Mercurio
1006 1776 1190 1836 similis,
1231 1793 1508 1840 vocemque
1545 1779 1864 1839 coloremque

493 1871 541 1910 et
578 1861 736 1910 crines
773 1862 924 1908 flavos
961 1870 1009 1909 et
1047 1859 1270 1908 membra
1306 1860 1487 1907 decora
1523 1859 1736 1907 iuventa„
2144 1869 2193 1896 20

358 1941 656 2004 Ἀθροισμός,
675 1956 788 1988 cum
814 1940 978 2002 plures
996 1954 1168 1986 sensus
1200 1937 1409 1986 breviter
1426 1937 1683 2000 expeditos
1704 1938 1753 1984 in
1774 1952 1929 1984 unum
1951 1937 2115 1982 locum

359 2031 664 2081 coacervant,
689 2030 737 2070 et
756 2038 870 2069 cum
891 2022 1106 2083 quadam
1125 2019 1439 2068 festinatione
1469 2018 1697 2079 decurrit,
1717 2027 1771 2066 ut
1791 2016 1967 2067 Cicero
1989 2016 2115 2080 (Cic.

362 2106 507 2154 Catil.
528 2121 570 2166 3,
597 2103 642 2167 Ι)
667 2123 675 2151 z
707 2101 1135 2165 ‘Rempublicam,
1158 2101 1389 2163 Quirites,
1412 2101 1664 2164 vitamque
1690 2098 1914 2149 omnium
1941 2107 2120 2147 vestro-

363 2203 485 2245 rum,
525 2186 672 2244 bona,
715 2186 949 2244 fortunas,
983 2186 1233 2247 coniuges,
1275 2183 1558 2245 liberosque
1598 2182 1815 2241 vestros‚'
1855 2189 1902 2229 et
1942 2189 2117 2228 cetera.

281 2278 341 2325 41
366 2267 532 2317 Ironia
557 2277 644 2325 est,
666 2284 780 2315 cum
806 2283 892 2328 per
917 2265 1283 2314 simulationem
1309 2267 1556 2314 diversum
1584 2281 1734 2327 quam
1761 2262 1881 2311 dicit
1906 2259 2121 2323 intellegi
2147 2279 2195 2317 25

365 2349 514 2412 cupit.
603 2348 680 2397 Fit
718 2357 885 2397 autem
925 2357 1009 2396 aut
1047 2365 1161 2395 cum
1200 2348 1461 2395 laudamus
1503 2363 1617 2395 eum
1657 2361 1806 2408 quem
1848 2343 2123 2406 vituperare

366 2433 607 2491 volumus,
636 2439 721 2478 aut
750 2429 1086 2493 vituperamus
1121 2446 1268 2492 quem
1305 2430 1505 2477 laudare
1540 2429 1782 2477 volumus.
1854 2424 2124 2487 Vtriusque

368 2514 648 2575 exemplum
670 2511 774 2572 erit,
797 2511 835 2559 si
855 2513 991 2560 dicas
1011 2519 1283 2558 amatorem
1305 2509 1604 2573 reipublicae
1626 2510 1904 2567 Catilinam,
1929 2508 2124 2555 hostem

277 2609 345 2657 42
368 2593 668 2658 reipublicae
695 2593 995 2656 Scipionem.
1070 2592 1357 2655 Diasyrmos
1377 2608 1447 2652 ea,
1468 2608 1596 2655 quae
1616 2606 1795 2652 magna
1813 2597 1941 2648 sunt,
1963 2587 2125 2636 verbis

429 2739 447 2763 1
479 2725 643 2763 futuras
659 2723 808 2763 omTl
831 2738 840 2761 z
870 2723 1054 2762 futurum
1078 2726 1126 2761 ut
1143 2721 1224 2761 vid.
1246 2721 1299 2760 Τ2
1408 2734 1432 2758 2
1464 2722 1618 2759 misera
1645 2719 1799 2767 T(non
1817 2715 1872 2772 U)
1892 2732 1900 2757 :
1933 2718 2131 2757 miseriB

370 2784 396 2820 6
426 2780 545 2819 tullio
573 2780 641 2817 B:
670 2778 836 2817 tullium
857 2778 965 2817 DT:
1004 2778 1150 2816 tullius
1182 2776 1233 2816 ΟΖ
1425 2789 1446 2825 7
1478 2776 1640 2814 amicos
1672 2774 1716 2812 D
1857 2773 1928 2824 qui
1957 2773 2049 2812 hab.
2077 2773 2127 2811 C2

371 2838 399 2876 f.
425 2840 540 2874 esset
562 2835 598 2872 si
617 2834 744 2872 Arev.
936 2845 984 2871 12
1015 2833 1068 2871 ad
1089 2845 1172 2871 om.
1192 2832 1236 2870 D
1421 2843 1470 2880 13
1501 2843 1623 2880 quam
1644 2829 1688 2877 D
1703 2828 1804 2880 (non
1830 2828 1905 2878 H)
2080 2840 2128 2875 14

369 2890 573 2941 Aparasis
600 2888 638 2927 T
651 2903 661 2928 z
689 2888 914 2938 Apaetesis
935 2887 1020 2927 edd.
1156 2900 1209 2925 20
1239 2886 1436 2924 iuventae
1459 2884 1510 2923 C²
1632 2897 1680 2923 21
1713 2881 1962 2933 Ἀθροισμός]
1987 2881 2130 2920 Litris-

371 2959 462 2985 mos
483 2943 594 2984 codd.
721 2956 773 2981 22
804 2949 1024 2981 coacervat
1048 2941 1196 2980 C2DH
1312 2953 1364 2990 23
1384 2940 1514 2978 vitam
1532 2952 1656 2989 quern
1679 2938 1716 2976 T
1814 2944 2057 2977 nostrorum
2077 2935 2128 2975 T:

372 3013 493 3039 usum
508 3001 658 3038 horum
676 2997 742 3048 (ex
753 2998 891 3049 orum)
904 2996 948 3034 D
964 3010 972 3035 :
998 3003 1189 3036 vestrum
1212 2994 1264 3034 C2
1386 3008 1437 3043 24
1467 3000 1636 3033 vestros
1650 2992 1803 3046 D2(D1
1822 3006 1862 3033 n.
1880 2992 1923 3043 l.)
1944 3006 1952 3030 ι
1985 2996 2081 3031 tuos
2101 2990 2138 3029 T

374 3067 424 3103 27
456 3061 526 3094 aut
539 3054 611 3093 vit.
633 3083 642 3092 .
670 3083 676 3091 .
703 3053 927 3092 .v01umus
944 3064 1026 3092 om.
1052 3051 1096 3088 D
1206 3050 1497 3100 vituperemus
1526 3048 1564 3087 T
