2176 3424
1043 136 1313 184 ISIDORI

231 281 280 315 11
306 281 422 313 nam
448 266 727 313 caeruleum
754 274 827 314 est
852 263 1007 314 viride
1032 282 1145 313 cum
1180 267 1331 329 nigro,
1361 276 1414 315 ut
1449 276 1522 316 est
1555 283 1701 317 mare.
1775 267 2049 331 Delphines

305 355 493 395 certum
515 347 701 395 habent
720 347 1033 407 vocabulum,
1057 348 1194 410 quod
1214 363 1359 396 voces
1385 347 1644 398 hominurn
1671 358 1950 413 sequantur,
1973 352 2050 398 vel

306 430 442 492 quod
457 430 521 478 ad
539 430 884 492 symphoniam
911 428 1146 492 gregatim
1173 430 1490 480 conveniunt.
1543 431 1680 480 Nihil
1705 433 1754 480 in
1775 448 1908 481 mare
1924 433 2050 481 velo-

305 512 409 560 cius
425 510 528 559 istis
547 529 559 571 3
585 527 699 558 nam
717 514 1007 574 plerumque
1026 510 1256 560 salientes
1272 530 1422 562 naves
1443 515 1759 562 transvolant.
1832 516 2050 576 Quando

304 602 471 641 autem
491 594 789 655 praeludunt
810 593 859 641 in
877 594 1110 642 fiuctibus
1131 603 1179 642 et
1198 596 1443 643 undarum
1465 612 1516 644 se
1533 594 1746 644 molibus
1768 597 1892 644 saltu
1918 612 2051 659 prae·
2075 614 2096 653 5

306 674 442 738 cipiti
462 676 653 736 feriunt,
674 685 992 739 tempestates
1014 675 1286 739 significare
1303 676 1542 726 videntur.
1603 679 1674 725 Hi
1694 677 1888 741 proprie
1908 677 2051 727 simo-

306 773 393 806 nes
414 758 747 806 nominantur.
813 760 901 807 Est
923 768 970 807 et
990 759 1282 821 delphinum
1301 777 1456 822 genus
1476 761 1526 808 in
1548 759 1665 809 Nilo
1685 761 1833 809 dorso
1851 769 2047 819 serrato,

229 857 282 891 12
305 842 388 902 qui
431 841 724 889 crocodillos
767 850 934 889 tenera
977 842 1221 890 ventrium
1264 851 1486 892 secantes
1529 842 1828 892 interimunt.
1909 841 2051 891 Porci

307 921 493 982 marini,
534 921 618 985 qui
644 924 789 985 vulgo
823 932 1061 971 vocantur
1098 925 1238 983 suilli,
1279 923 1394 987 quia
1428 926 1547 973 dum
1588 941 1750 973 escam
1794 933 2052 986 quaerunt,

306 1021 442 1053 more
468 1006 566 1052 suis
593 1014 766 1054 terram
787 1006 878 1054 sub
905 1005 1045 1069 aquis
1067 1007 1276 1054 fodiunt.
1351 1006 1494 1057 Circa
1517 1016 1682 1070 guttur
1707 1005 1840 1055 enim
1866 1007 2052 1055 habent
2079 1022 2127 1049 10

304 1086 400 1135 oris
435 1086 670 1147 officium,
712 1098 760 1136 et
795 1087 887 1136 nisi
927 1097 1137 1136 rostrum
1176 1089 1335 1137 arenis
1380 1090 1672 1152 inmergunt‚
1714 1098 1908 1151 pastum
1950 1105 2051 1137 non

225 1185 280 1231 13
304 1169 553 1232 colligunt.
630 1169 777 1220 Corvi
813 1188 842 1218 a
877 1169 1040 1219 cordis
1065 1186 1187 1219 voce
1224 1172 1356 1230 dicti,
1384 1172 1499 1234 quia
1533 1170 1802 1234 grunniunt
1837 1180 2049 1233 pectore,

224 1270 278 1316 14
304 1268 491 1314 suaque
508 1268 630 1300 voce
647 1252 827 1315 proditi
848 1251 1122 1316 capiuntur.
1167 1253 1367 1315 Thynni
1386 1255 1630 1301 Graecum
1652 1269 1836 1301 nomen
1853 1252 2052 1301 habent.

307 1329 378 1377 Hi
395 1329 737 1393 ingrediuntur
746 1332 870 1380 veris
888 1341 1110 1394 tempore
1114 1330 1319 1392 ,intrant
1337 1332 1508 1380 dextro
1525 1332 1686 1391 latere,
1700 1333 1840 1380 laevo
1857 1340 2049 1380 exeunt.

306 1414 424 1461 Hoc
450 1414 566 1461 inde
592 1414 859 1462 creduntur
892 1415 1029 1476 quod
1063 1412 1244 1462 dextris
1278 1414 1432 1461 oculis
1462 1412 1653 1461 acutius
1679 1413 1877 1462 videant
1903 1429 2052 1476 quam
2078 1432 2124 1472 15

225 1505 281 1553 15
305 1494 525 1543 sinistris.
599 1495 807 1545 Gladius
847 1495 1026 1544 dicitur
1066 1513 1125 1544 eo
1159 1497 1295 1559 quod
1332 1505 1489 1544 rostro
1525 1505 1816 1544 mucronato
1853 1494 1942 1544 sit:
1987 1495 2053 1543 ob

220 1581 278 1628 16
305 1574 402 1621 hoc
439 1589 588 1622 naves
626 1575 869 1637 perfossas
907 1576 1094 1638 mergit.
1167 1576 1308 1623 Serra
1333 1583 1631 1638 nuncupata,
1671 1575 1786 1637 quia
1822 1583 2052 1623 serratam

227 1676 281 1726 17
304 1657 500 1705 cristam
538 1657 701 1716 habet,
742 1666 790 1705 et
826 1656 1172 1705 subternatans
1211 1673 1387 1705 navem
1426 1666 1571 1706 secat.
1647 1657 1850 1719 Scorpio
1877 1657 2050 1715 dictus,

305 1737 419 1801 quia
449 1737 599 1787 laedit
632 1740 751 1787 dum
785 1754 935 1787 manu
969 1740 1170 1787 tollitur.
1241 1739 1467 1787 Tradunt
1505 1740 1679 1787 decem
1716 1739 1902 1787 cancris
1938 1755 2051 1786 cum

306 1819 454 1869 ocimi
497 1820 752 1884 manipulo
794 1822 1000 1883 alligatis
1044 1837 1217 1868 omnes
1257 1819 1342 1882 qui
1390 1819 1457 1868 ibi
1508 1830 1620 1868 sunt
1663 1821 1947 1883 scorpiones
1989 1820 2053 1868 ad
2078 1838 2129 1866 20

227 1903 282 1950 18
305 1919 420 1953 eum
445 1903 611 1953 locum
636 1903 934 1966 congregari.
1007 1904 1203 1951 Aranea
1226 1918 1380 1965 genus
1406 1901 1566 1964 piscis,
1596 1901 1756 1951 dictus
1783 1902 1919 1963 quod
1937 1917 2054 1950 aure

221 2002 283 2049 19
306 1987 479 2046 feriat3
522 1985 673 2033 habet
710 1984 843 2033 enim
882 1983 1107 2032 stimulos
1146 2000 1173 2032 e
1210 1983 1390 2046 quibus
1427 1982 1650 2046 percutit.
1725 1982 2050 2042 Crocodillus‚

305 2085 334 2115 a
370 2083 547 2116 croceo
584 2069 750 2116 colore
786 2066 961 2127 dictus,
989 2065 1202 2130 gignitur
1238 2065 1287 2113 in
1327 2065 1459 2125 Nilo,
1487 2065 1669 2114 animal
1699 2067 1979 2129 quadrupes
2004 2064 2054 2113 in

307 2159 431 2198 terra
457 2158 505 2198 et
530 2150 671 2212 aquis
697 2150 878 2208 valens,
908 2147 1218 2212 longitudine
1244 2149 1538 2210 plerumque
1562 2146 1732 2210 viginti
1757 2147 2051 2207 cubitorum,

306 2229 532 2280 dentium
593 2239 641 2279 et
700 2231 939 2293 unguium
1000 2231 1289 2277 inmanitate
1342 2238 1598 2289 armatum,
1648 2238 1883 2292 tantaque
1930 2228 2054 2278 cutis
2081 2246 2129 2287 25

306 2314 485 2362 duritia
534 2322 587 2361 ut
635 2311 860 2375 quamvis
900 2312 1098 2360 fortium
1144 2313 1268 2359 ictus
1308 2312 1528 2374 lapidum
1572 2321 1707 2374 tergo
1750 2310 2055 2374 repercutiat.

215 2414 284 2449 20
308 2396 471 2444 Nocte
489 2395 539 2442 in
554 2393 710 2457 aquis,
730 2393 811 2443 die
829 2395 967 2442 humi
994 2392 1216 2456 quiescit.
1277 2394 1386 2443 Ova
1403 2392 1452 2441 in
1474 2402 1598 2442 terra
1623 2394 1781 2442 fovet:
1809 2394 2054 2442 masculus

364 2538 387 2563 2
418 2524 516 2573 quia
549 2525 583 2563 C
746 2537 771 2574 3
802 2525 901 2574 quia
937 2525 972 2564 C
1080 2522 1337 2562 conveniunt
1365 2537 1412 2561 ex
1444 2523 1620 2561 veniunt
1654 2521 1688 2560 C
1797 2523 1966 2562 inmane
1998 2523 2053 2562 Β1

310 2594 333 2628 4
366 2592 462 2618 nam
485 2610 493 2619 .
517 2609 526 2618 .
554 2610 561 2618 .
585 2585 715 2617 trans.
739 2592 822 2618 om.
852 2578 903 2617 T1
1014 2578 1255 2617 transiliunt
1281 2577 1338 2616 T2
1458 2589 1483 2626 5
1514 2578 1743 2628 proludunt
1762 2577 1822 2616 C:
1851 2578 1998 2616 ludunt
2013 2577 2060 2615 K

312 2648 334 2684 7
357 2640 423 2674 est
437 2633 517 2673 del.
532 2634 579 2672 K
677 2634 702 2672 8
725 2634 794 2672 -lis
808 2633 853 2671 K
960 2646 986 2682 9
1007 2633 1078 2682 qui
1093 2633 1190 2671 dum
1204 2631 1270 2670 B:
1291 2631 1517 2681 quandoK
1621 2645 1670 2670 10
1689 2645 1786 2671 sues
1799 2632 1886 2671 ΒΚ
1903 2647 1912 2672 :
1931 2646 2003 2672 sus
2023 2634 2060 2672 T

313 2703 358 2727 11
391 2690 629 2738 inmergant
648 2688 687 2726 Β
858 2699 906 2726 12
935 2688 1049 2737 quod
1070 2688 1114 2726 K
1281 2699 1329 2736 13
1359 2700 1433 2725 sua
1452 2699 1517 2725 vo.
1538 2686 1595 2724 [31
1783 2700 1831 2736 14
1859 2688 1975 2726 vevis
1996 2687 2051 2726 El

315 2747 364 2782 16
392 2757 443 2783 eo
465 2756 548 2783 om.
573 2742 619 2780 K
739 2743 975 2782 muerinato
995 2743 1062 2781 B:
1093 2747 1338 2781 mocrenato
1359 2741 1429 2780 K:
1459 2741 1668 2780 murinato
1697 2741 1753 2781 T:
1785 2742 1934 2781 maiori
1953 2747 2053 2780 nato

315 2799 349 2838 C
514 2798 562 2836 18
594 2797 721 2835 habet
753 2810 838 2836 om.
870 2797 917 2835 K
1041 2797 1186 2835 subter
1216 2801 1411 2835 natantes
1447 2797 1482 2835 C
1646 2810 1696 2846 19
1723 2795 1840 2847 quia]
1874 2797 1985 2846 quod
2022 2795 2058 2835 C

313 2866 365 2892 20
385 2853 577 2902 alligatus
601 2851 639 2891 T
729 2865 767 2890 o.
791 2852 944 2901 quibus
963 2857 1063 2891 sunt
1083 2851 1130 2890 K
1236 2864 1282 2889 21
1309 2851 1433 2889 dictis
1457 2850 1518 2889 T:
1538 2851 1695 2889 dictum
1719 2850 1755 2888 C
1861 2864 1912 2888 22
1932 2851 2054 2890 ferie-

312 2908 381 2946 bat
401 2908 447 2946 K
609 2920 659 2955 24
691 2906 784 2956 quis
812 2906 894 2945 Tl:
924 2908 966 2945 in
988 2905 1108 2956 aquis
1129 2905 1207 2944 BC
1368 2918 1418 2956 25
1450 2905 1681 2955 unguinum
1710 2903 1748 2941 T
1851 2911 2054 2956 tanteque

314 2963 460 3013 <-tae-)
484 2975 547 3001 cu.
573 2962 664 3002 dur.
685 2960 785 2999 BT:
821 2966 1018 3010 tanteque
1039 2974 1108 3000 cu.
1129 2959 1308 2999 duritiae
1325 2960 1371 2998 K
1489 2962 1541 2998 26
1562 2966 1733 3008 tergore
1750 2972 1782 2999 r.
1799 2959 1853 2999 C:
1885 2965 2055 3010 tergora

313 3030 425 3066 perc.
447 3017 487 3055 B
597 3015 886 3066 repercutiant
917 3015 963 3053 K
981 3030 990 3055 t
1021 3027 1296 3064 repercussus
1330 3015 1375 3064 (ι’.
1392 3029 1421 3055 e.
1453 3013 1541 3066 -os)
1567 3027 1654 3053 non
1684 3014 1840 3053 sentiat
1878 3014 1948 3054 TC
1970 3028 2054 3066 mg.

313 3084 365 3120 27
396 3071 439 3110 in
461 3071 546 3110 umi
569 3070 627 3110 T:
655 3070 697 3109 in
718 3072 847 3109 humo
866 3069 906 3107 Β
1018 3070 1237 3120 quiescant
1256 3068 1312 3108 Β1
