2228 3444
502 172 1133 221 ETYMOLOGIARVM
1173 175 1300 222 LIB.
1342 176 1378 221 I.
1419 174 1513 222 xvii

138 294 388 355 spondeus
413 301 578 341 autem
604 303 652 342 et
677 295 989 342 ditrochaeus
1016 304 1063 343 et
1092 294 1338 344 diiambus
1365 296 1483 344 dicti
1509 299 1644 359 quod
1672 297 1880 360 geminis

137 383 365 423 constant
394 374 582 435 iambis,
611 375 845 438 spondeis
870 377 946 424 vel
972 377 1227 426 trochaeis.
1301 379 1630 442 Antispastus,
1659 381 1794 442 quod
1820 379 1879 428 sit
1903 394 1959 441 15

138 473 196 504 ex
215 455 468 524 contrariis
489 456 698 519 syllabis,
722 474 780 506 ex
802 456 932 506 brevi
955 465 1002 506 et
1022 459 1181 521 longa,
1206 476 1263 508 ex
1282 460 1429 522 longa
1449 467 1497 508 et
1515 459 1664 508 brevi.
1752 462 1880 509 Cho-
1903 466 1963 512 16

137 538 351 586 riambus
372 555 500 597 vero,
523 537 638 601 quia
657 555 716 587 ex
732 539 828 587 hoc
847 539 976 601 pede
996 539 1310 602 conpositum
1332 557 1531 590 carmen
1550 542 1712 589 choris
1737 540 1881 604 aptis-

89 638 110 677 5
137 617 314 666 simum
336 619 411 668 sit.
475 619 633 668 Ionici
658 636 776 668 sane
801 629 999 683 propter
1024 637 1342 670 numerorum
1364 621 1675 684 inaequalem
1702 639 1877 671 sonum
1903 639 1956 687 17

137 699 267 748 dicti.
358 701 564 750 Habent
589 700 722 750 enim
747 700 888 750 binas
915 703 1086 765 longas
1113 703 1322 765 syllabas
1349 702 1590 767 binasque
1615 713 1875 767 correptas.

137 783 357 829 Paeones
384 781 502 830 dicti
527 783 590 830 ab
615 782 884 832 inventore.
960 781 1227 848 [Constant
1254 783 1384 832 enim
1411 784 1502 848 ipsi
1529 802 1587 833 ex
1612 802 1710 833 una
1734 786 1876 848 longa
1904 790 1957 836 18

135 872 183 910 et
207 862 361 911 tribus
387 863 628 923 brevibus,
657 881 784 927 quae
810 866 955 927 longa
980 863 1111 913 iuxta
1137 867 1340 913 nomina
1365 883 1534 914 eorum
1561 865 1779 915 variatim
1807 875 1880 915 est

135 942 438 1010 constituta]
510 944 704 1008 Epitriti
737 945 897 995 vocati
936 948 1071 1009 quod
1111 963 1304 1010 semper
1333 956 1428 996 tres
1461 950 1632 1011 longas
1662 948 1878 997 habeant
1901 964 1961 1010 19

64 1046 111 1073 10
134 1025 342 1087 syllabas
367 1035 415 1074 et
440 1043 589 1074 unam
609 1026 823 1076 brevem.
897 1027 1126 1091 Syzygiae
1150 1037 1316 1077 autem
1343 1039 1455 1077 sunt
1482 1029 1803 1092 pentasyllabi
1829 1038 1876 1078 et
1899 1045 1967 1079 20

133 1106 431 1170 hexasyllabi
456 1110 633 1171 pedes3
667 1117 715 1158 et
740 1108 901 1157 dictae
926 1110 1060 1172 apud
1086 1111 1303 1158 Graecos
1329 1112 1543 1177 συζυγίαι
1569 1110 1707 1173 quasi
1734 1127 1878 1173 quae—

133 1189 246 1237 dam
287 1187 654 1238 declinationes.
727 1191 826 1239 Sed
865 1189 914 1238 hi
953 1208 1055 1239 non
1094 1200 1209 1240 sunt
1247 1193 1414 1255 pedes,
1449 1193 1536 1241 sed
1571 1193 1879 1256 appellantur

134 1269 456 1332 pentasyllabi
476 1280 523 1319 et
543 1272 856 1334 hexasyllabi,
876 1273 991 1335 quia
1007 1274 1132 1321 ultra
1148 1275 1368 1337 quinque
1385 1283 1432 1323 et
1450 1290 1531 1324 sex
1551 1274 1759 1337 syllabas
1777 1292 1875 1323 non

134 1353 423 1414 procedunt.
485 1353 634 1401 Vnde
663 1370 763 1402 non
800 1363 993 1417 oportet
1031 1354 1080 1402 in
1114 1354 1330 1404 carmine
1366 1357 1454 1404 has
1488 1355 1695 1419 syllabas
1726 1358 1880 1419 quod-

63 1450 110 1489 15
135 1433 254 1482 libet
271 1436 506 1483 excedere
523 1451 721 1494 nomen,
739 1445 793 1484 ut
814 1439 824 1461 ‘
842 1435 1353 1499 Carthaginiensium‚'
1378 1442 1387 1463 ‘
1406 1437 1881 1500 Hierosolymitano-

133 1517 271 1574 rum‚'
302 1525 350 1564 et
380 1516 1101 1581 ‘Constantinopolitanorum.’
1175 1517 1423 1567 Accidunt
1468 1518 1734 1582 unicuique
1765 1520 1879 1581 pedi
1903 1533 1959 1567 21

134 1596 252 1646 arsis
277 1607 325 1646 et
350 1597 514 1658 thesis,
534 1600 585 1647 id
607 1608 681 1648 est
706 1599 914 1648 elevatio
941 1609 987 1648 et
1013 1599 1192 1662 positio
1218 1599 1366 1649 vocis.
1440 1602 1619 1663 Neque
1640 1599 1771 1649 enim
1793 1602 1881 1649 iter

135 1680 287 1742 pedes
324 1679 530 1743 dirigere
559 1690 804 1743 poterunt,
828 1681 921 1729 nisi
951 1684 1138 1729 alterna
1167 1683 1272 1730 vice
1299 1683 1520 1730 leventur
1545 1692 1593 1731 et
1618 1692 1877 1745 ponantur,

136 1770 188 1808 ut
212 1762 407 1809 ‘arma':
439 1763 530 1809 ‘ar'
547 1763 754 1811 elevatio
770 1771 857 1822 est,
881 1764 1002 1811 ‘ma'
1021 1763 1215 1826 positio.
1282 1766 1341 1811 In
1357 1765 1432 1812 his
1449 1765 1646 1813 duobus
1663 1781 1749 1827 per
1765 1763 1881 1813 divi-

61 1866 112 1893 20
135 1841 325 1891 sionem
355 1845 507 1905 pedes
533 1843 735 1906 legitimi
761 1844 1068 1908 colliguntur.
1142 1848 1318 1908 Aequa
1351 1845 1526 1894 divisio
1552 1855 1625 1895 est
1651 1847 1879 1908 quotiens

136 1923 253 1972 arsis
284 1933 331 1972 et
361 1924 511 1973 thesis
542 1926 734 1988 aequali
766 1935 1043 1990 temporum
1075 1925 1316 1975 divisione
1347 1928 1631 1976 caeduntur.
1697 1929 1874 1990 Dupla‚
1901 1935 1965 1970 22

135 2004 363 2067 quotiens
390 2022 447 2055 ex
473 2005 547 2054 his
573 2023 727 2054 unum
748 2009 952 2055 alterum
981 2008 1134 2070 duplo
1159 2007 1323 2056 vincit.
1397 2010 1632 2071 Sescupla
1652 2024 1766 2056 vero
1792 2018 1878 2068 est,

135 2086 363 2148 quotiens
387 2104 542 2135 unum
562 2089 768 2136 alterum
795 2090 1022 2151 sescuplo
1048 2098 1256 2151 superat.
1333 2091 1392 2136 In
1418 2091 1593 2153 simpla
1617 2088 1749 2138 enim
1775 2089 1880 2138 eius

138 2176 273 2229 parte
303 2185 430 2217 unus
461 2171 569 2232 plus
600 2168 870 2217 invenitur:
904 2168 955 2216 in
980 2170 1130 2232 dupla
1161 2186 1287 2218 unus
1318 2171 1481 2218 minus
1506 2171 1727 2219 habetur.
1801 2172 1882 2219 Se-

63 2271 109 2310 25
138 2265 275 2297 scum
297 2250 428 2298 enim
456 2249 717 2299 dimidium
744 2249 937 2299 dicitur.
971 2314 975 2318 .
1007 2252 1231 2313 Triplum
1253 2261 1339 2311 est,
1363 2253 1566 2314 quando
1592 2251 1746 2300 maior
1771 2269 1880 2315 pars

135 2341 207 2380 ter
232 2333 452 2380 continet
482 2341 640 2380 totum
668 2331 844 2392 minus,
874 2331 924 2380 id
950 2341 1023 2380 est
1054 2331 1142 2380 tria
1167 2342 1214 2380 et
1241 2349 1408 2381 unum.
1501 2332 1765 2395 Epitritum
1791 2342 1877 2391 est,

135 2415 337 2476 quando
356 2412 518 2461 minus
545 2413 824 2462 continetur
848 2430 877 2461 a
902 2412 1098 2473 maiore,
1126 2415 1240 2477 (et)
1269 2413 1372 2463 eius
1399 2414 1539 2463 tertia
1564 2431 1689 2478 pars.
1761 2417 1880 2465 Cae-

135 2497 318 2544 duntur
336 2511 450 2544 vero
467 2496 651 2558 pedum
673 2494 894 2544 membra
910 2497 985 2543 vel
1004 2511 1090 2557 per
1108 2494 1455 2558 aequalitatem
1472 2498 1547 2544 vel
1567 2513 1653 2559 per
1671 2497 1878 2560 duplum

134 2578 210 2626 vel
235 2593 321 2640 per
346 2579 626 2641 sescuplum
653 2579 729 2626 vel
755 2594 840 2640 per
864 2578 1062 2640 triplum
1087 2579 1165 2626 vel
1190 2594 1276 2640 per
1301 2579 1563 2641 epitritum.

193 2718 211 2743 1
244 2707 399 2755 gemini
419 2706 465 2744 K
630 2719 654 2755 3
686 2720 741 2745 ex
761 2706 886 2756 longa
906 2720 988 2745 om.
1015 2706 1050 2745 C
1217 2719 1242 2756 5
1273 2720 1492 2746 numerum
1520 2706 1558 2746 T
1713 2709 1739 2746 6
1768 2707 1878 2745 enim

135 2760 287 2800 ονι«ι.Κ1
396 2761 543 2810 longas
557 2760 676 2799 binas
696 2760 734 2799 T
872 2774 951 2810 7-9
980 2766 1178 2800 constant
1192 2790 1203 2801 .
1218 2793 1226 2801 .
1250 2794 1258 2802 .
1274 2763 1500 2801 constituta
1515 2762 1607 2801 hab.
1623 2777 1653 2812 γ
1678 2763 1740 2815 (=
1757 2761 1850 2811 TU)
1870 2776 1877 2800 :

136 2829 218 2854 om.
234 2829 260 2853 α
278 2814 446 2866 (=BC)
465 2818 493 2858 β
512 2816 572 2865 (=
585 2815 648 2867 K)
752 2829 779 2866 9
798 2815 957 2854 habent
972 2815 1018 2853 K
1119 2828 1169 2854 10
1188 2822 1230 2855 et
1244 2816 1507 2865 hexasyllabi
1523 2829 1604 2856 om.
1623 2815 1670 2854 C¹
1771 2827 1814 2854 11
1837 2820 1879 2852 et

136 2869 297 2921 dictae]
321 2870 456 2909 dictae
471 2869 532 2908 K1
613 2870 731 2919 quasi
751 2883 833 2908 om.
857 2871 918 2909 Kl
1041 2883 1090 2920 13
1118 2871 1188 2919 qui
1209 2871 1320 2910 ultra
1338 2871 1398 2908 Κ1
1417 2872 1521 2917 (non
1537 2871 1597 2921 Β)
1715 2883 1762 2918 14
1793 2882 1878 2907 non

137 2937 221 2964 om.
236 2923 277 2961 Β
368 2924 552 2963 carmine
567 2924 664 2975 has]
682 2925 934 2963 carminibus
948 2924 994 2963 K
995 2926 1010 2948 ²
1105 2925 1152 2963 18
1174 2930 1402 2975 potuerunt
1414 2925 1454 2963 Β
1464 2925 1501 2962 T
1602 2937 1654 2963 22
1675 2924 1810 2962 altero
1823 2923 1883 2961 K1

138 2990 190 3026 23
230 2978 363 3030 enirn]
401 2985 466 3018 est
501 2978 550 3017 C1
712 2992 765 3031 24
794 2979 999 3018 habeatur
1044 2978 1081 3017 T
1202 2992 1373 3019 sexeum
1406 2978 1507 3018 ΒΚ1
1523 2993 1532 3017 :
1580 2991 1777 3028 sesquum
1821 2977 1879 3017 T:

139 3033 386 3083 sexcuplum
412 3033 446 3071 C
608 3046 657 3082 25
688 3033 856 3083 triplum
872 3034 984 3072 enim
1001 3040 1066 3072 est
1093 3033 1129 3071 T
