2176 3424
957 372 960 394 Ξ
1001 318 1214 366 LIBER
1250 319 1296 364 X

853 446 962 497 DE
1000 445 1445 498 VOCABVLIS

232 586 251 619 1
412 581 589 629 ORIGO
627 580 943 643 quorundam
982 578 1257 638 nominum,
1298 578 1348 628 id
1386 589 1468 645 est
1495 580 1629 628 unde
1664 577 1877 639 veniant,
1917 595 2019 626 non
2065 642 2068 646 ἵ

276 677 404 725 pene
429 661 664 711 omnibus
698 671 847 726 patet.
922 660 1138 710 Proinde
1164 663 1408 725 quaedam
1449 660 1690 711 noscendi
1725 659 1877 725 gratia
1905 659 2021 709 huic

273 742 410 807 operi
436 743 784 795 interiecimus.
1402 808 1408 810 ξ

412 827 494 874 DE
529 841 831 883 vavsDAM
869 840 1154 876 VOCABVLIS
1193 840 1465 874 HOMINVM.
1542 823 1682 874 Licet
1707 823 1843 889 origo
1868 823 2023 874 nomi-

274 924 408 968 num,
438 909 573 958 unde
598 908 813 968 veniant,
847 926 876 956 a
905 907 1219 972 philosophis
1245 925 1355 957 eam
1381 917 1548 957 teneat
1573 906 1830 966 rationem,
1859 916 1913 955 ut
1928 923 2023 976 per
2046 917 2068 957 5

274 989 736 1040 denominationem
754 992 908 1039 homo
923 990 987 1039 ab
1004 989 1325 1050 humanitate,
1347 989 1543 1054 sapiens
1562 1006 1591 1038 a
1610 990 1850 1054 sapientia
1868 986 2024 1037 nomi-

273 1081 433 1132 netur,
465 1071 581 1135 quia
614 1071 748 1137 prius
779 1071 1034 1137 sapientia,
1063 1072 1248 1122 deinde
1282 1072 1478 1136 sapiens
1495 1090 1509 1134 3
1545 1081 1713 1122 tamen
1747 1074 1895 1120 claret
1927 1069 2023 1119 alia

273 1153 499 1217 specialis
524 1153 576 1203 in
602 1154 788 1219 origine
814 1155 1129 1218 quorundam
1154 1154 1415 1203 nominum
1442 1171 1603 1214 causa,
1631 1155 1756 1203 sicut
1780 1155 1933 1201 homo
1958 1152 2022 1200 ab

273 1238 442 1296 humo,
470 1239 605 1286 unde
631 1236 826 1301 proprie
860 1238 1015 1286 homo
1041 1247 1114 1286 est
1139 1239 1429 1301 appellatus.
1504 1239 1578 1285 Ex
1605 1235 1785 1300 quibus
1811 1233 2023 1298 exempli

271 1318 424 1382 gratia
444 1320 692 1382 quaedam
718 1318 769 1367 in
794 1320 890 1368 hoc
917 1336 1066 1383 opere
1091 1318 1363 1383 posuimus.
1699 1347 1702 1350 -
2048 1327 2098 1355 10

1128 1411 1176 1457 A

219 1505 250 1539 2
409 1493 581 1551 Aeros,
618 1489 688 1539 vir
725 1489 861 1539 fortis
896 1499 944 1539 et
982 1489 1191 1554 sapiens.
1264 1493 1454 1540 Auctor
1486 1490 1550 1539 ab
1583 1490 1813 1553 augendo
1846 1487 2023 1538 dictus.

273 1574 545 1621 Auctorem
571 1580 738 1621 autem
764 1571 1005 1621 feminino
1029 1588 1208 1635 genere
1238 1572 1337 1622 dici
1362 1590 1464 1622 non
1490 1588 1649 1636 posse.
1722 1573 1851 1626 Nam
1879 1587 2024 1633 quae-

273 1657 389 1704 dam
411 1664 525 1704 sunt
546 1672 673 1718 quae
693 1654 744 1703 in
764 1655 1006 1704 feminino
1026 1655 1157 1704 flecti
1177 1672 1278 1705 non
1298 1664 1520 1720 possunt,
1538 1664 1592 1704 ut
1618 1671 1798 1704 cursor.
1853 1655 2021 1712 Actor,

217 1753 249 1801 3
273 1737 336 1786 ab
361 1738 573 1801 agendo.
647 1739 897 1786 Alumnus
922 1737 987 1786 ab
1005 1739 1188 1787 alendo
1209 1748 1427 1799 vocatus,
1450 1737 1563 1787 licet
1583 1747 1632 1787 et
1652 1739 1737 1800 qui
1761 1735 1846 1785 alit
1871 1745 1919 1785 et
1938 1734 2024 1799 qui
2049 1755 2096 1795 15

273 1818 417 1868 alitur
442 1820 673 1867 alumnus
700 1818 799 1868 dici
824 1828 1020 1882 potest3
1058 1819 1109 1869 id
1140 1829 1213 1869 est
1239 1829 1286 1869 et
1313 1821 1397 1883 qui
1424 1819 1575 1868 nutrit
1600 1829 1647 1869 et
1674 1820 1757 1882 qui
1783 1818 2024 1878 nutritur3

217 1921 250 1967 4
275 1902 364 1951 sed
402 1902 578 1949 melius
626 1911 794 1949 tamen
831 1900 917 1964 qui
954 1901 1178 1951 nutritur.
1267 1902 1486 1962 Amicus,
1526 1918 1612 1965 per
1651 1900 2019 1960 derivationem,

220 2002 250 2050 5
275 1982 416 2047 quasi
451 1982 605 2031 animi
642 1992 824 2032 custos.
901 1985 1079 2033 Dictus
1115 1993 1283 2033 autem
1322 1982 1547 2048 proprie:
1597 1991 1787 2031 amator
1822 1981 2025 2046 turpitu-

273 2065 418 2125 dinis,
448 2064 563 2128 quia
587 2082 757 2114 amore
789 2075 1044 2128 torquetur
1069 2065 1318 2115 libidinis:
1357 2067 1545 2114 amicus
1577 2066 1641 2114 ab
1666 2066 1830 2124 hamo,
1858 2065 1909 2113 id
1935 2072 2021 2124 est,

273 2165 302 2196 a
345 2156 521 2196 catena
563 2146 776 2196 caritatis
799 2165 811 2207 3
861 2149 995 2196 unde
1039 2156 1086 2196 et
1125 2149 1259 2196 hami
1302 2149 1439 2211 quod
1478 2156 1694 2197 teneant.
1780 2145 2024 2194 Amabilis
2050 2169 2100 2197 20

275 2238 456 2289 autem,
484 2229 622 2291 quod
652 2229 713 2277 sit
741 2244 911 2278 amore
943 2228 1137 2292 dignus.
1209 2228 1456 2290 Aurasius,
1485 2246 1546 2278 eo
1580 2229 1718 2292 quod
1750 2227 1811 2277 sit
1839 2243 2024 2292 pronus

215 2311 249 2357 6
274 2312 339 2359 ad
364 2326 602 2359 amorem.
675 2312 885 2359 Astutus
904 2311 969 2358 ab
993 2320 1101 2359 astu
1128 2320 1346 2371 vocatus,
1370 2312 1507 2374 quod
1533 2320 1604 2359 est
1630 2308 1795 2358 callidi
1820 2318 1867 2358 et
1893 2308 2024 2358 cauti

333 2451 349 2476 1
384 2438 457 2477 Or.
481 2467 491 2477 .
514 2468 523 2477 .
550 2469 559 2477 .
583 2437 776 2477 interiec.
798 2451 880 2479 om.
906 2439 1008 2478 MCl
1228 2453 1252 2479 2
1282 2439 1485 2479 nascendi
1506 2438 1548 2477 Β
1693 2437 1812 2489 huic]
1837 2437 1960 2477 huius
1981 2436 2029 2476 K

275 2507 300 2544 5
330 2493 475 2532 veniat
495 2492 620 2531 BCK
780 2493 1028 2544 philophilis
1048 2493 1091 2531 B
1267 2501 1444 2534 teneant
1467 2494 1501 2533 C
1636 2507 1715 2544 per
1734 2495 1831 2534 den.
1856 2506 1939 2532 om.
1969 2491 2024 2530 T1

275 2551 302 2587 6
331 2547 479 2599 homo]
501 2547 718 2586 hominum
740 2547 786 2586 K
803 2549 906 2600 (non
922 2548 985 2601 A)
1157 2562 1178 2598 7
1209 2549 1327 2601 quia]
1343 2562 1468 2599 quarn
1488 2548 1530 2586 A
1664 2548 1816 2599 claret]
1840 2548 1892 2586 de
1914 2560 1961 2585 re
1977 2546 2018 2584 A

277 2605 303 2642 8
322 2603 543 2642 hominum
568 2601 606 2639 T
688 2615 737 2641 10
757 2603 915 2655 gratia]
938 2616 1064 2643 causa
1083 2602 1125 2640 Β
1211 2616 1259 2641 12
1278 2604 1418 2643 Aeros
1439 2633 1449 2643 .
1474 2634 1482 2644 .
1506 2632 1516 2642 .
1539 2616 1630 2653 sap.
1651 2616 1735 2644 om.
1767 2601 1819 2640 T1
1836 2603 1940 2654 (non
1955 2602 2020 2654 A)

277 2671 369 2708 sap.
392 2662 435 2696 et
458 2657 535 2696 for.
563 2655 617 2694 Τ2
731 2671 778 2707 13
801 2664 941 2697 autem
963 2671 1044 2698 om.
1069 2658 1104 2697 C
1214 2671 1262 2708 14
1283 2659 1380 2698 Act.
1403 2659 1456 2697 ab
1481 2658 1570 2710 ag.]
1586 2657 1747 2698 Auctor
1758 2658 1811 2697 ab
1826 2657 2022 2706 augendo

284 2712 335 2750 Tl
357 2712 463 2762 (non
489 2710 590 2763 W>z
620 2725 703 2752 om.
726 2712 1009 2752 AJKT2Uut
1026 2712 1105 2752 vid.
1136 2713 1176 2750 V
1337 2726 1384 2763 15
1415 2720 1457 2752 et
1478 2713 1550 2763 qui
1570 2712 1643 2752 alit
1662 2726 1746 2754 om.
1769 2710 1816 2749 K
1832 2712 1936 2764 (non
1957 2710 2020 2759 A)

282 2768 331 2806 16
359 2768 414 2805 di.
438 2766 491 2805 al.
514 2772 602 2817 pot.
623 2765 666 2803 A
885 2781 932 2817 17
964 2775 1061 2807 tam.
1086 2767 1183 2806 mel.
1205 2766 1247 2804 B
1412 2768 1596 2807 nutritur
1615 2766 1742 2806 BT1:
1772 2765 1904 2805 nutrit
1924 2764 2028 2804 CJK

281 2823 330 2860 18
352 2821 481 2860 animi
497 2819 622 2859 ΑΒΕ
639 2835 647 2859 :
669 2822 879 2862 amicitiae
895 2823 996 2874 (-ti-‚
1014 2821 1093 2873 -ie)
1107 2820 1279 2860 IKTW
1371 2828 1513 2861 autem
1528 2835 1611 2861 om.
1624 2821 1667 2859 A
1771 2825 1935 2860 amator
1950 2850 1959 2859 .
1978 2850 1988 2859 .
2011 2851 2021 2861 .

277 2877 347 2915 lib.
362 2889 445 2914 om.
460 2873 600 2914 KClA
616 2877 718 2928 (non
732 2876 779 2925 I)
896 2890 944 2927 19
964 2876 1109 2928 hamo]
1124 2889 1268 2916 amore
1287 2875 1338 2914 T2
1447 2890 1504 2916 20
1522 2890 1547 2915 a
1560 2889 1642 2915 om.
1657 2876 1699 2915 A
1800 2888 1870 2914 un.
1885 2881 1929 2915 et
1939 2875 2022 2914 ami

279 2944 346 2981 qu.
367 2929 523 2970 AKV:
553 2943 625 2970 un.
643 2936 686 2969 et
707 2931 834 2970 adimi
854 2946 922 2983 qu.
948 2931 998 2972 Cl
1017 2947 1026 2972 :
1055 2945 1125 2971 un.
1148 2932 1275 2972 etiam
1294 2944 1364 2981 qU.
1391 2930 1452 2971 T:
1483 2945 1553 2971 un.
1573 2936 1616 2970 et
1635 2930 1797 2970 amicos
1818 2929 1884 2969 U:
1923 2929 2023 2969 inde

279 2986 407 3025 etiam
428 2984 487 3024 hii
505 2998 572 3035 qu.
599 2984 677 3025 W:
697 2986 797 3024 inde
817 2993 859 3026 et
874 2987 956 3027 ami
977 3001 1044 3038 qu.
1068 2986 1138 3026 BI
1243 2991 1387 3026 teneat
1406 2987 1448 3026 B
1555 2998 1605 3024 21
1637 2985 1848 3025 Amasius
1871 3013 1880 3024 .
1902 3014 1912 3024 .
1938 3015 1948 3025 .
1970 2985 2023 3024 ad

279 3053 361 3080 am.
384 3054 467 3079 om.
490 3038 670 3079 AKUV
683 3041 789 3094 (non
817 3039 894 3093 W)
1102 3054 1154 3080 22
1183 3046 1361 3081 vocatur
1379 3040 1464 3081 AC
1482 3039 1586 3093 (non
1605 3039 1748 3092 IUW)
1879 3041 1969 3080 cati·
1984 3037 2030 3078 K

283 3096 387 3148 (non
407 3094 620 3147 AUVW)
