2228 3444
1085 162 1359 212 ISIDORI

263 286 319 333 18
346 286 487 336 Aliae
513 289 842 352 responsivae,
883 298 935 338 ut
978 289 1168 350 ‘illinc,'
1209 291 1409 342 ‘istinc'
1481 293 1621 343 Aliae
1659 295 2014 359 deprecativae,
2051 307 2103 346 ut

351 368 505 433 (Virg.
526 372 652 420 Aen.
675 374 718 431 6,
741 372 860 437 365)
882 392 891 420 ε

482 451 631 515 Eripe
669 470 749 502 me
787 452 880 514 his,
918 452 1114 514 invicte,
1154 454 1327 503 malis!

343 533 484 583 Aliae
509 534 844 598 promissivae,
874 543 927 583 ut
955 533 1108 599 (Virg.
1129 538 1254 584 Aen.
1281 555 1323 597 1,
1345 555 1367 584 2
1377 536 1462 602 57)
1484 557 1493 587 ε

480 620 632 665 Parce
668 626 817 676 metu,
859 627 1064 666 manent
1100 617 1288 667 inmota
1326 628 1538 669 tuorum.
2128 640 2149 679 5

341 699 484 748 Aliae
521 699 839 748 concessivae
878 716 1006 763 quae
1043 699 1326 763 inpulsione
1362 702 1673 765 prohibeant,
1712 714 1764 754 ut
1804 705 1956 770 (Virg.
1975 710 2098 756 Aen.

341 799 384 841 4,
407 782 556 844 381)=

479 866 517 923 I,
558 880 764 927 sequere
803 864 997 913 Italiam
1035 865 1206 924 ventis,
1247 875 1361 928 pete
1399 883 1547 929 regna
1583 884 1669 931 per
1706 871 1879 919 undaS.

342 947 485 1007 Quae
505 956 672 995 tamen
695 963 757 995 ne
785 963 885 994 non
908 947 1158 995 intellecta
1179 947 1238 995 sit
1261 948 1524 1010 persuasio,
1547 950 1785 1012 permixta
1806 962 1919 1001 sunt
1938 954 2102 1017 aliqua

339 1044 466 1090 quae
491 1036 659 1076 vetent
685 1029 904 1087 latenter,
929 1037 983 1077 ut
1013 1029 1230 1089 ‘ventis,'
1259 1033 1372 1093 ‘per
1397 1032 1586 1082 undas.’
2128 1049 2177 1076 10

338 1109 480 1158 Aliae
520 1110 950 1170 demonstrativae,
997 1120 1084 1159 ut:
1146 1114 1269 1171 ‘en‚'
1307 1115 1483 1162 ‘ecce’
1572 1115 1712 1164 Aliae
1749 1116 2008 1179 optativae,
2049 1128 2101 1166 ut

340 1191 492 1255 (Virg.
514 1194 639 1240 Aen.
661 1195 703 1252 8,
726 1192 844 1255 560)
870 1214 878 1242 :

476 1271 521 1320 O
559 1270 679 1318 mihi
716 1271 1004 1334 praeteritos
1041 1273 1214 1321 referat
1252 1273 1290 1321 si
1331 1274 1552 1337 Iuppiter
1586 1293 1757 1325 annos.

253 1362 314 1408 19
338 1352 478 1401 Aliae
498 1352 826 1416 derogativae,
849 1362 901 1402 ut
923 1374 932 1404 :
963 1357 1343 1417 ‘nequaquam'
1402 1356 1556 1417 Aliae,
1590 1375 1716 1421 quae
1733 1376 1846 1407 cum
1864 1363 2100 1411 exclama-

337 1434 473 1484 tione
499 1437 825 1498 proferuntur,
855 1445 908 1484 ut
936 1435 1156 1499 (Petron.
1179 1437 1262 1501 68)
1288 1456 1296 1485 :
2127 1459 2171 1498 15

476 1516 602 1578 Quis
639 1519 784 1578 furor,
824 1535 854 1566 o
892 1517 1036 1578 cives,
1077 1535 1252 1581 pacem
1290 1520 1531 1569 convertit
1567 1521 1615 1569 in
1652 1526 1827 1572 arma?

338 1601 402 1647 Et
452 1599 628 1649 Cicero
679 1599 810 1664 (Cat.
837 1618 874 1659 r,
895 1599 945 1664 9)
971 1619 979 1648 :
1045 1601 1121 1650 ‘O
1162 1600 1229 1649 dii
1280 1601 1578 1663 inmortaleS,
1626 1604 1828 1654 ubinam
1875 1607 2096 1670 gentium

244 1696 313 1731 20
338 1697 507 1729 sumus
528 1682 574 1729 ?'
625 1680 767 1730 Aliae
788 1682 1134 1742 exhortativae,
1154 1699 1267 1731 cum
1289 1685 1353 1733 ad
1371 1685 1667 1734 sententiam
1685 1704 2023 1750 provocamus,
2045 1699 2097 1738 ut

339 1762 490 1825 (Virg.
512 1765 636 1811 Aen.
663 1765 706 1821 8,
728 1762 847 1826 364)
869 1783 876 1812 :

472 1845 633 1904 Ande,
673 1846 868 1907 hospes,
909 1854 1229 1895 contemnere
1267 1863 1402 1909 opeS.
2123 1870 2173 1897 20

255 1942 310 1976 21
336 1925 477 1975 Aliae
516 1926 867 1986 dehortativae,
909 1944 1022 1975 cum
1062 1945 1090 1976 a
1129 1928 1375 1977 contrario
1408 1929 1526 1978 vitio
1566 1941 1871 1996 peccatoque
1909 1935 2097 1984 reduci-

243 2025 309 2059 22
336 2025 459 2056 mus,
523 2009 649 2056 Sunt
667 2018 714 2057 et
731 2009 1172 2070 adfirmativae,ut:
1204 2010 1696 2076 ‘quidni,'‘quippe.’
1733 2017 2093 2080 Praeceptivae,

333 2099 386 2138 ut
414 2090 495 2155 (cf.
522 2089 654 2154 Virg.
674 2091 852 2154 Georg.
880 2109 918 2150 1,
939 2091 1086 2156 299):

474 2173 651 2221 Nudus
689 2189 783 2232 ara,
825 2190 929 2222 sere
966 2175 1145 2234 nudus,
1186 2183 1234 2222 et
1271 2174 1479 2224 habebis
1515 2176 1691 2240 frigore
1727 2195 1926 2229 messes.

245 2271 310 2317 23
336 2254 606 2315 Vetativae,
635 2264 689 2303 ut
716 2253 869 2319 (Virg.
892 2257 1068 2318 Georg.
1090 2274 1131 2315 2,
1156 2256 1271 2320 299)
1296 2276 1304 2305 ε
2121 2283 2168 2324 25

471 2339 611 2387 Neve
648 2337 774 2386 inter
809 2337 932 2386 vites
970 2340 1189 2402 corylum
1229 2354 1348 2399 sere,
1389 2356 1512 2390 neve
1548 2342 1739 2404 flagella

469 2436 662 2468 summa
698 2428 825 2482 pete.

241 2517 307 2564 24
333 2503 380 2550 N
386 2502 618 2565 egativae‚
639 2511 712 2550 ut:
742 2504 896 2563 ‘non,'
917 2501 1179 2552 ‘minime'
1215 2504 1340 2551 Sunt
1357 2512 1405 2552 et
1421 2503 1685 2566 mirativae,
1705 2515 1759 2556 ut
1777 2506 2091 2574 (Hieronym.

332 2584 472 2647 epist.
491 2586 555 2633 ad
575 2587 715 2632 Rust.
736 2602 779 2644 4,
802 2584 851 2649 6)
877 2587 1068 2648 ‘Papae
1091 2589 1098 2633 ἒ
1131 2584 1292 2634 vivere
1313 2602 1414 2634 non
1435 2585 1562 2646 licet,
1582 2596 1630 2636 et
1649 2589 1888 2640 fornicare
1908 2591 2027 2641 libet
2047 2595 2094 2640 ?’

242 2681 308 2731 25
333 2665 577 2725 Dolentis,
616 2662 715 2733 [ut]
748 2665 830 2730 (cf.
862 2665 1008 2726 Ovid,
1030 2666 1238 2715 Heroid.
1260 2680 1301 2730 5,
1327 2667 1470 2732 149):
2116 2691 2168 2730 30

470 2747 529 2795 Ei
568 2747 703 2809 mihi,
745 2750 883 2812 quod
921 2750 1085 2797 nullus
1116 2765 1255 2797 amor
1293 2757 1366 2797 est
1404 2750 1636 2800 sanabilis
1674 2753 1852 2802 herbis.

387 2879 411 2916 5
441 2867 598 2905 inmeta
614 2867 704 2904 DT
830 2881 881 2906 10
910 2868 982 2907 vix
1003 2875 1047 2908 ut
1068 2881 1164 2908 ven.
1187 2874 1287 2919 pete
1306 2881 1440 2917 regna
1462 2882 1540 2919 per
1560 2869 1619 2922 (p.
1645 2883 1677 2910 r.
1699 2884 1777 2922 per
1795 2872 1838 2910 in
1863 2874 2090 2927 archesspo)

334 2934 382 2971 14
413 2922 693 2972 denegativae
713 2921 758 2960 D
779 2921 881 2974 (non
901 2923 970 2975 H>
1162 2936 1209 2972 17
1240 2923 1431 2975 ubinam]
1453 2924 1523 2964 ubi
1544 2925 1624 2964 iam
1656 2925 1694 2963 T
1870 2940 1922 2966 20
1951 2931 2089 2969 audeo

333 2989 460 3026 ospes
489 2975 546 3015 T:
587 2983 658 3015 aut
690 2989 790 3026 spes
823 2977 908 3016 BD
1094 2990 1142 3016 21
1175 2991 1199 3016 a
1225 2979 1438 3017 contrario
1463 2993 1486 3018 a
1516 2979 1621 3018 vitio
1651 2980 1721 3019 D:
1760 2994 1784 3019 a
1815 2984 2036 3023 contrariis
2065 2998 2090 3023 a

331 3031 434 3069 vitio
464 3031 501 3069 T
606 3033 659 3070 26
688 3031 892 3071 corallum
914 3031 954 3069 Β
1066 3033 1118 3071 28
1149 3032 1391 3072 miserative
1419 3033 1456 3071 T
1559 3047 1611 3085 29
1638 3036 1787 3075 vinere
1806 3036 1851 3075 D
1959 3051 2014 3087 30
2044 3046 2089 3078 ut

332 3098 415 3125 om.
441 3085 582 3125 BC²T
598 3091 692 3125 ante
708 3099 805 3128 corr.
827 3101 836 3126 :
867 3086 960 3126 hab.
983 3086 1074 3125 DT
1087 3100 1136 3126 ex
1153 3100 1252 3126 corr.
1410 3101 1459 3138 31
1494 3089 1619 3128 nullis
1643 3089 1737 3130 dett.
1853 3096 1918 3130 est
1943 3106 2026 3134 om.
2046 3093 2091 3133 D

333 3140 466 3179 servis
484 3140 551 3192 (ex
572 3141 684 3194 —vus)
701 3140 745 3179 D
