2228 3444
65 650 86 691 5

383 171 1015 220 ETYMOLOGIARVM
1057 171 1184 218 LIB.
1223 173 1283 218 V.
1323 169 1446 228 xxiv,
1477 189 1567 219 xxv

112 303 440 364 regundorum
466 300 596 349 actio
616 299 748 349 dicta
769 318 829 349 eo
849 302 984 363 quod
1011 318 1096 364 per
1117 318 1224 349 eam
1248 310 1476 364 regantur
1501 302 1624 350 fines
1650 301 1857 364 utrique,

110 399 173 431 ne
198 382 509 447 dissipentur,
538 384 815 432 dummodo
840 400 941 431 non
975 382 1257 447 angustiore
1291 382 1512 446 quinque
1538 384 1722 446 pedum
1748 386 1860 433 loco

111 482 167 514 ea
194 463 524 514 controversia
554 465 626 512 sit.
703 463 908 512 Locatio
935 473 1007 513 est
1044 481 1118 513 res
1144 466 1208 514 ad
1239 481 1381 513 usum
1409 466 1524 514 data
1550 482 1663 513 cum
1691 466 1859 514 defini·
1882 477 1938 511 12

112 547 246 597 tione
272 546 525 596 mercedis.
602 545 886 596 Conductio
920 555 992 595 est
1026 563 1100 596 res
1134 548 1184 595 in
1210 563 1354 596 usum
1380 556 1583 610 accepta
1608 564 1720 596 curn
1747 565 1860 596 con·
1884 560 1939 606 13

111 634 277 682 stituta
321 633 564 682 mercede.
639 633 740 680 Res
785 631 968 681 credita
1011 642 1083 681 est
1127 649 1254 696 quae
1297 632 1346 680 in
1395 631 1750 696 obligationem
1794 634 1860 681 ita
1882 642 1937 689 14

111 715 325 764 deducta
351 724 436 775 est,
466 724 519 763 ut
544 732 602 763 ex
636 723 869 777 tempore,
899 731 998 778 quo
1028 715 1425 774 contrahebatur,
1452 723 1639 763 certum
1666 716 1726 764 sit
1752 732 1859 764 earn

111 796 294 846 deberi.
369 799 527 844 Vsura
561 806 633 845 est
668 796 1029 845 incrementum
1063 796 1258 856 fenoris,
1298 796 1362 845 ab
1398 813 1488 844 usu
1522 796 1646 846 aeris
1689 795 1863 846 crediti
1886 808 1940 858 15

111 886 407 942 nuncupata.
482 876 913 943 Commod<at>um
941 887 1014 926 est
1050 876 1101 926 id
1127 879 1264 941 quod
1291 877 1444 927 nostri
1478 876 1593 926 iuris
1629 887 1702 927 est
1727 887 1775 927 et
1801 878 1865 927 ad
1889 881 1947 928 16

112 961 317 1009 alterum
344 958 676 1022 temporaliter
702 961 989 1008 translatum
1017 969 1089 1008 est
1114 976 1227 1007 cum
1251 961 1402 1008 modo
1429 959 1682 1024 temporis,
1698 977 1866 1023 quam—

37 1056 90 1087 10
114 1041 197 1091 diu
214 1043 346 1105 apud
368 1058 481 1090 eum
500 1040 578 1099 sit,
595 1042 727 1090 unde
745 1050 792 1090 et
813 1040 1227 1106 commod<at>um
1247 1041 1436 1090 dictum
1454 1051 1542 1091 est.
1584 1041 1862 1091 Precarium
1888 1054 1939 1103 17

46 1465 90 1507 ῐ5

39 1878 90 1909 20

113 1132 185 1172 θεῖ
211 1124 330 1172 dum
365 1139 509 1186 prece
546 1124 758 1172 creditor
783 1132 978 1187 rogatus
1012 1124 1248 1187 permittit
1282 1123 1559 1173 debitorem
1594 1123 1644 1171 in
1677 1141 1866 1187 posses-

112 1204 250 1253 sione
275 1204 415 1254 fundi
449 1203 542 1254 sibi
569 1204 770 1269 obligati
797 1205 1055 1264 demorari,
1077 1215 1124 1254 et
1151 1223 1208 1254 ex
1234 1222 1294 1255 eo
1319 1206 1505 1255 fructus
1539 1223 1726 1270 capere.
1801 1208 1866 1255 Et

112 1286 299 1335 dictum
326 1287 597 1350 precarium
625 1288 740 1350 quia
765 1304 909 1351 prece
934 1289 1110 1346 aditur,
1138 1287 1277 1351 quasi
1303 1287 1603 1351 precadfflm,
1633 1290 1680 1336 R
1707 1304 1796 1351 pro
1818 1290 1865 1336 D

113 1369 271 1417 littera
311 1378 628 1418 commutata.
706 1371 941 1417 Mutuum
990 1370 1292 1432 appellatum
1337 1378 1410 1418 est
1459 1369 1574 1432 quia
1623 1369 1687 1429 id,
1731 1368 1868 1432 quod
1892 1369 1947 1416 18

113 1466 142 1497 a
168 1467 246 1499 me
272 1451 361 1499 tibi
387 1452 542 1510 datur,
571 1468 629 1499 ex
656 1468 768 1500 meo
795 1460 934 1499 tuum
962 1452 1030 1500 fit.
1103 1450 1401 1514 Depositum
1437 1461 1508 1500 est
1534 1450 1710 1514 pignus
1736 1468 1868 1500 com-
1891 1462 1951 1511 19

115 1534 404 1582 mendatum
440 1534 503 1582 ad
541 1542 754 1596 tempus)
790 1532 930 1596 quasi
967 1532 1051 1582 diu
1090 1534 1321 1596 positum.
1398 1535 1664 1596 Deponere
1699 1542 1866 1582 autem

114 1615 223 1678 quis
259 1615 464 1674 videtur,
492 1632 606 1663 cum
643 1614 830 1678 aliquid
869 1624 1002 1665 metu
1038 1614 1166 1674 furti,
1194 1614 1430 1676 incendii,
1452 1614 1704 1679 naufragii,
1732 1615 1866 1678 apud

112 1696 262 1745 alium
300 1696 554 1746 custodiae
609 1713 756 1746 causa
794 1697 1013 1760 deponit.
1091 1699 1301 1747 Interest
1337 1706 1502 1747 autem
1542 1698 1591 1745 in
1627 1695 1865 1760 loquendi
1889 1711 1957 1747 20

113 1792 204 1827 usu
231 1780 355 1827 inter
378 1778 554 1842 pignus
582 1789 629 1827 et
654 1795 824 1827 arram.
880 1781 1010 1828 Nam
1037 1780 1213 1843 pignus
1240 1788 1313 1828 est
1340 1780 1476 1843 quod
1502 1780 1645 1829 datur
1669 1788 1868 1843 propter

113 1876 214 1909 rem
241 1859 493 1920 creditam,
521 1877 646 1923 quae
673 1862 792 1910 dum
819 1859 1054 1921 redditur,
1082 1862 1245 1910 statim
1273 1859 1449 1925 pignus
1475 1862 1701 1910 aufertur.
1747 1863 1869 1909 Arra

112 1960 226 1992 vero
252 1952 340 2002 est,
367 1960 493 2007 quae
518 1945 732 2007 primurn
765 1960 852 2007 pro
888 1961 938 1993 re
965 1944 1126 1992 bonae
1162 1943 1279 1992 fidei
1313 1952 1571 1992 contractu
1600 1953 1780 2007 empta,
1810 1959 1868 1991 ex

113 2036 248 2089 parte
290 2027 443 2085 datur,
487 2035 535 2074 et
577 2035 748 2089 postea
784 2027 1056 2089 conpletur.
1131 2027 1220 2074 Est
1259 2025 1391 2074 enirn
1428 2043 1533 2073 arra
1570 2025 1864 2088 conplenda,
1891 2032 1945 2067 21

114 2125 214 2155 non
239 2109 506 2156 auferenda
523 2126 536 2168 3
573 2109 706 2156 unde
732 2107 816 2171 qui
840 2108 991 2156 habet
1015 2124 1171 2155 arram
1198 2124 1299 2155 non
1326 2107 1487 2156 reddit
1513 2106 1637 2155 sicut
1672 2106 1862 2172 pignus,

114 2190 201 2238 sed
227 2188 472 2238 desiderat
497 2187 859 2252 plenitudinem
880 2207 892 2249 3
927 2198 975 2238 et
996 2188 1127 2238 dicta
1148 2205 1252 2237 arra
1276 2205 1306 2236 a
1330 2206 1393 2247 re,
1414 2206 1502 2252 pro
1523 2206 1619 2252 qua
1644 2188 1862 2238 traditur.

250 2272 378 2319 Item
414 2269 539 2320 inter
570 2271 761 2334 pignus,
799 2271 1032 2320 fiduciam
1067 2279 1115 2319 et
1152 2271 1482 2334 hypothecam
1518 2272 1613 2319 hoc
1648 2270 1862 2320 interest.

117 2351 299 2415 Pignus
325 2351 456 2401 enim
483 2361 555 2401 est
581 2354 717 2416 quod
743 2362 941 2416 propter
966 2369 1068 2401 rem
1096 2352 1332 2401 creditam
1354 2351 1609 2416 obligatur,
1634 2354 1772 2401 cuius
1799 2351 1867 2400 rei
1891 2366 1954 2401 22

116 2435 479 2497 possessionem
506 2436 661 2483 solam
687 2435 751 2484 ad
776 2443 972 2498 tempus
999 2433 1318 2497 consequitur
1343 2433 1567 2483 creditor.
1631 2434 1864 2484 Ceterum

176 2576 191 2602 1
226 2564 510 2614 regundorum
531 2577 580 2602 ex
600 2576 746 2612 regum
768 2564 945 2604 duorum
971 2563 1007 2602 T
1186 2569 1419 2613 regnantur
1439 2562 1484 2602 K
1647 2564 1865 2614 utriusque

125 2618 160 2657 T
305 2631 329 2668 5
359 2618 613 2668 obligatione
633 2618 756 2657 BCK
909 2621 935 2657 6
965 2632 1058 2658 eam
1081 2619 1120 2658 d.
1143 2618 1267 2658 Arev.
1290 2633 1298 2657 :
1329 2632 1420 2658 eam
1446 2619 1514 2670 (ea
1535 2622 1627 2657 teste
1647 2619 1862 2669 Kueblero)

118 2674 273 2712 debere
294 2673 339 2711 K
354 2688 363 2712 ε
393 2687 466 2714 eas
488 2674 655 2713 deferre
679 2674 764 2726 (zze.
788 2673 958 2713 differre
972 2673 1004 2726 3)
1027 2672 1193 2712 BCDT
1203 2690 1210 2713 2
1242 2686 1334 2712 eam
1356 2673 1512 2713 deferri
1534 2673 1575 2711 A
1729 2686 1750 2722 7
1782 2674 1865 2712 eris

118 2729 278 2767 credita
313 2728 366 2767 T:
407 2741 601 2768 crescere
632 2727 677 2764 K
704 2728 805 2781 (non
826 2728 888 2779 A)
1056 2729 1082 2766 8
1112 2728 1393 2767 Commodum
1424 2727 1566 2767 codd:
1604 2742 1703 2767 corr.
1735 2728 1862 2766 Arev.

119 2788 183 2821 est
203 2783 246 2822 id
268 2789 333 2822 est
353 2783 465 2833 quod
484 2785 519 2821 A
543 2797 551 2821 :
582 2788 648 2822 est
669 2784 780 2833 quod
802 2782 848 2820 K
962 2788 1103 2822 nostre
1132 2782 1168 2820 T
1327 2796 1354 2833 9
1383 2783 1561 2822 alterum
1587 2781 1727 2821 CKT:
1758 2782 1863 2821 alios

117 2836 303 2876 ABDH
448 2851 539 2876 com
561 2837 687 2876 modo
711 2837 966 2890 (commodo)
993 2838 1068 2876 CT
1086 2837 1146 2890 (A
1167 2851 1216 2877 ex
1235 2849 1334 2877 corr.
1352 2839 1383 2888 2)
1405 2851 1413 2876 ε
1443 2838 1708 2877 commodum
1733 2834 1867 2874 ΑΒΚ

119 2892 316 2942 quamdio
336 2889 374 2930 T
483 2906 532 2932 10
553 2893 820 2931 commodum
837 2892 950 2933 codd.
1040 2905 1087 2930 12
1110 2898 1152 2931 et
1172 2891 1282 2942 (alt.)
1302 2903 1386 2933 om.
1406 2891 1441 2930 C
1543 2904 1590 2940 13
1610 2890 1730 2942 quia]
1747 2892 1862 2940 quod

119 2944 165 2983 K
298 2947 494 2988 audiatur
514 2946 560 2985 K
679 2948 949 2997 preceadium
969 2947 1050 2986 BC
1054 2947 1090 2986 T
1099 2962 1106 2986 z
1136 2947 1436 2996 praecandium
1458 2945 1504 2984 K
1669 2959 1717 2994 14
1747 2945 1864 2996 quia]

120 3001 289 3049 quando
305 3000 350 3038 K
461 3002 509 3040 18
539 3015 692 3042 causae
712 3000 761 3040 Cl
873 3002 1086 3052 loquendo
1115 3001 1151 3040 T
1164 3007 1259 3040 ante
1278 3015 1375 3042 corr.
1490 3014 1543 3038 20
1568 3001 1681 3050 quod
1701 3001 1799 3039 dum
1822 2998 1868 3036 K

122 3067 169 3092 21
202 3055 311 3095 bono
336 3055 372 3095 T
541 3069 592 3105 23
623 3057 772 3096 reddet
795 3056 830 3096 C
843 3069 893 3096 ex
909 3070 1006 3097 corr.
1035 3057 1071 3095 T
1087 3057 1172 3107 (ule.
1193 3056 1270 3096 ·dit
1287 3056 1318 3106 2)
1492 3067 1542 3103 24
1572 3066 1596 3093 a
1618 3067 1661 3094 re
1683 3066 1761 3105 pro
1780 3067 1862 3104 qua

122 3122 166 3148 re
188 3114 238 3149 tr.
271 3108 308 3147 T
466 3123 516 3161 25
546 3110 630 3161 pig.
653 3117 696 3163 et
717 3111 786 3152 fid.
809 3110 850 3150 B
1019 3114 1070 3150 26
1100 3111 1211 3150 enim
1233 3124 1315 3151 om.
1336 3108 1382 3148 K
