2176 3424
428 92 1058 140 ETYMOLOGIARVM
1098 94 1225 141 LIB.
1267 95 1405 141 XIX.
1446 93 1540 141 xxii

114 219 379 268 Masticina
404 229 451 268 et
483 237 639 268 mena.
717 220 882 280 Linea,
913 220 1027 283 quia
1059 238 1116 270 ex
1150 223 1256 269 solo
1290 221 1391 269 lino
1427 223 1494 270 fit.
1568 222 1855 271 Linostema
1879 233 1930 282 17

111 303 257 349 vestis
285 310 357 350 est
382 318 439 350 ex
467 303 578 350 lana
603 303 804 364 linoque
830 312 1084 351 contexta:
1123 311 1171 352 et
1205 303 1336 351 dicta
1370 303 1632 352 linostema
1666 304 1781 367 quia
1806 304 1856 353 in

111 385 319 432 stamine
354 383 522 442 linum,
564 385 614 431 in
658 392 812 432 trama
847 386 1010 432 lanam
1055 385 1216 433 habet.
1293 387 1452 434 Recta
1490 387 1668 434 dicitur
1709 387 1855 435 vestis
1880 385 1933 431 18

110 482 258 528 quam
299 481 489 514 sursum
535 481 726 513 versum
768 474 1050 528 stantesque
1094 476 1278 515 texunt.
1367 469 1683 530 Segmentata
1721 469 1855 517 zonis

64 564 85 602 5
109 547 408 609 quibusdam
447 555 495 595 et
525 549 664 610 quasi
699 546 1100 610 praecisamentis
1135 557 1308 596 ornata
1326 566 1338 608 3
1374 566 1490 596 nam
1516 558 1563 598 et
1596 551 1856 611 particulas

111 627 408 690 cuicumque
431 628 661 676 materiae
679 627 896 677 abscisas
918 628 1281 692 praesegminas
1299 639 1489 678 vocant.
1550 630 1854 690 Levidensis,
1879 642 1939 688 19

108 712 244 773 quod
270 727 377 758 raro
404 711 486 757 filo
513 709 573 758 sit
600 709 867 771 leviterque
893 711 1113 758 densata.
1188 709 1460 759 Pavitensis
1482 712 1726 760 contraria
1745 712 1857 760 levi—

108 790 250 839 densi
287 790 430 850 dicta‚
468 792 605 853 quod
641 790 848 853 graviter
881 808 1046 854 pressa
1079 801 1227 854 atque
1266 794 1452 840 calcata
1496 793 1570 841 sit.
1646 793 1852 855 Citrosa‚
1880 809 1948 843 20

108 874 247 935 quasi
265 871 521 935 concrispa
538 873 601 920 ad
618 871 991 921 similitudinem
1013 872 1133 921 citri.
1209 873 1426 922 Naevius
1441 873 1586 938 (Bell.
1608 877 1731 923 Pun.
1750 875 1853 939 10):

38 975 86 1003 10
381 955 593 1002 Pulchra
629 970 756 1015 quae
794 971 851 1002 ex
888 971 1007 1002 auro
1045 964 1332 1017 vestemque
1369 955 1612 1004 citrosam.

108 1034 400 1084 Velenensis
434 1034 602 1083 tunica
632 1044 704 1083 est
738 1052 865 1097 quae
899 1038 1095 1084 affertur
1129 1054 1186 1086 ex
1219 1037 1401 1086 insulis.
1476 1039 1683 1086 Exotica
1708 1040 1854 1087 vestis
1879 1047 1933 1082 21

107 1115 361 1179 peregrina
386 1117 566 1165 deforis
593 1118 809 1176 veniens,
838 1127 891 1165 ut
917 1119 965 1165 in
995 1117 1241 1181 Hispania
1264 1136 1293 1166 a
1319 1119 1535 1168 Graecis.
1612 1120 1855 1183 Polymita

107 1196 464 1257 multicoloris3
514 1197 780 1260 polymitus
817 1198 949 1246 enim
989 1208 1147 1248 textus
1188 1202 1455 1249 multorum
1499 1203 1720 1250 colorum
1766 1211 1852 1250 est.

108 1278 351 1342 Acupicta
371 1279 516 1327 vestis
538 1296 629 1327 acu
651 1279 828 1329 textilis
846 1282 921 1328 vel
947 1298 1038 1329 acu
1066 1291 1250 1331 ornata.
1326 1285 1515 1332 Eadem
1542 1293 1590 1332 et
1618 1284 1852 1348 Phrygia;
1878 1301 1942 1336 22

35 1379 83 1419 15
107 1359 252 1409 huius
289 1362 420 1410 enim
459 1360 572 1409 artis
610 1361 750 1424 periti
791 1362 983 1425 Phrygii
1024 1379 1198 1411 omnes
1236 1363 1481 1425 dicuntur,
1518 1364 1618 1413 sive
1652 1365 1767 1428 quia
1803 1365 1854 1412 in

109 1442 316 1505 Phrygia
354 1442 552 1491 inventa
594 1452 696 1491 est:
737 1445 870 1492 unde
914 1453 961 1492 et
997 1444 1222 1505 artifices,
1263 1445 1345 1507 qui
1384 1446 1434 1495 id
1471 1446 1670 1506 faciunt,
1708 1447 1855 1510 Phry-

107 1523 277 1587 giones
303 1525 548 1573 dicuntur.
611 1524 855 1588 Vergilius
884 1526 1029 1589 (Aen.
1052 1544 1093 1588 3,
1117 1527 1266 1592 484):

669 1607 927 1670 Phrygiam
967 1609 1294 1671 chlamydem.

106 1686 299 1735 Trilicis
325 1703 353 1734 a
378 1686 531 1735 tribus
558 1686 693 1746 liciis,
718 1687 832 1749 quia
859 1698 931 1737 est
958 1698 1004 1737 et
1031 1688 1238 1752 simplex
1264 1699 1311 1738 et
1338 1689 1480 1740 bilex.
1552 1693 1707 1753 Ralla,
1728 1709 1853 1756 quae
1877 1706 1940 1753 23

37 1787 86 1816 20
107 1770 252 1831 vulgo
279 1767 431 1816 rasilis
457 1767 648 1816 dicitur.
721 1770 971 1832 Interpola
992 1770 1137 1818 vestis
1165 1772 1245 1819 illa
1266 1781 1466 1820 vocatur
1492 1789 1619 1835 quae
1646 1775 1766 1822 dum
1794 1774 1853 1823 sit

107 1858 245 1898 vetus
270 1850 334 1897 ad
359 1866 538 1897 novam
566 1849 782 1912 speciem
810 1861 1071 1900 recuratur.
1138 1855 1392 1901 Pannucia
1411 1864 1696 1918 nuncupata
1716 1859 1851 1919 quod
1876 1869 1941 1915 24

108 1930 168 1979 sit
193 1929 396 1979 diversis
424 1930 598 1993 pannis
625 1931 800 1980 obsita.
875 1932 1142 1982 Colobium
1180 1933 1367 1982 dictum
1404 1935 1519 1998 quia
1552 1938 1751 2000 longum
1781 1947 1853 1987 est

108 2021 155 2060 et
190 2012 294 2060 sine
329 2011 533 2060 manicis
553 2031 564 2072 3
601 2012 791 2075 antiqui
829 2013 961 2061 enim
1001 2014 1154 2077 magis
1188 2017 1284 2064 hoc
1319 2017 1596 2067 utebantur.
1663 2019 1853 2069 Levito-

167 2153 182 2178 1
218 2140 338 2179 Mast.
366 2140 552 2179 Eomena
574 2139 656 2178 KP
676 2142 781 2192 (non
802 2141 985 2192 DEFU)
1169 2145 1239 2193 qui
1261 2144 1347 2182 KP
1365 2145 1466 2196 (non
1485 2147 1547 2199 N)
1729 2148 1854 2187 Lino-

107 2195 231 2233 stima
250 2195 296 2232 K
459 2209 483 2243 4
514 2208 664 2233 versus
678 2195 723 2233 K
858 2202 1007 2236 texunt
1024 2196 1160 2237 CTU:
1194 2204 1391 2238 texerunt
1406 2200 1494 2238 ΒΚ
1629 2201 1855 2243 Secmenta

108 2247 178 2287 K:
211 2249 479 2288 Secmentata
499 2249 583 2287 BT
597 2249 699 2300 (non
726 2250 784 2303 U)
934 2255 960 2290 6
984 2252 1284 2302 cuiuscumque
1305 2254 1351 2292 K
1369 2257 1471 2305 (non
1498 2255 1556 2306 U)
1654 2258 1856 2297 materiae

108 2316 187 2342 om.
206 2303 367 2355 K<non
391 2303 449 2355 U)
615 2306 929 2354 praesecminas
946 2305 1013 2347 K:
1036 2308 1328 2356 presexminas
1351 2309 1455 2350 TU:
1486 2313 1856 2360 praesesminasB

108 2363 310 2396 vocantur
334 2358 436 2398 TU:
466 2364 639 2397 vocatur
661 2360 695 2398 C
858 2373 879 2409 7
910 2361 1007 2399 folio
1029 2361 1074 2398 K
1094 2363 1198 2413 <non
1219 2362 1317 2414 FU)
1444 2366 1607 2404 contria
1628 2367 1856 2407 levidensis

116 2412 176 2450 T:
206 2418 348 2451 contra
370 2413 627 2452 levidensem
652 2413 698 2451 K
881 2429 906 2464 9
938 2417 1176 2466 conscripta
1197 2416 1243 2453 K
1405 2420 1581 2458 citrinae
1602 2421 1726 2460 huius
1749 2423 1850 2472 (ce-‚

107 2467 201 2516 -ne)
224 2467 266 2504 D
289 2467 417 2517 (sere)
445 2467 631 2506 ElFKN
657 2469 783 2518 (fere)
808 2469 849 2506 P
869 2470 994 2519 (fere)
1022 2470 1104 2508 UV
1125 2470 1259 2511 Mon.:
1291 2473 1438 2512 citrine
1467 2475 1587 2514 huius
1612 2482 1656 2514 ut
1684 2477 1850 2526 quidam

108 2521 210 2559 dicit
237 2520 293 2559 T:
325 2522 417 2559 citri
441 2522 597 2561 Nevius
617 2523 737 2561 huius
757 2523 836 2562 E2:
864 2525 956 2562 citri
982 2525 1116 2563 nivius
1137 2526 1261 2564 livius
1285 2526 1487 2567 Caesenas
1603 2543 1651 2568 10
1681 2530 1854 2580 pulchra

109 2575 233 2627 (-cr-)
265 2588 372 2625 quae
403 2577 521 2627 (que)
554 2576 866 2616 DEFKMPF
890 2583 935 2616 ut
963 2579 1040 2618 vid.
1068 2579 1290 2620 UVMon.:
1332 2583 1479 2631 pulcra
1509 2597 1633 2633 quem
1661 2584 1730 2623 N:
1764 2587 1853 2635 pul-

109 2630 252 2668 chram
276 2630 398 2680 (-cr-)
421 2644 530 2680 quae
551 2631 671 2682 (que)
692 2632 829 2670 BCT2
847 2637 892 2670 ut
910 2633 988 2673 vid.
1258 2642 1362 2675 vest.
1391 2637 1482 2677 citr.
1508 2638 1853 2679 BCDEFTUV:

110 2684 240 2722 vestis
271 2684 445 2723 KMNP
472 2685 571 2737 (vid.
597 2686 723 2737 infra)
896 2700 939 2726 11
974 2689 1119 2727 insulis
1150 2702 1257 2738 quae
1287 2691 1485 2730 citrosum
1517 2692 1583 2732 K:
1617 2693 1851 2744 insulisque

111 2738 328 2777 citrossam
349 2739 392 2778 N
413 2740 509 2789 (vid.
532 2742 679 2791 supra)
846 2755 894 2780 12
923 2756 1012 2792 per.
1036 2744 1198 2782 deseris
1218 2744 1264 2781 K
1371 2751 1416 2784 ut
1437 2760 1519 2786 om.
1544 2747 1587 2786 K
1697 2748 1851 2799 Hispa-

111 2793 222 2831 niam
237 2793 327 2832 dett.
345 2795 445 2843 (non
468 2794 522 2846 U)
636 2795 831 2834 Polimita
847 2795 952 2835 BC:
978 2797 1184 2837 Polimeta
1200 2797 1267 2838 K:
1297 2799 1498 2840 Polimata
1523 2801 1559 2839 T
1668 2815 1715 2852 13
1746 2804 1851 2853 poli-

112 2847 236 2886 mitus
258 2847 314 2886 C:
346 2848 568 2898 polimatus
590 2848 721 2886 ΒΚΤ
849 2858 914 2890 est
934 2865 1015 2891 om.
1044 2851 1121 2891 BC
1140 2854 1240 2904 (non
1263 2853 1321 2906 (J)
1506 2869 1554 2905 14
1585 2856 1794 2907 Acopicta
1823 2857 1860 2895 T

116 2901 165 2937 16
193 2901 234 2939 id
253 2915 337 2941 om.
363 2903 398 2941 C
547 2904 595 2941 18
623 2903 869 2953 frigiamque
892 2906 969 2944 chl.
991 2906 1071 2945 BC
1221 2921 1268 2957 19
1297 2915 1362 2948 est
1382 2911 1503 2960 simp.
1527 2911 1564 2949 Β
1676 2912 1792 2951 Palla
1815 2912 1855 2950 Β

112 2967 164 2993 20
194 2955 379 3006 Iter-pola
394 2956 448 2994 Β1
563 2969 610 2995 21
644 2965 884 2998 recurratur
903 2960 1025 2999 BCT
1121 2973 1171 2999 22
1201 2962 1464 3002 Columbium
1489 2963 1530 3002 U
1625 2977 1675 3015 23
1706 2966 1788 3005 huc
1810 2967 1855 3005 K

115 3010 437 3050 Levitoniarium
462 3010 506 3048 K
527 3011 627 3062 (non
653 3011 708 3062 U>
