2228 3444
492 123 1122 172 ETVMOLOGIARVM
1164 125 1293 171 LIB.
1339 125 1455 171 VH.
1498 123 1541 171 vi

141 255 323 303 inlicita
348 254 504 304 carnis
531 253 761 302 incendia
789 252 1066 303 declinavit.
1142 254 1297 303 Moab
1325 271 1382 302 ex
1407 264 1556 318 patre.
1630 256 1692 303 Et
1718 264 1878 304 totum
1903 267 1964 317 27

138 353 323 386 nomen
353 334 698 400 etymologiam
731 336 892 384 habet.
967 335 1213 400 Concepit
1243 337 1373 385 enim
1406 352 1519 385 eum
1554 335 1880 400 primogenita

138 420 236 467 filia
280 420 344 468 de.
383 427 532 481 patre.
620 420 853 477 Ammon,
893 417 1032 466 cuius
1072 434 1219 467 causa
1262 434 1447 467 nomen
1489 417 1709 467 redditur
1751 419 1878 467 filius
1905 415 1968 462 28

136 500 305 563 populi
337 499 446 559 mei,
477 499 545 548 sic
578 500 838 559 derivatur,
866 508 919 547 ut
949 516 1007 548 ex
1036 510 1172 563 parte
1203 516 1375 549 sensus
1400 500 1630 559 nominis,
1660 517 1718 549 ex
1741 511 1879 564 parte

87 600 110 641 5
135 582 238 645 ipse
271 584 331 630 sit
362 599 537 631 sermo.
623 581 793 630 Ammi
835 580 982 642 enim,
1024 599 1053 630 a
1090 579 1191 644 quo
1229 581 1348 631 dicti
1387 591 1502 630 sunt
1540 582 1872 642 Ammonitae‚

133 674 334 713 vocatur
372 666 583 728 populus
623 680 775 712 meus.
848 661 981 712 Sarai
1013 663 1358 728 interpretatur
1390 664 1618 729 princeps
1655 681 1778 725 mea,
1816 681 1876 714 eo
1900 678 1968 725 29

134 748 270 810 quod
304 755 430 795 esset
467 745 610 794 unius
644 747 992 794 tantummodo
1030 748 1206 795 domus
1244 746 1622 795 materfamilias.
1696 750 1878 796 Postea

133 845 281 876 causa
318 827 532 876 nominis
575 827 828 886 inmutata,
860 827 1025 876 ablata
1051 830 1114 878 de
1142 829 1238 878 fine
1274 830 1297 877 I
1324 828 1496 888 littera,
1534 829 1713 878 dicitur
1743 832 1873 890 Sara,

134 908 185 957 id
227 919 300 958 est
341 909 582 973 princeps.
670 910 910 958 Omnium
953 910 1138 974 quippe
1179 911 1401 974 gentium
1444 913 1606 960 futura
1647 914 1875 976 princeps

62 1008 110 1035 10
134 1001 247 1051 erat,
276 991 400 1041 sicut
432 1001 479 1041 et
508 992 754 1041 Dominus
784 992 1031 1056 pollicitus
1061 995 1216 1042 fuerat
1246 996 1310 1043 ad
1338 993 1591 1043 Abraham
1625 994 1772 1060 (Gen.
1799 1011 1872 1057 17,

138 1072 217 1137 16)
239 1093 247 1122 ι
278 1074 452 1122 ‘Dabo
472 1074 561 1123 tibi
581 1092 638 1123 ex
658 1076 773 1124 Sara
794 1074 964 1135 filium,
983 1084 1030 1124 et
1052 1077 1345 1125 benedicam
1366 1078 1424 1136 ei,
1444 1086 1492 1125 et
1508 1076 1596 1126 erit
1617 1076 1667 1125 in
1686 1086 1871 1140 gentes,

131 1163 177 1201 et
203 1170 339 1217 reges
365 1158 662 1218 populorum
689 1166 830 1206 erunt
862 1175 919 1206 ex
953 1160 1039 1206 ea.’
1112 1161 1244 1222 Agar
1277 1160 1485 1219 advena,
1514 1161 1590 1208 vel
1620 1176 1869 1209 conversa.
1897 1177 1966 1225 30

132 1236 243 1283 Fuit
277 1236 422 1285 enim.
468 1236 752 1303 [conplexui
783 1240 1013 1289 Abrahae
1043 1242 1235 1289 advena
1266 1258 1413 1290 causa
1442 1243 1710 1305 generandi
1741 1244 1870 1302 data,

129 1332 256 1378 quae
299 1328 410 1380 post
451 1328 809 1383 contemptum,
855 1323 1031 1385 angelo
1075 1322 1373 1385 increpante,
1414 1340 1649 1372 conversa
1693 1332 1765 1372 est
1807 1326 1870 1373 ad

55 1416 101 1456 15
129 1398 335 1467 Saram.]
421 1402 638 1451 Cethura
676 1402 957 1465 thymiama.
1047 1405 1263 1453 Ismahel
1301 1404 1644 1469 interpretatur
1680 1403 1869 1453 auditio
1892 1417 2038 1464 31:32

130 1481 226 1529 Dei
245 1500 257 1541 3
294 1482 363 1531 sic
389 1483 520 1532 enim
543 1484 777 1548 scriptum
798 1495 871 1534 est
894 1486 1095 1549 (Genes.
1114 1490 1187 1547 16,
1206 1505 1223 1534 1
1239 1487 1286 1551 1)
1309 1506 1316 1534 :
1358 1492 1367 1512 ‘
1387 1490 1450 1536 Et
1470 1487 1663 1536 vocavit
1684 1503 1871 1536 nornen

129 1562 232 1612 eius
260 1566 488 1625 IsmaheL
519 1566 633 1629 quia
663 1567 910 1616 exaudivit
940 1584 1053 1617 eum
1089 1571 1257 1618 Deus.'
1331 1573 1462 1618 Esau
1493 1569 1752 1618 trinomius
1783 1578 1870 1630 est,
1896 1583 1960 1630 33

128 1654 175 1694 et
202 1662 259 1694 ex
284 1648 491 1711 propriis
517 1649 676 1698 causis
706 1650 835 1699 varie
865 1661 1189 1714 nuncupatur.
1266 1652 1459 1701 Dicitur
1485 1652 1617 1702 enim
1645 1655 1791 1711 Esau,
1822 1652 1871 1700 id

126 1737 198 1776 est
223 1731 371 1789 rufus,
399 1730 465 1778 ob
491 1730 770 1780 coctionem
791 1731 977 1780 scilicet
996 1734 1131 1781 rufae
1157 1733 1302 1782 lentis
1328 1734 1395 1783 ita
1419 1736 1707 1798 appellatus,
1731 1734 1870 1783 cuius

51 1830 103 1858 20
125 1810 292 1859 edulio
315 1810 641 1874 primogenita
656 1812 884 1876 perdidit.
947 1816 1111 1863 Edom
1128 1824 1294 1864 autem
1315 1817 1381 1864 ob
1402 1817 1631 1865 ruborem
1652 1816 1869 1879 corporis

124 1892 285 1942 dictus
322 1903 408 1953 est,
448 1896 584 1956 quod
623 1895 797 1945 Latine
833 1896 1131 1959 sanguineus
1168 1897 1360 1946 dicitur.
1436 1898 1540 1947 Seir
1573 1915 1701 1959 vero,
1734 1900 1870 1961 quod

125 1976 266 2023 fuerit
296 1975 519 2038 hispidus
551 1986 598 2025 et
632 1977 816 2040 pilosus
839 1996 851 2038 5
888 1980 1091 2040 quando
1126 1979 1257 2027 enim
1293 1990 1436 2029 natus
1468 1989 1554 2040 est,
1582 1989 1714 2030 totus
1746 1981 1870 2030 sicut

124 2055 263 2119 pellis
293 2057 478 2119 pilosus
512 2067 626 2107 erat.
699 2062 865 2121 Atque
899 2059 1031 2108 idem
1062 2060 1216 2109 tribus
1246 2062 1534 2111 nominibus
1563 2065 1836 2127 appellatur
1860 2084 1869 2113 :
1893 2075 1958 2124 34

128 2140 272 2198 Esau,
302 2138 352 2187 id
378 2149 450 2189 est
477 2142 640 2190 rufus:
680 2143 858 2201 Edom,
887 2142 937 2191 id
963 2152 1036 2191 est
1062 2143 1390 2206 sanguineus:
1429 2145 1546 2204 Scir,
1576 2145 1626 2194 id
1652 2155 1725 2195 est
1749 2146 1870 2209 pilo-

50 2239 98 2278 25
125 2237 220 2280 sus,
250 2221 363 2283 quia
393 2238 495 2269 non
524 2222 697 2272 habuit
727 2223 993 2273 lenitatem.
1068 2224 1300 2275 Rebecca
1330 2227 1579 2290 patientia,
1609 2228 1709 2278 sive
1740 2245 1868 2291 quae
1889 2241 1953 2289 35

125 2304 333 2351 multum
358 2304 614 2368 acceperit.
672 2305 761 2353 Lia
786 2305 1043 2366 laboriosa,
1072 2307 1242 2371 utique
1267 2311 1564 2372 generando.
1624 2310 1866 2359 Plurimos
1888 2313 1957 2372 36

123 2383 255 2432 enim
293 2387 488 2435 dolores
525 2404 672 2449 quam
712 2389 901 2436 Rachel
938 2389 1240 2440 fecunditate
1283 2391 1506 2455 pariendi
1543 2402 1740 2456 experta
1777 2404 1862 2442 est.

124 2466 312 2515 Rachel
333 2466 673 2531 interpretatur
693 2469 810 2518 ovis.
873 2473 968 2518 Pro
985 2486 1043 2519 ea
1062 2471 1193 2520 enim
1217 2474 1371 2522 Iacob
1391 2473 1522 2536 pavit
1539 2490 1654 2523 oves
1677 2475 1862 2524 Laban.
1887 2490 1949 2539 37

181 2607 195 2634 1
232 2597 304 2636 inl.
328 2609 388 2637 ca.
413 2610 497 2638 om.
527 2597 580 2635 T1
689 2611 714 2648 3
745 2599 818 2651 de]
842 2613 896 2637 ex
918 2600 963 2638 K
1054 2601 1238 2640 nominis
1257 2602 1382 2643 Arev.
1495 2617 1520 2654 5
1549 2604 1712 2657 Ammi]
1738 2619 1862 2645 amon

125 2650 204 2689 CK
311 2654 336 2690 6
355 2665 445 2692 voc.
465 2665 563 2702 pop.
582 2666 634 2691 m.
654 2666 734 2694 om.
754 2654 799 2692 K
818 2656 922 2705 (non
938 2656 1002 2707 A)
1090 2663 1295 2696 vocantur
1310 2657 1360 2697 C1
1475 2672 1496 2708 7
1525 2672 1592 2709 po.
1613 2673 1701 2700 cau.
1720 2674 1801 2701 om.
1821 2661 1867 2699 K

123 2706 227 2756 (non
247 2706 311 2755 A)
425 2708 451 2744 8
484 2707 522 2759 Ι]
545 2720 630 2746 una
649 2707 695 2746 K
806 2721 854 2748 10
882 2711 988 2749 sicut
1011 2711 1120 2749 dom.
1147 2711 1182 2749 C
1292 2725 1334 2750 11
1369 2713 1443 2752 tibi
1464 2727 1512 2752 ex
1529 2714 1559 2753 ti
1580 2713 1627 2752 K
1707 2715 1860 2767 filium]

121 2771 267 2798 semen
289 2759 335 2798 K
355 2761 457 2810 (non
479 2762 542 2812 A)
674 2769 800 2812 gente
822 2764 871 2803 Cl
1014 2778 1062 2814 13
1092 2766 1230 2816 conpl.
1253 2796 1264 2806 .
1289 2797 1297 2807 .
1323 2797 1332 2807 .
1356 2768 1408 2807 ad
1431 2767 1576 2807 Saram
1599 2769 1691 2808 hab.
1716 2770 1861 2810 CTU:

121 2827 204 2854 om.
225 2815 405 2853 ABDK
425 2831 433 2855 :
465 2817 665 2867 aegyptia
684 2817 735 2855 H
844 2830 890 2867 14
921 2827 1033 2860 cont.
1050 2821 1100 2858 ab
1117 2834 1212 2871 ang.
1242 2821 1283 2860 U
1403 2834 1451 2872 15
1482 2823 1556 2863 Ce.
1571 2824 1631 2864 th.
1651 2823 1859 2874 interpre-

121 2874 231 2907 tatur
251 2868 296 2907 K
315 2872 418 2921 (non
438 2871 502 2923 A)
709 2873 783 2912 int.
805 2886 889 2913 om.
912 2873 959 2911 K
978 2875 1083 2924 (non
1103 2876 1167 2927 A)
1338 2878 1387 2915 16
1415 2878 1583 2918 vocabit
1606 2877 1665 2917 C:
1695 2891 1797 2917 voca
1818 2879 1860 2916 Β

124 2924 170 2960 18
201 2931 468 2976 nuncupatus
490 2925 576 2963 BT
679 2939 731 2965 20
759 2927 951 2967 roborem
974 2927 1063 2969 KT
1182 2942 1234 2968 22
1263 2930 1411 2980 spidus
1434 2931 1472 2970 T
1575 2938 1689 2971 totus
1709 2946 1790 2972 om.
1816 2933 1862 2972 K

123 2978 226 3028 (non
247 2979 311 3030 A)
477 2993 529 3029 23
560 2986 650 3020 erat
671 2995 749 3020 om.
774 2981 819 3019 K
838 2983 941 3034 (non
962 2984 1026 3036 A)
1213 2984 1323 3023 idem
1343 2998 1426 3028 om.
1450 2986 1496 3024 K
1515 2987 1617 3038 (non
1638 2987 1701 3038 A)
1725 2989 1854 3038 :sor-t.

120 3031 220 3070 inde
329 3035 622 3073 trinominibus
642 3037 682 3073 A
798 3050 848 3086 24
871 3039 911 3076 id
933 3043 996 3076 est
1019 3039 1146 3091 (tert.)
1167 3052 1248 3079 om.
1274 3038 1319 3077 K
1333 3041 1436 3092 (non
1456 3041 1520 3093 A>
1653 3054 1704 3090 25
1725 3043 1795 3092 qui
1817 3042 1857 3080 Β
