2228 3444
1068 134 1340 183 ISIDORI

331 262 462 315 sime,
485 262 572 305 nisi
597 262 833 319 culparum
856 262 1058 306 maceria
1084 261 1330 319 [mearum]
1355 263 1566 317 obsistat,
1583 272 1627 308 et
1651 264 1848 322 benigne
1871 274 1914 310 te
1932 268 2079 325 inqui-

330 334 543 379 sitionem
586 349 737 379 meam
781 335 1060 392 amplectere
1098 344 1142 380 et
1184 336 1492 393 querellarum
1534 337 1813 382 calumniam
1850 340 2081 396 patienter

329 407 553 464 accipere.
603 409 862 465 Vtrumque
881 408 1004 452 enim
1027 422 1143 464 ago:
1180 416 1225 452 et
1249 408 1452 453 officium
1471 410 1780 467 inquisitionis
1797 413 2008 468 persolvo
2035 422 2078 457 et

327 480 408 524 tibi
433 488 591 524 contra
611 488 656 525 te
680 495 925 525 causarum
947 495 1157 526 mearum
1170 481 1471 526 necessitates
1490 483 1652 539 dirigo.
1717 485 1855 541 Quod
1878 493 1925 528 ut
1947 486 2077 530 beni—

325 554 550 610 gnissime
576 554 751 598 auditui
774 563 853 599 tuo
875 554 1107 610 admittas,
1135 554 1220 613 [in]
1243 555 1453 612 ingressu
1469 555 1604 601 huius
1619 556 1834 601 dictionis
1852 567 2079 617 portuque
2101 577 2123 617 5

326 635 583 683 prostratus
607 636 712 684 peto
727 642 753 671 a
769 628 969 671 culmine
993 628 1133 672 vestri
1152 630 1451 686 apostolatus,
1520 631 1581 674 Et
1597 644 1879 687 quamquam
1896 632 2076 677 vacillet

326 700 584 745 calumniae
618 701 814 745 obiectio
845 702 922 745 ubi
947 702 1241 746 lacrimarum
1271 711 1340 746 est
1372 702 1659 759 intercessiO,
1684 718 1826 761 quum
1857 705 2076 749 lacrimae

325 787 419 817 non
443 774 534 818 sint
558 773 690 829 signa
713 775 987 829 calumniae,
1011 783 1169 820 tamen
1186 776 1276 819 sint
1300 784 1411 832 opto
1429 784 1473 820 et
1492 777 1802 820 lacrimabiles
1816 777 2075 823 calumniae

324 854 369 890 et
411 846 759 891 calumniabiles
796 847 1040 899 lacrimae;
1094 849 1176 892 sed
1212 856 1457 906 utrumque
1500 863 1582 906 pro
1616 849 1859 894 licentiosa
1901 851 2073 894 amoris

322 919 710 976 praesumptione,
748 935 840 964 non
879 928 1037 964 autem
1074 937 1155 978 pro
1189 922 1480 978 arrogantiae
1516 923 1791 968 temeritate.
1857 923 1950 968 Sed
1982 924 2073 968 iam
2102 941 2151 970 10

322 1007 512 1037 causam
536 993 760 1037 exordiar.
825 993 1100 1050 Septimum,
1135 994 1183 1036 ni
1213 994 1358 1050 fallor,
1381 1009 1554 1039 annum
1587 1004 1797 1053 tempora
1818 1004 1996 1052 gyrant,
2019 1012 2074 1041 ex

322 1081 415 1124 quo
437 1065 629 1110 memini
658 1081 733 1110 me
765 1065 907 1110 libros
930 1083 957 1111 a
987 1075 1033 1111 te
1064 1067 1276 1112 conditos
1302 1067 1548 1124 Originum
1579 1070 1854 1126 postulasse,
1878 1078 1923 1114 et
1947 1070 2073 1114 vario

321 1140 596 1197 diversoque
619 1139 761 1183 modo
784 1147 827 1183 et
850 1148 1141 1196 praesentem
1164 1155 1239 1184 me
1260 1141 1529 1186 frustratum
1553 1157 1654 1186 esse
1677 1151 1721 1187 et
1754 1143 1935 1187 absenti
1958 1144 2072 1187 nihil

320 1212 427 1257 inde
450 1226 533 1256 vos
562 1212 869 1268 rescripsisse,
892 1213 975 1257 sed
1007 1213 1164 1258 subtili
1194 1213 1417 1258 dilatione
1447 1216 1587 1259 modo
1613 1216 1814 1260 necdum
1837 1231 1940 1260 esse
1969 1231 2071 1274 per-

320 1285 478 1339 fectos,
504 1285 641 1328 modo
670 1285 869 1328 necdum
901 1299 1003 1330 esse
1035 1286 1247 1343 scriptos,
1272 1286 1412 1330 modo
1436 1301 1563 1331 meas
1587 1288 1759 1332 litteras
1782 1288 2071 1334 intercidisse
2100 1307 2144 1348 15

320 1358 502 1416 aliaque
535 1359 679 1402 multa
711 1372 955 1415 opponens
986 1359 1046 1403 ad
1080 1360 1201 1403 hanc
1234 1374 1380 1417 usque
1414 1359 1535 1405 diem
1569 1361 1863 1417 pervenimus
1897 1371 1941 1407 et
1976 1362 2072 1406 sine

318 1431 556 1488 petitionis
581 1431 747 1475 effectu
778 1446 1035 1476 manemus.
1100 1433 1174 1476 Ob
1204 1433 1292 1477 hoc
1315 1441 1358 1476 et
1382 1447 1468 1488 ego
1498 1441 1674 1478 vertam
1707 1449 1868 1491 preces
1892 1436 1937 1479 in
1960 1450 2071 1494 que-

318 1506 492 1559 rellam,
533 1513 594 1561 ut,
637 1506 761 1561 quod
794 1505 1132 1562 supplicatione
1168 1505 1370 1563 nequivi,
1411 1507 1484 1550 vel
1519 1507 1761 1551 calumniis
1797 1509 2071 1553 lacescendo

319 1579 500 1623 valeam
523 1578 733 1635 adipisci.
799 1580 951 1636 Saepe
966 1592 1167 1636 namque
1187 1579 1303 1624 solet
1322 1579 1538 1624 mendico
1553 1581 1775 1636 prodesse
1790 1581 2069 1627 vociferatio.

320 1652 549 1709 Quocirca
563 1666 656 1705 cur,
673 1666 847 1708 quaeso
865 1661 923 1705 te,
939 1651 1002 1695 mi
1019 1651 1222 1707 domine,
1234 1666 1329 1696 non
1342 1652 1519 1697 tribuas
1537 1654 1661 1711 quod
1675 1654 1880 1711 rogaris?
1913 1657 2068 1700 Vnum
2096 1676 2147 1703 20

320 1726 468 1770 scias:
503 1740 597 1769 non
621 1725 854 1770 dimittam
877 1725 1008 1783 quasi
1028 1726 1206 1782 fingens
1226 1740 1300 1770 me
1329 1727 1453 1770 nolle
1477 1734 1660 1783 negata,
1678 1728 1760 1772 sed
1783 1742 2002 1785 quaeram
2025 1740 2069 1775 et

319 1799 546 1843 instanter
569 1812 804 1856 quaeram,
829 1813 1069 1856 quousque
1085 1807 1163 1843 aut
1180 1799 1411 1856 accipiam
1430 1807 1507 1844 aut
1526 1799 1724 1856 eliciam,
1744 1801 1954 1858 piissimo
1979 1805 2069 1848 Re-

318 1873 559 1929 demptore
595 1872 781 1916 iubente
802 1887 810 1916 :
848 1873 858 1894 ‘
879 1871 1100 1928 Quaerite
1123 1881 1168 1917 et
1191 1873 1466 1927 invenietis,’
1488 1881 1533 1917 et
1561 1873 1815 1919 adiciente:
1851 1874 1863 1897 ‘
1885 1875 2070 1920 Pulsate

318 1954 362 1989 et
386 1946 616 2002 aperietur
637 1944 798 1990 vobis.’
864 1945 1084 2002 Quaesivi
1114 1954 1159 1990 et
1190 1960 1378 2003 quaer0,
1401 1945 1542 1990 etiam
1570 1947 1730 2003 pulso;
1762 1948 1884 1993 unde
1905 1957 1951 1993 et
1974 1950 2067 1994 cla—

319 2018 431 2062 mito
461 2027 508 2062 ut
539 2018 734 2075 aperias.
800 2019 928 2062 Nam
959 2019 1094 2063 huius
1129 2033 1204 2062 me
1231 2019 1493 2075 argumenti
1517 2019 1690 2064 solatur
1719 2020 1938 2077 inventio,
1960 2021 2069 2080 quia
2094 2040 2112 2068 2
2121 2041 2142 2080 5

319 2092 395 2149 qui
419 2091 738 2148 contempsisti
761 2092 1090 2149 postulantem,
1115 2091 1333 2136 exaudias
1365 2093 1482 2137 forte
1505 2094 1879 2139 calumniantem.
1945 2097 2069 2140 Hinc

318 2174 361 2210 et
385 2179 469 2222 ego
494 2164 716 2210 scientiae
749 2173 855 2210 tuae
878 2165 1049 2221 ingero,
1071 2179 1159 2209 nec
1193 2166 1316 2210 stulti
1350 2165 1594 2210 iactatione
1626 2167 1732 2210 novi
1762 2169 1935 2225 aliquid
1961 2184 2068 2226 sug-

318 2253 477 2295 gerere
501 2239 721 2296 insipiens
743 2240 950 2296 perfecto
964 2253 1225 2296 praesumo.
1290 2240 1400 2282 Non
1422 2246 1579 2283 tamen
1602 2239 1823 2284 erubesco
1847 2241 2069 2298 inperitus

320 2313 625 2357 disertissimo
640 2312 764 2370 loqui
781 2312 1023 2370 apostolici
1038 2327 1217 2357 memor
1232 2313 1482 2370 praecepti,
1498 2327 1587 2370 quo
1605 2314 1882 2370 praeciperis
1903 2317 1913 2336 ‘
1925 2315 2066 2360 liben-

318 2395 388 2430 ter
410 2386 599 2430 sufferre
623 2385 944 2443 insipientem.’
1023 2386 1339 2443 Quamobrem
1363 2385 1522 2443 accipe
1545 2387 1771 2431 clamores
1795 2387 2066 2433 calumniae.
2092 2404 2144 2443 30

321 2460 427 2513 Cur,
451 2472 579 2515 rogo,
602 2459 880 2503 talentorum
904 2458 1275 2503 distributionem
1297 2467 1342 2503 et
1365 2458 1642 2503 cibariorum
1674 2459 2066 2516 dispensationem

318 2531 401 2575 tibi
445 2532 667 2576 creditam
710 2533 949 2589 hucusque
993 2535 1228 2576 retentas?
1294 2534 1394 2576 Iam
1438 2533 1562 2576 solve
1605 2546 1812 2588 manum,
1850 2533 2068 2590 inpertire

378 2686 394 2711 1
429 2686 616 2713 mearum
633 2674 727 2714 hah.
753 2674 829 2713 TU
846 2689 855 2713 :
875 2688 958 2714 om.
975 2675 1068 2713 ΑΚ
1154 2688 1259 2725 2-17
1292 2676 1504 2726 patienter
1522 2675 1716 2725 accipere
1731 2706 1740 2716 .
1758 2705 1768 2715 .
1784 2705 1792 2714 .
1811 2687 1891 2724 ego
1907 2681 2067 2714 vertam

321 2741 473 2778 preces
496 2728 644 2768 desunt
660 2729 702 2767 in
723 2729 764 2766 Β
909 2741 933 2778 5
964 2730 1006 2768 in
1027 2730 1121 2769 hab.
1152 2730 1252 2769 TU:
1286 2743 1369 2770 om.
1393 2730 1486 2769 AK
1608 2729 1851 2769 dictationis
1868 2729 1910 2767 U
2044 2743 2065 2779 7

320 2783 503 2822 obiectio
535 2783 600 2822 U:
641 2783 823 2823 oblectio
860 2784 980 2836 (-iec-
998 2785 1030 2835 2)
1075 2784 1136 2823 T:
1175 2785 1355 2823 abiectio
1394 2784 1487 2822 ΑΚ
1618 2798 1663 2823 11
1697 2784 1738 2822 ni
1776 2782 1876 2823 TU:
1917 2783 1995 2822 nisi
2023 2783 2070 2822 K

324 2850 372 2875 12
403 2838 576 2877 memini
602 2851 667 2876 me
694 2838 829 2877 A1U:
869 2851 936 2877 me
962 2839 1137 2877 memini
1163 2839 1235 2878 K:
1279 2852 1346 2878 me
1374 2852 1456 2880 om.
1488 2839 1526 2879 T
1627 2852 1674 2888 14
1705 2838 1980 2888 descripsisse
2007 2838 2068 2878 T:

320 2892 598 2943 discrepsisse
616 2892 658 2931 U
762 2905 808 2942 15
831 2906 870 2932 n.
887 2893 1069 2944 scriptos
1082 2893 1127 2932 K
1144 2908 1152 2932 :
1186 2907 1227 2934 n.
1244 2906 1338 2933 esse
1354 2906 1434 2933 scr.
1462 2894 1539 2933 TU
1651 2894 1700 2931 18
1718 2892 2066 2943 supplicationem

321 2946 367 2984 K
489 2947 811 2986 lucesciendoK
935 2960 985 2997 19
1015 2961 1111 2987 nam
1135 2947 1214 2987 TU
1329 2948 1493 2988 medico
1517 2948 1554 2988 T
1677 2958 1728 2995 25
1758 2959 1825 2986 me
1839 2950 2067 2997 postargu-

322 3001 452 3039 menti
477 3000 519 3039 U
533 3001 596 3052 (T
611 3015 651 3043 n.
671 3001 718 3054 l.)
849 3015 899 3051 27
929 3003 1082 3041 scienti
1107 3002 1150 3041 U
1166 3003 1283 3053 (Tn.
1306 3003 1353 3056 l.)
1374 3001 1432 3041 B1
1544 3009 1616 3043 tua
1641 3001 1720 3040 TU
1823 3000 2064 3045 stultiKTz

321 3055 449 3095 stulta
467 3054 555 3095 BU
686 3055 805 3108 novi]
826 3056 946 3096 nobis
972 3056 1014 3095 U
1029 3056 1147 3109 (Tn.
1171 3057 1217 3109 l.)
1528 3055 1531 3057 ’
