<?xml version="1.0" encoding="UTF-8"?>
<!DOCTYPE html PUBLIC "-//W3C//DTD XHTML 1.0 Transitional//EN"
    "http://www.w3.org/TR/xhtml1/DTD/xhtml1-transitional.dtd">
<html xmlns="http://www.w3.org/1999/xhtml" xml:lang="en" lang="en">
 <head>
  <title>
</title>
<meta http-equiv="Content-Type" content="text/html;charset=utf-8" />
  <meta name='ocr-system' content='tesseract 3.04.00' />
  <meta name='ocr-capabilities' content='ocr_page ocr_carea ocr_par ocr_line ocrx_word'/>
</head>
<body>
  <div class='ocr_page' id='page_1' title='image "./isidori01isiduoft/isidori01isiduoft_0739.png"; bbox 0 0 2176 3424; ppageno 0'>
   <div class='ocr_carea' id='block_1_1' title="bbox 430 132 1567 182">
    <p class='ocr_par' dir='ltr' id='par_1_1' title="bbox 430 132 1567 182">
     <span class='ocr_line' id='line_1_1' title="bbox 430 132 1567 182; baseline 0.001 -3"><span class='ocrx_word' id='word_1_1' title='bbox 430 134 1060 182; x_wconf 87' lang='lat' dir='ltr'><strong>ETYMOLOGIARVM</strong></span> <span class='ocrx_word' id='word_1_2' title='bbox 1102 135 1232 181; x_wconf 82' lang='lat' dir='ltr'><strong>LIB.</strong></span> <span class='ocrx_word' id='word_1_3' title='bbox 1272 135 1410 182; x_wconf 88' lang='lat' dir='ltr'><strong>XIX.</strong></span> <span class='ocrx_word' id='word_1_4' title='bbox 1452 132 1567 181; x_wconf 90' lang='lat' dir='ltr'>ii—iv</span> 
     </span>
    </p>
   </div>
   <div class='ocr_carea' id='block_1_2' title="bbox 35 258 1952 2448">
    <p class='ocr_par' dir='ltr' id='par_1_2' title="bbox 124 258 1864 326">
     <span class='ocr_line' id='line_1_2' title="bbox 124 258 1864 326; baseline 0.002 -19"><span class='ocrx_word' id='word_1_5' title='bbox 124 258 261 321; x_wconf 88' lang='lat' dir='ltr'>quasi</span> <span class='ocrx_word' id='word_1_6' title='bbox 278 260 491 309; x_wconf 90' lang='lat' dir='ltr'>hominis</span> <span class='ocrx_word' id='word_1_7' title='bbox 501 263 1054 325; x_wconf 89' lang='lat' dir='ltr'>manusconprehendat</span> <span class='ocrx_word' id='word_1_8' title='bbox 1072 264 1147 311; x_wconf 91' lang='lat' dir='ltr'>vel</span> <span class='ocrx_word' id='word_1_9' title='bbox 1163 264 1394 326; x_wconf 90' lang='lat' dir='ltr'>scopulos</span> <span class='ocrx_word' id='word_1_10' title='bbox 1410 264 1680 311; x_wconf 82' lang='lat' dir='ltr'>velarenaS.</span> <span class='ocrx_word' id='word_1_11' title='bbox 1734 264 1864 311; x_wconf 90' lang='lat' dir='ltr'>Nam</span> 
     </span>
    </p>

    <p class='ocr_par' dir='ltr' id='par_1_3' title="bbox 125 342 1867 406">
     <span class='ocr_line' id='line_1_3' title="bbox 125 342 1867 406; baseline 0.002 -18"><span class='ocrx_word' id='word_1_12' title='bbox 125 357 298 389; x_wconf 90' lang='lat' dir='ltr'>manus</span> <span class='ocrx_word' id='word_1_13' title='bbox 325 342 512 390; x_wconf 82' lang='lat' dir='ltr'>Graece</span> <span class='ocrx_word' id='word_1_14' title='bbox 543 365 655 406; x_wconf 88' lang='grc' dir='ltr'>κυρα</span> <span class='ocrx_word' id='word_1_15' title='bbox 680 342 886 392; x_wconf 88' lang='lat' dir='ltr'>dicitur:</span> <span class='ocrx_word' id='word_1_16' title='bbox 925 345 1060 406; x_wconf 88' lang='lat' dir='ltr'>apud</span> <span class='ocrx_word' id='word_1_17' title='bbox 1085 345 1302 393; x_wconf 90' lang='lat' dir='ltr'>Graecos</span> <span class='ocrx_word' id='word_1_18' title='bbox 1326 353 1492 393; x_wconf 89' lang='lat' dir='ltr'>autem</span> <span class='ocrx_word' id='word_1_19' title='bbox 1517 342 1867 406; x_wconf 84' lang='lat' dir='ltr'>aspirationem</span> 
     </span>
    </p>

    <p class='ocr_par' dir='ltr' id='par_1_4' title="bbox 123 422 1868 490">
     <span class='ocr_line' id='line_1_4' title="bbox 123 422 1868 490; baseline 0.002 -21"><span class='ocrx_word' id='word_1_20' title='bbox 123 438 224 469; x_wconf 92' lang='lat' dir='ltr'>non</span> <span class='ocrx_word' id='word_1_21' title='bbox 263 422 424 481; x_wconf 86' lang='lat' dir='ltr'>habet,</span> <span class='ocrx_word' id='word_1_22' title='bbox 464 440 579 471; x_wconf 91' lang='lat' dir='ltr'>nam</span> <span class='ocrx_word' id='word_1_23' title='bbox 617 425 793 490; x_wconf 81' lang='grc' dir='ltr'>ἄγκυρα</span> <span class='ocrx_word' id='word_1_24' title='bbox 828 424 1006 473; x_wconf 91' lang='lat' dir='ltr'>dicitur</span> <span class='ocrx_word' id='word_1_25' title='bbox 1024 443 1037 485; x_wconf 82' lang='lat'><em>3</em></span> <span class='ocrx_word' id='word_1_26' title='bbox 1095 426 1227 474; x_wconf 91' lang='lat' dir='ltr'>unde</span> <span class='ocrx_word' id='word_1_27' title='bbox 1264 434 1311 474; x_wconf 92' lang='lat' dir='ltr'>et</span> <span class='ocrx_word' id='word_1_28' title='bbox 1346 425 1480 488; x_wconf 89' lang='lat' dir='ltr'>apud</span> <span class='ocrx_word' id='word_1_29' title='bbox 1517 424 1726 473; x_wconf 91' lang='lat' dir='ltr'>maiores</span> <span class='ocrx_word' id='word_1_30' title='bbox 1762 424 1868 473; x_wconf 92' lang='lat' dir='ltr'>sine</span> 
     </span>
    </p>

    <p class='ocr_par' dir='ltr' id='par_1_5' title="bbox 75 503 1948 651">
     <span class='ocr_line' id='line_1_5' title="bbox 122 503 1948 569; baseline 0.002 -20"><span class='ocrx_word' id='word_1_31' title='bbox 122 503 415 566; x_wconf 83' lang='lat' dir='ltr'>aspiratione</span> <span class='ocrx_word' id='word_1_32' title='bbox 440 506 788 567; x_wconf 81' lang='lat' dir='ltr'><strong>proferebatur.</strong></span> <span class='ocrx_word' id='word_1_33' title='bbox 862 506 1056 554; x_wconf 88' lang='lat' dir='ltr'>Pulvini</span> <span class='ocrx_word' id='word_1_34' title='bbox 1086 515 1199 554; x_wconf 91' lang='lat' dir='ltr'>sunt</span> <span class='ocrx_word' id='word_1_35' title='bbox 1226 505 1483 555; x_wconf 80' lang='lat' dir='ltr'>machinae</span> <span class='ocrx_word' id='word_1_36' title='bbox 1509 505 1690 569; x_wconf 90' lang='lat' dir='ltr'>quibus</span> <span class='ocrx_word' id='word_1_37' title='bbox 1716 523 1865 555; x_wconf 88' lang='lat' dir='ltr'>naves</span> <span class='ocrx_word' id='word_1_38' title='bbox 1889 507 1948 553; x_wconf 87' lang='lat'>16</span> 
     </span>
     <span class='ocr_line' id='line_1_6' title="bbox 75 585 1807 651; baseline 0.002 -19"><span class='ocrx_word' id='word_1_39' title='bbox 75 603 98 644; x_wconf 87' lang='lat'>5</span> <span class='ocrx_word' id='word_1_40' title='bbox 122 585 434 633; x_wconf 89' lang='lat' dir='ltr'>deducuntur</span> <span class='ocrx_word' id='word_1_41' title='bbox 457 595 506 634; x_wconf 92' lang='lat' dir='ltr'>et</span> <span class='ocrx_word' id='word_1_42' title='bbox 531 587 873 636; x_wconf 88' lang='lat' dir='ltr'>subducuntur</span> <span class='ocrx_word' id='word_1_43' title='bbox 899 587 948 635; x_wconf 89' lang='lat' dir='ltr'>in</span> <span class='ocrx_word' id='word_1_44' title='bbox 974 598 1186 651; x_wconf 89' lang='lat' dir='ltr'>portum.</span> <span class='ocrx_word' id='word_1_45' title='bbox 1261 591 1409 648; x_wconf 88' lang='lat' dir='ltr'>Pons,</span> <span class='ocrx_word' id='word_1_46' title='bbox 1436 589 1566 636; x_wconf 87' lang='lat' dir='ltr'>scala</span> <span class='ocrx_word' id='word_1_47' title='bbox 1591 587 1807 636; x_wconf 91' lang='lat' dir='ltr'>navium.</span> 
     </span>
    </p>

    <p class='ocr_par' dir='ltr' id='par_1_6' title="bbox 118 668 1952 895">
     <span class='ocr_line' id='line_1_7' title="bbox 257 668 1952 732; baseline 0.001 -19"><span class='ocrx_word' id='word_1_48' title='bbox 257 668 339 714; x_wconf 83' lang='lat' dir='ltr'>DE</span> <span class='ocrx_word' id='word_1_49' title='bbox 367 682 524 716; x_wconf 81' lang='lat' dir='ltr'>VELis.</span> <span class='ocrx_word' id='word_1_50' title='bbox 598 671 721 717; x_wconf 88' lang='lat' dir='ltr'>Vela</span> <span class='ocrx_word' id='word_1_51' title='bbox 749 669 924 718; x_wconf 88' lang='lat' dir='ltr'>Graeci</span> <span class='ocrx_word' id='word_1_52' title='bbox 950 671 1123 732; x_wconf 80' lang='grc' dir='ltr'>ἄρμενα</span> <span class='ocrx_word' id='word_1_53' title='bbox 1146 669 1331 729; x_wconf 90' lang='lat' dir='ltr'>dicunt,</span> <span class='ocrx_word' id='word_1_54' title='bbox 1359 668 1568 732; x_wconf 91' lang='lat' dir='ltr'>proinde</span> <span class='ocrx_word' id='word_1_55' title='bbox 1593 671 1730 732; x_wconf 88' lang='lat' dir='ltr'>quod</span> <span class='ocrx_word' id='word_1_56' title='bbox 1756 686 1866 718; x_wconf 90' lang='lat' dir='ltr'>aere</span> <span class='ocrx_word' id='word_1_57' title='bbox 1891 677 1952 717; x_wconf 91' lang='grc' dir='ltr'>ΙΙΙ</span> 
     </span>
     <span class='ocr_line' id='line_1_8' title="bbox 120 749 1860 811; baseline 0.003 -17"><span class='ocrx_word' id='word_1_58' title='bbox 120 757 380 796; x_wconf 92' lang='lat' dir='ltr'>moventur</span> <span class='ocrx_word' id='word_1_59' title='bbox 397 766 409 808; x_wconf 76' lang='lat'><em>3</em></span> <span class='ocrx_word' id='word_1_60' title='bbox 443 751 576 811; x_wconf 88' lang='lat' dir='ltr'>apud</span> <span class='ocrx_word' id='word_1_61' title='bbox 604 750 806 798; x_wconf 88' lang='lat' dir='ltr'>Latinos</span> <span class='ocrx_word' id='word_1_62' title='bbox 831 761 997 799; x_wconf 88' lang='lat' dir='ltr'>autern</span> <span class='ocrx_word' id='word_1_63' title='bbox 1022 753 1130 800; x_wconf 90' lang='lat' dir='ltr'>vela</span> <span class='ocrx_word' id='word_1_64' title='bbox 1153 768 1181 799; x_wconf 91' lang='lat' dir='ltr'>a</span> <span class='ocrx_word' id='word_1_65' title='bbox 1207 752 1372 798; x_wconf 90' lang='lat' dir='ltr'>volatu</span> <span class='ocrx_word' id='word_1_66' title='bbox 1393 749 1525 799; x_wconf 89' lang='lat' dir='ltr'>dicta</span> <span class='ocrx_word' id='word_1_67' title='bbox 1613 752 1761 800; x_wconf 92' lang='lat' dir='ltr'>Vnde</span> <span class='ocrx_word' id='word_1_68' title='bbox 1788 760 1860 799; x_wconf 88' lang='lat' dir='ltr'>est</span> 
     </span>
     <span class='ocr_line' id='line_1_9' title="bbox 118 826 792 895; baseline 0.007 -21"><span class='ocrx_word' id='word_1_69' title='bbox 118 826 238 877; x_wconf 89' lang='lat' dir='ltr'>illud</span> <span class='ocrx_word' id='word_1_70' title='bbox 265 828 416 893; x_wconf 92' lang='lat' dir='ltr'>(Virg.</span> <span class='ocrx_word' id='word_1_71' title='bbox 435 832 562 878; x_wconf 90' lang='lat' dir='ltr'>Aen.</span> <span class='ocrx_word' id='word_1_72' title='bbox 583 848 626 893; x_wconf 85' lang='lat'>3,</span> <span class='ocrx_word' id='word_1_73' title='bbox 648 831 792 895; x_wconf 88' lang='lat'><strong>520):</strong></span> 
     </span>
    </p>

    <p class='ocr_par' dir='ltr' id='par_1_7' title="bbox 587 912 1276 976">
     <span class='ocr_line' id='line_1_10' title="bbox 587 912 1276 976; baseline 0.001 -16"><span class='ocrx_word' id='word_1_74' title='bbox 587 914 824 961; x_wconf 90' lang='lat' dir='ltr'>Velorum</span> <span class='ocrx_word' id='word_1_75' title='bbox 862 912 1126 976; x_wconf 85' lang='lat' dir='ltr'>pandimus</span> <span class='ocrx_word' id='word_1_76' title='bbox 1162 915 1276 961; x_wconf 90' lang='lat' dir='ltr'>alas.</span> 
     </span>
    </p>

    <p class='ocr_par' dir='ltr' id='par_1_8' title="bbox 46 991 1916 1386">
     <span class='ocr_line' id='line_1_11' title="bbox 46 991 1916 1059; baseline 0.005 -22"><span class='ocrx_word' id='word_1_77' title='bbox 46 1009 95 1037; x_wconf 93' lang='lat'>10</span> <span class='ocrx_word' id='word_1_78' title='bbox 118 991 313 1040; x_wconf 89' lang='lat' dir='ltr'>Genera</span> <span class='ocrx_word' id='word_1_79' title='bbox 345 994 594 1041; x_wconf 89' lang='lat' dir='ltr'>velorum:</span> <span class='ocrx_word' id='word_1_80' title='bbox 646 994 854 1054; x_wconf 89' lang='lat' dir='ltr'>acation,</span> <span class='ocrx_word' id='word_1_81' title='bbox 892 994 1190 1058; x_wconf 86' lang='lat' dir='ltr'>epidromOS‚</span> <span class='ocrx_word' id='word_1_82' title='bbox 1219 997 1351 1055; x_wconf 91' lang='lat' dir='ltr'>dolo,</span> <span class='ocrx_word' id='word_1_83' title='bbox 1384 1003 1586 1055; x_wconf 90' lang='lat' dir='ltr'>artemO,</span> <span class='ocrx_word' id='word_1_84' title='bbox 1624 995 1858 1059; x_wconf 87' lang='lat' dir='ltr'>siparum,</span> <span class='ocrx_word' id='word_1_85' title='bbox 1886 1013 1916 1047; x_wconf 87' lang='lat'>2</span> 
     </span>
     <span class='ocr_line' id='line_1_12' title="bbox 117 1072 1860 1140; baseline 0.003 -20"><span class='ocrx_word' id='word_1_86' title='bbox 117 1072 414 1122; x_wconf 89' lang='lat' dir='ltr'>mendicum.</span> <span class='ocrx_word' id='word_1_87' title='bbox 489 1077 561 1122; x_wconf 89' lang='lat' dir='ltr'>Ex</span> <span class='ocrx_word' id='word_1_88' title='bbox 595 1074 774 1138; x_wconf 88' lang='lat' dir='ltr'>quibus</span> <span class='ocrx_word' id='word_1_89' title='bbox 810 1076 1004 1125; x_wconf 86' lang='lat' dir='ltr'>acation</span> <span class='ocrx_word' id='word_1_90' title='bbox 1039 1078 1202 1125; x_wconf 89' lang='lat' dir='ltr'>velum</span> <span class='ocrx_word' id='word_1_91' title='bbox 1230 1075 1519 1140; x_wconf 81' lang='lat' dir='ltr'>maximum,</span> <span class='ocrx_word' id='word_1_92' title='bbox 1546 1085 1594 1126; x_wconf 91' lang='lat' dir='ltr'>et</span> <span class='ocrx_word' id='word_1_93' title='bbox 1619 1076 1669 1124; x_wconf 93' lang='lat' dir='ltr'>in</span> <span class='ocrx_word' id='word_1_94' title='bbox 1697 1077 1860 1126; x_wconf 89' lang='lat' dir='ltr'>media</span> 
     </span>
     <span class='ocr_line' id='line_1_13' title="bbox 115 1154 1913 1224; baseline 0.004 -24"><span class='ocrx_word' id='word_1_95' title='bbox 115 1169 238 1201; x_wconf 88' lang='lat' dir='ltr'>nave</span> <span class='ocrx_word' id='word_1_96' title='bbox 271 1154 606 1204; x_wconf 89' lang='lat' dir='ltr'>constitutum.</span> <span class='ocrx_word' id='word_1_97' title='bbox 683 1158 980 1221; x_wconf 87' lang='lat' dir='ltr'>Epidromos</span> <span class='ocrx_word' id='word_1_98' title='bbox 1012 1159 1259 1208; x_wconf 90' lang='lat' dir='ltr'>secundae</span> <span class='ocrx_word' id='word_1_99' title='bbox 1291 1158 1646 1222; x_wconf 86' lang='lat' dir='ltr'>amplitudinis,</span> <span class='ocrx_word' id='word_1_100' title='bbox 1675 1160 1762 1208; x_wconf 92' lang='lat' dir='ltr'>sed</span> <span class='ocrx_word' id='word_1_101' title='bbox 1795 1160 1859 1208; x_wconf 90' lang='lat' dir='ltr'>ad</span> <span class='ocrx_word' id='word_1_102' title='bbox 1884 1178 1913 1224; x_wconf 90' lang='lat'><strong>3</strong></span> 
     </span>
     <span class='ocr_line' id='line_1_14' title="bbox 114 1234 1859 1303; baseline 0.005 -22"><span class='ocrx_word' id='word_1_103' title='bbox 114 1234 334 1297; x_wconf 90' lang='lat' dir='ltr'>puppim.</span> <span class='ocrx_word' id='word_1_104' title='bbox 408 1238 576 1285; x_wconf 91' lang='lat' dir='ltr'>Dolon</span> <span class='ocrx_word' id='word_1_105' title='bbox 603 1237 863 1287; x_wconf 89' lang='lat' dir='ltr'>minimum</span> <span class='ocrx_word' id='word_1_106' title='bbox 890 1241 1068 1300; x_wconf 87' lang='lat' dir='ltr'>velum,</span> <span class='ocrx_word' id='word_1_107' title='bbox 1096 1250 1144 1288; x_wconf 91' lang='lat' dir='ltr'>et</span> <span class='ocrx_word' id='word_1_108' title='bbox 1168 1241 1232 1289; x_wconf 90' lang='lat' dir='ltr'>ad</span> <span class='ocrx_word' id='word_1_109' title='bbox 1257 1257 1452 1303; x_wconf 91' lang='lat' dir='ltr'>proram</span> <span class='ocrx_word' id='word_1_110' title='bbox 1479 1242 1709 1290; x_wconf 84' lang='lat' dir='ltr'>defixum.</span> <span class='ocrx_word' id='word_1_111' title='bbox 1772 1243 1859 1289; x_wconf 87' lang='lat' dir='ltr'>Ar-</span> 
     </span>
     <span class='ocr_line' id='line_1_15' title="bbox 115 1316 1861 1386; baseline 0.005 -24"><span class='ocrx_word' id='word_1_112' title='bbox 115 1324 247 1364; x_wconf 91' lang='lat' dir='ltr'>temo</span> <span class='ocrx_word' id='word_1_113' title='bbox 273 1316 556 1380; x_wconf 88' lang='lat' dir='ltr'>dirigendae</span> <span class='ocrx_word' id='word_1_114' title='bbox 582 1320 743 1382; x_wconf 89' lang='lat' dir='ltr'>potius</span> <span class='ocrx_word' id='word_1_115' title='bbox 779 1321 914 1370; x_wconf 89' lang='lat' dir='ltr'>navis</span> <span class='ocrx_word' id='word_1_116' title='bbox 941 1338 1088 1370; x_wconf 87' lang='lat' dir='ltr'>causa</span> <span class='ocrx_word' id='word_1_117' title='bbox 1112 1332 1486 1371; x_wconf 90' lang='lat' dir='ltr'>conmentatum</span> <span class='ocrx_word' id='word_1_118' title='bbox 1513 1340 1662 1386; x_wconf 88' lang='lat' dir='ltr'>quam</span> <span class='ocrx_word' id='word_1_119' title='bbox 1697 1323 1861 1371; x_wconf 93' lang='lat' dir='ltr'>celeri-</span> 
     </span>
    </p>

    <p class='ocr_par' dir='ltr' id='par_1_9' title="bbox 42 1398 1914 1628">
     <span class='ocr_line' id='line_1_16' title="bbox 42 1398 1914 1468; baseline 0.005 -26"><span class='ocrx_word' id='word_1_120' title='bbox 42 1411 91 1455; x_wconf 84' lang='lat'>¹5</span> <span class='ocrx_word' id='word_1_121' title='bbox 114 1398 240 1446; x_wconf 87' lang='lat' dir='ltr'>tatis.</span> <span class='ocrx_word' id='word_1_122' title='bbox 312 1398 536 1462; x_wconf 88' lang='lat' dir='ltr'>Siparum</span> <span class='ocrx_word' id='word_1_123' title='bbox 577 1417 732 1463; x_wconf 85' lang='lat' dir='ltr'>genus</span> <span class='ocrx_word' id='word_1_124' title='bbox 772 1402 866 1450; x_wconf 90' lang='lat' dir='ltr'>veli</span> <span class='ocrx_word' id='word_1_125' title='bbox 903 1420 1058 1451; x_wconf 89' lang='lat' dir='ltr'>unum</span> <span class='ocrx_word' id='word_1_126' title='bbox 1098 1405 1278 1466; x_wconf 88' lang='lat' dir='ltr'>pedem</span> <span class='ocrx_word' id='word_1_127' title='bbox 1322 1404 1524 1464; x_wconf 88' lang='lat' dir='ltr'>habens,</span> <span class='ocrx_word' id='word_1_128' title='bbox 1568 1422 1668 1468; x_wconf 90' lang='lat' dir='ltr'>quo</span> <span class='ocrx_word' id='word_1_129' title='bbox 1707 1404 1859 1453; x_wconf 89' lang='lat' dir='ltr'>iuvari</span> <span class='ocrx_word' id='word_1_130' title='bbox 1882 1421 1914 1467; x_wconf 93' lang='lat'>4</span> 
     </span>
     <span class='ocr_line' id='line_1_17' title="bbox 112 1478 1859 1549; baseline 0.006 -24"><span class='ocrx_word' id='word_1_131' title='bbox 112 1478 303 1541; x_wconf 89' lang='lat' dir='ltr'>navigia</span> <span class='ocrx_word' id='word_1_132' title='bbox 328 1482 487 1530; x_wconf 87' lang='lat' dir='ltr'>solent</span> <span class='ocrx_word' id='word_1_133' title='bbox 512 1481 562 1530; x_wconf 91' lang='lat' dir='ltr'>in</span> <span class='ocrx_word' id='word_1_134' title='bbox 588 1482 899 1546; x_wconf 84' lang='lat' dir='ltr'>navigatione</span> <span class='ocrx_word' id='word_1_135' title='bbox 925 1486 1153 1547; x_wconf 86' lang='lat' dir='ltr'>quotiens</span> <span class='ocrx_word' id='word_1_136' title='bbox 1180 1485 1249 1534; x_wconf 91' lang='lat' dir='ltr'>vis</span> <span class='ocrx_word' id='word_1_137' title='bbox 1276 1485 1407 1534; x_wconf 91' lang='lat' dir='ltr'>venti</span> <span class='ocrx_word' id='word_1_138' title='bbox 1434 1485 1717 1549; x_wconf 86' lang='lat' dir='ltr'>languescit.</span> <span class='ocrx_word' id='word_1_139' title='bbox 1781 1488 1859 1534; x_wconf 93' lang='lat' dir='ltr'>De</span> 
     </span>
     <span class='ocr_line' id='line_1_18' title="bbox 112 1563 735 1628; baseline 0.01 -21"><span class='ocrx_word' id='word_1_140' title='bbox 112 1576 212 1622; x_wconf 86' lang='lat' dir='ltr'>quo</span> <span class='ocrx_word' id='word_1_141' title='bbox 239 1563 467 1611; x_wconf 90' lang='lat' dir='ltr'>Lucanus</span> <span class='ocrx_word' id='word_1_142' title='bbox 495 1563 560 1628; x_wconf 91' lang='lat'>(5,</span> <span class='ocrx_word' id='word_1_143' title='bbox 583 1564 702 1628; x_wconf 85' lang='lat'><strong>428)</strong></span> <span class='ocrx_word' id='word_1_144' title='bbox 727 1584 735 1613; x_wconf 76' lang='grc' dir='ltr'><strong><em>ι</em></strong></span> 
     </span>
    </p>

    <p class='ocr_par' dir='ltr' id='par_1_10' title="bbox 411 1647 1524 1793">
     <span class='ocr_line' id='line_1_19' title="bbox 849 1647 1397 1711; baseline 0.002 -16"><span class='ocrx_word' id='word_1_145' title='bbox 849 1647 1152 1711; x_wconf 87' lang='lat' dir='ltr'>Summaque</span> <span class='ocrx_word' id='word_1_146' title='bbox 1188 1650 1397 1698; x_wconf 88' lang='lat' dir='ltr'>tendens</span> 
     </span>
     <span class='ocr_line' id='line_1_20' title="bbox 411 1725 1524 1793; baseline 0.005 -20"><span class='ocrx_word' id='word_1_147' title='bbox 411 1725 570 1788; x_wconf 88' lang='lat' dir='ltr'>sipara</span> <span class='ocrx_word' id='word_1_148' title='bbox 605 1729 824 1777; x_wconf 91' lang='lat' dir='ltr'>velorum</span> <span class='ocrx_word' id='word_1_149' title='bbox 860 1729 1097 1791; x_wconf 88' lang='lat' dir='ltr'>perituras</span> <span class='ocrx_word' id='word_1_150' title='bbox 1134 1730 1317 1793; x_wconf 88' lang='lat' dir='ltr'>colligit</span> <span class='ocrx_word' id='word_1_151' title='bbox 1353 1746 1493 1779; x_wconf 88' lang='lat' dir='ltr'>auras</span> <span class='ocrx_word' id='word_1_152' title='bbox 1510 1749 1524 1792; x_wconf 83' lang='lat'><em>3</em></span> 
     </span>
    </p>

    <p class='ocr_par' dir='ltr' id='par_1_11' title="bbox 39 1805 1859 1956">
     <span class='ocr_line' id='line_1_21' title="bbox 39 1805 1859 1870; baseline 0.005 -20"><span class='ocrx_word' id='word_1_153' title='bbox 39 1829 88 1856; x_wconf 88' lang='lat'>20</span> <span class='ocrx_word' id='word_1_154' title='bbox 111 1805 246 1865; x_wconf 88' lang='lat' dir='ltr'>quod</span> <span class='ocrx_word' id='word_1_155' title='bbox 290 1822 347 1853; x_wconf 84' lang='lat' dir='ltr'>ex</span> <span class='ocrx_word' id='word_1_156' title='bbox 387 1807 695 1870; x_wconf 84' lang='lat' dir='ltr'>separatione</span> <span class='ocrx_word' id='word_1_157' title='bbox 744 1809 1024 1859; x_wconf 87' lang='lat' dir='ltr'>existimant</span> <span class='ocrx_word' id='word_1_158' title='bbox 1073 1811 1398 1860; x_wconf 91' lang='lat' dir='ltr'>nominatum.</span> <span class='ocrx_word' id='word_1_159' title='bbox 1474 1815 1566 1862; x_wconf 91' lang='lat' dir='ltr'>Pes</span> <span class='ocrx_word' id='word_1_160' title='bbox 1616 1821 1859 1862; x_wconf 84' lang='lat' dir='ltr'>extremus</span> 
     </span>
     <span class='ocr_line' id='line_1_22' title="bbox 109 1887 1236 1956; baseline 0.01 -25"><span class='ocrx_word' id='word_1_161' title='bbox 109 1887 316 1948; x_wconf 90' lang='lat' dir='ltr'>angulus</span> <span class='ocrx_word' id='word_1_162' title='bbox 341 1887 448 1946; x_wconf 86' lang='lat' dir='ltr'>veli,</span> <span class='ocrx_word' id='word_1_163' title='bbox 477 1905 624 1951; x_wconf 88' lang='lat' dir='ltr'>quem</span> <span class='ocrx_word' id='word_1_164' title='bbox 652 1890 720 1939; x_wconf 92' lang='lat' dir='ltr'>sic</span> <span class='ocrx_word' id='word_1_165' title='bbox 748 1901 926 1941; x_wconf 86' lang='lat' dir='ltr'>nautae</span> <span class='ocrx_word' id='word_1_166' title='bbox 951 1894 1236 1956; x_wconf 88' lang='lat' dir='ltr'>loquuntur.</span> 
     </span>
    </p>

    <p class='ocr_par' dir='ltr' id='par_1_12' title="bbox 107 1970 1939 2196">
     <span class='ocr_line' id='line_1_23' title="bbox 246 1970 1939 2036; baseline 0.005 -22"><span class='ocrx_word' id='word_1_167' title='bbox 246 1970 328 2015; x_wconf 85' lang='lat' dir='ltr'>DE</span> <span class='ocrx_word' id='word_1_168' title='bbox 372 1984 603 2019; x_wconf 77' lang='lat' dir='ltr'>FVNIBvs.</span> <span class='ocrx_word' id='word_1_169' title='bbox 677 1974 840 2021; x_wconf 89' lang='lat' dir='ltr'>Funes</span> <span class='ocrx_word' id='word_1_170' title='bbox 879 1973 998 2022; x_wconf 90' lang='lat' dir='ltr'>dicti</span> <span class='ocrx_word' id='word_1_171' title='bbox 1034 1977 1171 2036; x_wconf 86' lang='lat' dir='ltr'>quod</span> <span class='ocrx_word' id='word_1_172' title='bbox 1207 1984 1351 2024; x_wconf 88' lang='lat' dir='ltr'>antea</span> <span class='ocrx_word' id='word_1_173' title='bbox 1388 1975 1436 2023; x_wconf 88' lang='lat' dir='ltr'>in</span> <span class='ocrx_word' id='word_1_174' title='bbox 1474 1993 1618 2024; x_wconf 91' lang='lat' dir='ltr'>usum</span> <span class='ocrx_word' id='word_1_175' title='bbox 1655 1975 1854 2025; x_wconf 88' lang='lat' dir='ltr'>luminis</span> <span class='ocrx_word' id='word_1_176' title='bbox 1879 1985 1939 2023; x_wconf 93' lang='lat' dir='ltr'>IV</span> 
     </span>
     <span class='ocr_line' id='line_1_24' title="bbox 107 2047 1852 2120; baseline 0.007 -27"><span class='ocrx_word' id='word_1_177' title='bbox 107 2047 284 2097; x_wconf 87' lang='lat' dir='ltr'>fuerint</span> <span class='ocrx_word' id='word_1_178' title='bbox 301 2048 590 2100; x_wconf 91' lang='lat' dir='ltr'>circumdati</span> <span class='ocrx_word' id='word_1_179' title='bbox 608 2069 720 2101; x_wconf 90' lang='lat' dir='ltr'>cera</span> <span class='ocrx_word' id='word_1_180' title='bbox 733 2072 746 2114; x_wconf 78' lang='grc'>,-</span> <span class='ocrx_word' id='word_1_181' title='bbox 779 2056 913 2103; x_wconf 88' lang='lat' dir='ltr'>unde</span> <span class='ocrx_word' id='word_1_182' title='bbox 934 2064 981 2103; x_wconf 90' lang='lat' dir='ltr'>et</span> <span class='ocrx_word' id='word_1_183' title='bbox 998 2057 1194 2105; x_wconf 89' lang='lat' dir='ltr'>funalia.</span> <span class='ocrx_word' id='word_1_184' title='bbox 1246 2059 1437 2117; x_wconf 86' lang='lat' dir='ltr'>Restes‚</span> <span class='ocrx_word' id='word_1_185' title='bbox 1453 2057 1553 2106; x_wconf 91' lang='lat' dir='ltr'>sive</span> <span class='ocrx_word' id='word_1_186' title='bbox 1573 2060 1710 2120; x_wconf 91' lang='lat' dir='ltr'>quod</span> <span class='ocrx_word' id='word_1_187' title='bbox 1726 2067 1852 2107; x_wconf 90' lang='lat' dir='ltr'>rates</span> 
     </span>
     <span class='ocr_line' id='line_1_25' title="bbox 108 2129 1852 2196; baseline 0.007 -20"><span class='ocrx_word' id='word_1_188' title='bbox 108 2129 408 2189; x_wconf 88' lang='lat' dir='ltr'>contineant,</span> <span class='ocrx_word' id='word_1_189' title='bbox 432 2149 517 2181; x_wconf 93' lang='lat' dir='ltr'>seu</span> <span class='ocrx_word' id='word_1_190' title='bbox 543 2136 678 2196; x_wconf 89' lang='lat' dir='ltr'>quod</span> <span class='ocrx_word' id='word_1_191' title='bbox 700 2136 774 2184; x_wconf 91' lang='lat' dir='ltr'>his</span> <span class='ocrx_word' id='word_1_192' title='bbox 795 2146 921 2185; x_wconf 86' lang='lat' dir='ltr'>retes</span> <span class='ocrx_word' id='word_1_193' title='bbox 948 2139 1229 2186; x_wconf 87' lang='lat' dir='ltr'>tendantur.</span> <span class='ocrx_word' id='word_1_194' title='bbox 1293 2140 1552 2188; x_wconf 90' lang='lat' dir='ltr'>Rudentes</span> <span class='ocrx_word' id='word_1_195' title='bbox 1579 2149 1692 2188; x_wconf 90' lang='lat' dir='ltr'>sunt</span> <span class='ocrx_word' id='word_1_196' title='bbox 1711 2141 1852 2188; x_wconf 91' lang='lat' dir='ltr'>funes</span> 
     </span>
    </p>

    <p class='ocr_par' dir='ltr' id='par_1_13' title="bbox 35 2210 1904 2448">
     <span class='ocr_line' id='line_1_26' title="bbox 35 2210 1904 2284; baseline 0.007 -27"><span class='ocrx_word' id='word_1_197' title='bbox 35 2235 86 2276; x_wconf 83' lang='lat'>25</span> <span class='ocrx_word' id='word_1_198' title='bbox 110 2210 307 2259; x_wconf 88' lang='lat' dir='ltr'>navium</span> <span class='ocrx_word' id='word_1_199' title='bbox 333 2230 391 2262; x_wconf 86' lang='lat' dir='ltr'>ex</span> <span class='ocrx_word' id='word_1_200' title='bbox 415 2213 568 2264; x_wconf 89' lang='lat' dir='ltr'>nimio</span> <span class='ocrx_word' id='word_1_201' title='bbox 595 2218 801 2266; x_wconf 91' lang='lat' dir='ltr'>stridore</span> <span class='ocrx_word' id='word_1_202' title='bbox 837 2217 903 2266; x_wconf 87' lang='lat' dir='ltr'>ita</span> <span class='ocrx_word' id='word_1_203' title='bbox 936 2218 1069 2268; x_wconf 90' lang='lat' dir='ltr'>dicti.</span> <span class='ocrx_word' id='word_1_204' title='bbox 1142 2219 1309 2283; x_wconf 88' lang='lat' dir='ltr'>Spirae</span> <span class='ocrx_word' id='word_1_205' title='bbox 1334 2222 1474 2270; x_wconf 91' lang='lat' dir='ltr'>funes</span> <span class='ocrx_word' id='word_1_206' title='bbox 1505 2238 1632 2284; x_wconf 85' lang='lat' dir='ltr'>quae</span> <span class='ocrx_word' id='word_1_207' title='bbox 1657 2221 1707 2269; x_wconf 91' lang='lat' dir='ltr'>in</span> <span class='ocrx_word' id='word_1_208' title='bbox 1734 2231 1852 2270; x_wconf 93' lang='lat' dir='ltr'>tem-</span> <span class='ocrx_word' id='word_1_209' title='bbox 1875 2235 1904 2269; x_wconf 87' lang='lat'>2</span> 
     </span>
     <span class='ocr_line' id='line_1_27' title="bbox 106 2294 1849 2361; baseline 0.007 -21"><span class='ocrx_word' id='word_1_210' title='bbox 106 2294 377 2354; x_wconf 87' lang='lat' dir='ltr'>pestatibus</span> <span class='ocrx_word' id='word_1_211' title='bbox 414 2306 646 2358; x_wconf 79' lang='lat' dir='ltr'>utuntur3</span> <span class='ocrx_word' id='word_1_212' title='bbox 704 2315 824 2361; x_wconf 89' lang='lat' dir='ltr'>quas</span> <span class='ocrx_word' id='word_1_213' title='bbox 862 2299 1046 2348; x_wconf 89' lang='lat' dir='ltr'>nautici</span> <span class='ocrx_word' id='word_1_214' title='bbox 1082 2318 1171 2350; x_wconf 90' lang='lat' dir='ltr'>suo</span> <span class='ocrx_word' id='word_1_215' title='bbox 1208 2319 1344 2351; x_wconf 90' lang='lat' dir='ltr'>more</span> <span class='ocrx_word' id='word_1_216' title='bbox 1380 2304 1619 2352; x_wconf 88' lang='lat' dir='ltr'>cucurbas</span> <span class='ocrx_word' id='word_1_217' title='bbox 1656 2315 1849 2353; x_wconf 91' lang='lat' dir='ltr'>vocant.</span> 
     </span>
     <span class='ocr_line' id='line_1_28' title="bbox 107 2372 1902 2448; baseline 0.008 -27"><span class='ocrx_word' id='word_1_218' title='bbox 107 2372 275 2436; x_wconf 88' lang='lat' dir='ltr'>Spirae</span> <span class='ocrx_word' id='word_1_219' title='bbox 312 2384 477 2424; x_wconf 89' lang='lat' dir='ltr'>autem</span> <span class='ocrx_word' id='word_1_220' title='bbox 514 2378 578 2426; x_wconf 91' lang='lat' dir='ltr'>ab</span> <span class='ocrx_word' id='word_1_221' title='bbox 615 2389 777 2441; x_wconf 89' lang='lat' dir='ltr'>sparto</span> <span class='ocrx_word' id='word_1_222' title='bbox 815 2389 1029 2429; x_wconf 88' lang='lat' dir='ltr'>vocatae.</span> <span class='ocrx_word' id='word_1_223' title='bbox 1106 2384 1288 2446; x_wconf 90' lang='lat' dir='ltr'>Propes</span> <span class='ocrx_word' id='word_1_224' title='bbox 1324 2385 1452 2432; x_wconf 91' lang='lat' dir='ltr'>funis</span> <span class='ocrx_word' id='word_1_225' title='bbox 1495 2401 1596 2447; x_wconf 87' lang='lat' dir='ltr'>quo</span> <span class='ocrx_word' id='word_1_226' title='bbox 1632 2402 1719 2448; x_wconf 93' lang='lat' dir='ltr'>pes</span> <span class='ocrx_word' id='word_1_227' title='bbox 1755 2386 1849 2434; x_wconf 90' lang='lat' dir='ltr'>veli</span> <span class='ocrx_word' id='word_1_228' title='bbox 1874 2403 1902 2448; x_wconf 89' lang='lat'><strong>3</strong></span> 
     </span>
    </p>
   </div>
   <div class='ocr_carea' id='block_1_3' title="bbox 95 2504 1854 3055">
    <p class='ocr_par' dir='ltr' id='par_1_14' title="bbox 95 2504 1854 3055">
     <span class='ocr_line' id='line_1_29' title="bbox 165 2504 1848 2564; baseline 0.008 -23"><span class='ocrx_word' id='word_1_229' title='bbox 165 2515 181 2540; x_wconf 84' lang='lat'>1</span> <span class='ocrx_word' id='word_1_230' title='bbox 216 2504 336 2543; x_wconf 89' lang='lat' dir='ltr'>honis</span> <span class='ocrx_word' id='word_1_231' title='bbox 363 2505 400 2544; x_wconf 92' lang='lat' dir='ltr'><em>T</em></span> <span class='ocrx_word' id='word_1_232' title='bbox 557 2508 755 2558; x_wconf 88' lang='lat' dir='ltr'>scupolus</span> <span class='ocrx_word' id='word_1_233' title='bbox 774 2508 820 2546; x_wconf 92' lang='lat' dir='ltr'><em>K</em></span> <span class='ocrx_word' id='word_1_234' title='bbox 1031 2524 1056 2549; x_wconf 85' lang='lat'><strong>2</strong></span> <span class='ocrx_word' id='word_1_235' title='bbox 1085 2511 1203 2563; x_wconf 70' lang='lat' dir='ltr'>xvpa]</span> <span class='ocrx_word' id='word_1_236' title='bbox 1226 2511 1314 2562; x_wconf 72' lang='grc' dir='ltr'>χεὶρ</span> <span class='ocrx_word' id='word_1_237' title='bbox 1334 2513 1425 2552; x_wconf 86' lang='lat' dir='ltr'>dett.</span> <span class='ocrx_word' id='word_1_238' title='bbox 1609 2528 1762 2564; x_wconf 86' lang='lat' dir='ltr'>grecos</span> <span class='ocrx_word' id='word_1_239' title='bbox 1791 2516 1848 2555; x_wconf 93' lang='lat' dir='ltr'>T:</span> 
     </span>
     <span class='ocr_line' id='line_1_30' title="bbox 106 2558 1847 2617; baseline 0.008 -22"><span class='ocrx_word' id='word_1_240' title='bbox 106 2558 290 2597; x_wconf 89' lang='lat' dir='ltr'>hebreos</span> <span class='ocrx_word' id='word_1_241' title='bbox 307 2558 395 2597; x_wconf 90' lang='grc' dir='ltr'>ΒΚ</span> <span class='ocrx_word' id='word_1_242' title='bbox 501 2575 525 2610; x_wconf 84' lang='lat'><strong>3</strong></span> <span class='ocrx_word' id='word_1_243' title='bbox 553 2561 671 2614; x_wconf 78' lang='grc' dir='ltr'><strong>ἄγκ.]</strong></span> <span class='ocrx_word' id='word_1_244' title='bbox 702 2563 845 2602; x_wconf 88' lang='lat' dir='ltr'>ancira</span> <span class='ocrx_word' id='word_1_245' title='bbox 865 2564 975 2603; x_wconf 87' lang='lat' dir='ltr'>codd.</span> <span class='ocrx_word' id='word_1_246' title='bbox 1088 2579 1114 2615; x_wconf 91' lang='lat'><strong>9</strong></span> <span class='ocrx_word' id='word_1_247' title='bbox 1144 2567 1330 2605; x_wconf 90' lang='lat' dir='ltr'>celorum</span> <span class='ocrx_word' id='word_1_248' title='bbox 1352 2582 1417 2617; x_wconf 89' lang='lat' dir='ltr'>pa.</span> <span class='ocrx_word' id='word_1_249' title='bbox 1449 2569 1485 2607; x_wconf 94' lang='lat' dir='ltr'><em>T</em></span> <span class='ocrx_word' id='word_1_250' title='bbox 1594 2582 1643 2609; x_wconf 89' lang='lat'>10</span> <span class='ocrx_word' id='word_1_251' title='bbox 1671 2576 1847 2609; x_wconf 87' lang='lat' dir='ltr'>acateon</span> 
     </span>
     <span class='ocr_line' id='line_1_31' title="bbox 105 2610 1854 2673; baseline 0.009 -24"><span class='ocrx_word' id='word_1_252' title='bbox 105 2610 218 2650; x_wconf 89' lang='lat' dir='ltr'>BK:</span> <span class='ocrx_word' id='word_1_253' title='bbox 258 2620 433 2652; x_wconf 89' lang='lat' dir='ltr'>acataon</span> <span class='ocrx_word' id='word_1_254' title='bbox 462 2614 499 2652; x_wconf 91' lang='lat' dir='ltr'><em>T</em></span> <span class='ocrx_word' id='word_1_255' title='bbox 765 2620 1022 2667; x_wconf 87' lang='lat' dir='ltr'>epydromos</span> <span class='ocrx_word' id='word_1_256' title='bbox 1042 2620 1107 2659; x_wconf 89' lang='lat' dir='ltr'>B:</span> <span class='ocrx_word' id='word_1_257' title='bbox 1151 2622 1385 2670; x_wconf 87' lang='lat' dir='ltr'>epitromos</span> <span class='ocrx_word' id='word_1_258' title='bbox 1407 2622 1476 2662; x_wconf 82' lang='lat' dir='ltr'>K:</span> <span class='ocrx_word' id='word_1_259' title='bbox 1521 2625 1785 2673; x_wconf 88' lang='lat' dir='ltr'>epidrosmos</span> <span class='ocrx_word' id='word_1_260' title='bbox 1816 2625 1854 2663; x_wconf 93' lang='lat' dir='ltr'><em>T</em></span> 
     </span>
     <span class='ocr_line' id='line_1_32' title="bbox 105 2667 1847 2719; baseline 0.009 -15"><span class='ocrx_word' id='word_1_261' title='bbox 105 2668 166 2705; x_wconf 84' lang='lat' dir='ltr'>vel</span> <span class='ocrx_word' id='word_1_262' title='bbox 184 2667 330 2707; x_wconf 86' lang='lat' dir='ltr'>dolon:</span> <span class='ocrx_word' id='word_1_263' title='bbox 360 2669 498 2708; x_wconf 83' lang='lat' dir='ltr'>dalum</span> <span class='ocrx_word' id='word_1_264' title='bbox 519 2670 630 2709; x_wconf 87' lang='lat' dir='ltr'>codd.</span> <span class='ocrx_word' id='word_1_265' title='bbox 763 2678 953 2712; x_wconf 88' lang='lat' dir='ltr'>artemon</span> <span class='ocrx_word' id='word_1_266' title='bbox 969 2675 1015 2712; x_wconf 83' lang='lat' dir='ltr'><em>K</em></span> <span class='ocrx_word' id='word_1_267' title='bbox 1148 2676 1334 2715; x_wconf 90' lang='lat' dir='ltr'>sibarum</span> <span class='ocrx_word' id='word_1_268' title='bbox 1355 2676 1401 2714; x_wconf 90' lang='lat' dir='ltr'><em>K</em></span> <span class='ocrx_word' id='word_1_269' title='bbox 1590 2692 1634 2716; x_wconf 90' lang='lat'>11</span> <span class='ocrx_word' id='word_1_270' title='bbox 1667 2686 1847 2719; x_wconf 88' lang='lat' dir='ltr'>acateon</span> 
     </span>
     <span class='ocr_line' id='line_1_33' title="bbox 106 2720 1850 2780; baseline 0.009 -22"><span class='ocrx_word' id='word_1_271' title='bbox 106 2720 214 2759; x_wconf 90' lang='lat' dir='ltr'>codd.</span> <span class='ocrx_word' id='word_1_272' title='bbox 383 2736 429 2760; x_wconf 88' lang='lat'>12</span> <span class='ocrx_word' id='word_1_273' title='bbox 461 2723 688 2774; x_wconf 83' lang='lat' dir='ltr'>Epidromo</span> <span class='ocrx_word' id='word_1_274' title='bbox 710 2725 813 2765; x_wconf 88' lang='lat' dir='ltr'>BT:</span> <span class='ocrx_word' id='word_1_275' title='bbox 848 2727 1066 2777; x_wconf 88' lang='lat' dir='ltr'>Epitromo</span> <span class='ocrx_word' id='word_1_276' title='bbox 1086 2728 1133 2766; x_wconf 88' lang='lat' dir='ltr'><em>K</em></span> <span class='ocrx_word' id='word_1_277' title='bbox 1265 2731 1392 2780; x_wconf 86' lang='lat' dir='ltr'>ampl.</span> <span class='ocrx_word' id='word_1_278' title='bbox 1417 2732 1518 2771; x_wconf 89' lang='lat' dir='ltr'>BT:</span> <span class='ocrx_word' id='word_1_279' title='bbox 1553 2733 1789 2773; x_wconf 84' lang='lat' dir='ltr'>altitudinis</span> <span class='ocrx_word' id='word_1_280' title='bbox 1805 2735 1850 2774; x_wconf 90' lang='lat' dir='ltr'><em>K</em></span> 
     </span>
     <span class='ocr_line' id='line_1_34' title="bbox 110 2775 1847 2831; baseline 0.01 -20"><span class='ocrx_word' id='word_1_281' title='bbox 110 2787 157 2823; x_wconf 87' lang='lat'>13</span> <span class='ocrx_word' id='word_1_282' title='bbox 189 2775 338 2814; x_wconf 83' lang='lat' dir='ltr'>Dalum</span> <span class='ocrx_word' id='word_1_283' title='bbox 377 2778 488 2818; x_wconf 90' lang='lat' dir='ltr'>codd.</span> <span class='ocrx_word' id='word_1_284' title='bbox 706 2793 752 2828; x_wconf 90' lang='lat'>14</span> <span class='ocrx_word' id='word_1_285' title='bbox 785 2782 1005 2831; x_wconf 86' lang='lat' dir='ltr'>dirigendo</span> <span class='ocrx_word' id='word_1_286' title='bbox 1042 2783 1083 2821; x_wconf 86' lang='grc' dir='ltr'><em>Β</em></span> <span class='ocrx_word' id='word_1_287' title='bbox 1262 2793 1580 2826; x_wconf 86' lang='lat' dir='ltr'>conmentatum</span> <span class='ocrx_word' id='word_1_288' title='bbox 1626 2787 1686 2827; x_wconf 84' lang='lat' dir='ltr'>T:</span> <span class='ocrx_word' id='word_1_289' title='bbox 1734 2802 1847 2828; x_wconf 92' lang='lat' dir='ltr'>com-</span> 
     </span>
     <span class='ocr_line' id='line_1_35' title="bbox 105 2831 1851 2888; baseline 0.01 -22"><span class='ocrx_word' id='word_1_290' title='bbox 105 2831 346 2869; x_wconf 90' lang='lat' dir='ltr'>mendatum</span> <span class='ocrx_word' id='word_1_291' title='bbox 366 2831 452 2869; x_wconf 90' lang='grc' dir='ltr'>ΒΚ</span> <span class='ocrx_word' id='word_1_292' title='bbox 620 2847 668 2884; x_wconf 92' lang='lat'>19</span> <span class='ocrx_word' id='word_1_293' title='bbox 697 2835 867 2884; x_wconf 86' lang='lat' dir='ltr'>colliget</span> <span class='ocrx_word' id='word_1_294' title='bbox 887 2837 933 2875; x_wconf 89' lang='lat' dir='ltr'><em>K</em></span> <span class='ocrx_word' id='word_1_295' title='bbox 1108 2851 1160 2877; x_wconf 88' lang='lat'>20</span> <span class='ocrx_word' id='word_1_296' title='bbox 1188 2841 1301 2888; x_wconf 91' lang='lat' dir='ltr'>quod</span> <span class='ocrx_word' id='word_1_297' title='bbox 1322 2853 1403 2879; x_wconf 84' lang='lat' dir='ltr'>om.</span> <span class='ocrx_word' id='word_1_298' title='bbox 1426 2842 1474 2880; x_wconf 88' lang='lat' dir='ltr'><em>K</em></span> <span class='ocrx_word' id='word_1_299' title='bbox 1599 2843 1785 2882; x_wconf 85' lang='lat' dir='ltr'>existent</span> <span class='ocrx_word' id='word_1_300' title='bbox 1804 2845 1851 2883; x_wconf 91' lang='lat' dir='ltr'><em>K</em></span> 
     </span>
     <span class='ocr_line' id='line_1_36' title="bbox 105 2884 1848 2940; baseline 0.009 -19"><span class='ocrx_word' id='word_1_301' title='bbox 105 2896 154 2921; x_wconf 88' lang='lat'>21</span> <span class='ocrx_word' id='word_1_302' title='bbox 186 2897 309 2933; x_wconf 89' lang='lat' dir='ltr'>quem</span> <span class='ocrx_word' id='word_1_303' title='bbox 330 2884 432 2925; x_wconf 87' lang='lat' dir='ltr'>BT:</span> <span class='ocrx_word' id='word_1_304' title='bbox 463 2888 663 2936; x_wconf 90' lang='lat' dir='ltr'>quoniam</span> <span class='ocrx_word' id='word_1_305' title='bbox 685 2888 774 2927; x_wconf 89' lang='lat' dir='ltr'>KN</span> <span class='ocrx_word' id='word_1_306' title='bbox 921 2905 973 2940; x_wconf 84' lang='lat'>23</span> <span class='ocrx_word' id='word_1_307' title='bbox 1003 2893 1174 2931; x_wconf 88' lang='lat' dir='ltr'>fuerunt</span> <span class='ocrx_word' id='word_1_308' title='bbox 1194 2893 1235 2931; x_wconf 88' lang='grc' dir='ltr'><em>Β</em></span> <span class='ocrx_word' id='word_1_309' title='bbox 1358 2895 1514 2935; x_wconf 86' lang='lat' dir='ltr'>Restes</span> <span class='ocrx_word' id='word_1_310' title='bbox 1529 2927 1537 2935; x_wconf 93' lang='lat'>.</span> <span class='ocrx_word' id='word_1_311' title='bbox 1560 2927 1568 2935; x_wconf 91' lang='lat'>.</span> <span class='ocrx_word' id='word_1_312' title='bbox 1590 2927 1599 2936; x_wconf 87' lang='lat'><strong>.</strong></span> <span class='ocrx_word' id='word_1_313' title='bbox 1620 2899 1848 2937; x_wconf 87' lang='lat' dir='ltr'>tendantur</span> 
     </span>
     <span class='ocr_line' id='line_1_37' title="bbox 95 2938 1851 2992; baseline 0.009 -16"><span class='ocrx_word' id='word_1_314' title='bbox 95 2941 194 2987; x_wconf 83' lang='lat' dir='ltr'>post</span> <span class='ocrx_word' id='word_1_315' title='bbox 211 2938 269 2977; x_wconf 89' lang='lat' dir='ltr'>ita</span> <span class='ocrx_word' id='word_1_316' title='bbox 288 2939 388 2978; x_wconf 91' lang='lat' dir='ltr'>dicti</span> <span class='ocrx_word' id='word_1_317' title='bbox 409 2941 500 2980; x_wconf 90' lang='grc' dir='ltr'>ΚΝ</span> <span class='ocrx_word' id='word_1_318' title='bbox 758 2945 846 2983; x_wconf 91' lang='lat' dir='ltr'>sive</span> <span class='ocrx_word' id='word_1_319' title='bbox 866 2945 1015 2985; x_wconf 88' lang='lat' dir='ltr'><em>BTU:</em></span> <span class='ocrx_word' id='word_1_320' title='bbox 1044 2953 1144 2986; x_wconf 90' lang='lat' dir='ltr'>sunt</span> <span class='ocrx_word' id='word_1_321' title='bbox 1164 2947 1253 2986; x_wconf 88' lang='lat' dir='ltr'>KN</span> <span class='ocrx_word' id='word_1_322' title='bbox 1511 2964 1568 2990; x_wconf 86' lang='lat' dir='ltr'>ra.</span> <span class='ocrx_word' id='word_1_323' title='bbox 1595 2951 1651 2990; x_wconf 92' lang='lat' dir='ltr'>ibi</span> <span class='ocrx_word' id='word_1_324' title='bbox 1672 2959 1784 2992; x_wconf 90' lang='lat' dir='ltr'>cont.</span> <span class='ocrx_word' id='word_1_325' title='bbox 1815 2954 1851 2992; x_wconf 91' lang='lat' dir='ltr'><em>T</em></span> 
     </span>
     <span class='ocr_line' id='line_1_38' title="bbox 103 2992 1849 3055; baseline 0.01 -26"><span class='ocrx_word' id='word_1_326' title='bbox 103 3003 154 3040; x_wconf 86' lang='lat'>25</span> <span class='ocrx_word' id='word_1_327' title='bbox 185 2992 348 3031; x_wconf 89' lang='lat' dir='ltr'>navium</span> <span class='ocrx_word' id='word_1_328' title='bbox 372 3025 380 3034; x_wconf 93' lang='lat'>.</span> <span class='ocrx_word' id='word_1_329' title='bbox 402 3023 410 3033; x_wconf 91' lang='lat'>.</span> <span class='ocrx_word' id='word_1_330' title='bbox 435 3025 444 3034; x_wconf 89' lang='lat'>.</span> <span class='ocrx_word' id='word_1_331' title='bbox 471 2995 623 3045; x_wconf 85' lang='lat' dir='ltr'>Spirae</span> <span class='ocrx_word' id='word_1_332' title='bbox 645 2998 769 3037; x_wconf 88' lang='lat' dir='ltr'>funes</span> <span class='ocrx_word' id='word_1_333' title='bbox 789 3013 870 3039; x_wconf 84' lang='lat' dir='ltr'>om.</span> <span class='ocrx_word' id='word_1_334' title='bbox 903 3000 941 3039; x_wconf 93' lang='lat' dir='ltr'><em>T</em></span> <span class='ocrx_word' id='word_1_335' title='bbox 1076 3004 1129 3040; x_wconf 86' lang='lat'>26</span> <span class='ocrx_word' id='word_1_336' title='bbox 1158 3003 1279 3055; x_wconf 23' lang='lat' dir='ltr'>qua-s]</span> <span class='ocrx_word' id='word_1_337' title='bbox 1305 3018 1411 3054; x_wconf 82' lang='lat' dir='ltr'>quos</span> <span class='ocrx_word' id='word_1_338' title='bbox 1431 3005 1471 3043; x_wconf 88' lang='grc' dir='ltr'><em>Β</em></span> <span class='ocrx_word' id='word_1_339' title='bbox 1582 3008 1786 3046; x_wconf 86' lang='lat' dir='ltr'>cocurbas</span> <span class='ocrx_word' id='word_1_340' title='bbox 1803 3009 1849 3047; x_wconf 91' lang='lat' dir='ltr'><em>K</em></span> 
     </span>
    </p>
   </div>
   <div class='ocr_carea' id='block_1_4' title="bbox 102 3048 1842 3140">
    <p class='ocr_par' dir='ltr' id='par_1_15' title="bbox 102 3048 1842 3140">
     <span class='ocr_line' id='line_1_39' title="bbox 103 3048 1842 3139; baseline 0.01 -56"><span class='ocrx_word' id='word_1_341' title='bbox 103 3048 297 3138; x_wconf 62' lang='lat' dir='ltr'>²7l.⁵pira</span> <span class='ocrx_word' id='word_1_342' title='bbox 314 3048 360 3139; x_wconf 51' lang='grc' dir='ltr'>ξ</span> <span class='ocrx_word' id='word_1_343' title='bbox 505 3051 626 3090; x_wconf 88' lang='lat' dir='ltr'>funes</span> <span class='ocrx_word' id='word_1_344' title='bbox 647 3052 693 3090; x_wconf 92' lang='lat' dir='ltr'><em>K</em></span> <span class='ocrx_word' id='word_1_345' title='bbox 836 3066 919 3103; x_wconf 90' lang='lat' dir='ltr'>quo</span> <span class='ocrx_word' id='word_1_346' title='bbox 942 3068 1016 3104; x_wconf 91' lang='lat' dir='ltr'>pes</span> <span class='ocrx_word' id='word_1_347' title='bbox 1038 3069 1164 3106; x_wconf 77' lang='lat' dir='ltr'><em>usque</em></span> <span class='ocrx_word' id='word_1_348' title='bbox 1183 3057 1242 3096; x_wconf 82' lang='lat' dir='ltr'>ad</span> <span class='ocrx_word' id='word_1_349' title='bbox 1255 3057 1530 3099; x_wconf 84' lang='lat' dir='ltr'>Tormentum</span> <span class='ocrx_word' id='word_1_350' title='bbox 1553 3061 1663 3100; x_wconf 83' lang='lat' dir='ltr'>funis</span> <span class='ocrx_word' id='word_1_351' title='bbox 1684 3075 1766 3102; x_wconf 81' lang='lat' dir='ltr'>om.</span> <span class='ocrx_word' id='word_1_352' title='bbox 1790 3062 1842 3100; x_wconf 76' lang='lat' dir='ltr'>Vl</span> 
     </span>
     <span class='ocr_line' id='line_1_40' title="bbox 102 3113 286 3140; baseline 0.005 -1"><span class='ocrx_word' id='word_1_353' title='bbox 102 3113 152 3139; x_wconf 91' lang='lat' dir='ltr'>ve</span> <span class='ocrx_word' id='word_1_354' title='bbox 171 3114 183 3138; x_wconf 89' lang='lat'>1</span> <span class='ocrx_word' id='word_1_355' title='bbox 204 3114 286 3140; x_wconf 85' lang='lat' dir='ltr'>om.</span> 
     </span>
    </p>
   </div>
  </div>
 </body>
</html>
