2228 3444
1106 177 1380 225 ISIDORI

371 307 631 370 agentibus
657 323 869 371 agonem
904 316 952 356 et
986 307 1357 371 quinquennale
1387 317 1649 369 certamen,
1679 316 1910 372 quattuor
1942 309 2119 359 mediis

368 388 511 437 annis
539 389 829 438 vacantibus
852 409 865 450 3
901 399 949 438 et
981 390 1048 438 ob
1078 391 1175 438 hoc
1210 389 1411 439 Elidum
1443 390 1723 439 certaminis
1749 400 1943 454 tempus
1971 393 2120 454 olym-

369 470 569 534 piadem
601 481 914 531 vocaverunt,
948 471 1274 535 quadriennio
1308 471 1357 519 in
1392 489 1491 521 una
1524 472 1806 536 olympiade
1836 482 2118 536 supputato.

315 567 345 602 2
369 555 602 603 Lustrum
629 571 744 603 vero
771 563 844 603 est
869 555 1147 617 πεντετηρίς,
1169 553 1221 603 id
1247 563 1321 603 est
1347 553 1758 618 quinquennium,
1788 555 1922 618 quod
1943 553 2118 617 quinto

365 652 499 684 anno
515 636 693 686 dicitur
711 636 862 685 condi
887 646 1085 700 propter
1110 635 1417 699 olympiadas
1442 653 1470 684 a
1498 636 1737 686 Romanis
1757 655 1769 697 3
1804 637 1968 685 adhuc
1985 635 2117 685 enim
2142 658 2164 698 5

366 719 611 778 consules,
650 719 815 767 adhuc
851 735 963 767 aera
999 720 1225 767 nondum
1258 727 1372 767 erat.
1449 720 1539 767 Est
1578 718 1711 767 enirn
1749 719 2117 781 quinquennale

367 808 578 863 tempus.
656 802 780 850 Ideo
822 818 938 850 vero
981 800 1050 849 sic
1093 809 1337 860 vocatum,
1381 818 1440 849 eo
1484 803 1620 863 quod
1656 817 1808 849 censu
1851 817 1937 863 per
1980 801 2119 863 quin-

315 897 344 943 3
367 882 640 944 quennium
662 882 711 930 in
728 882 980 946 republica
995 892 1194 946 peracto
1216 883 1331 931 urbs
1354 885 1518 931 Roma
1533 882 1841 931 lustrabatur.
1895 881 2115 930 Iubileus

367 964 711 1028 interpretatur
737 964 1040 1014 remissionis
1065 983 1238 1014 annus.
1316 967 1404 1013 Est
1431 964 1562 1013 enim
1591 964 1872 1013 Hebraicus
1890 974 1938 1013 et
1955 981 2115 1012 sermo

369 1056 416 1095 et
442 1063 690 1107 numerus,
720 1046 804 1110 qui
837 1046 1052 1110 septenis
1087 1064 1332 1095 annorum
1359 1045 1776 1105 hebdomadibus,
1806 1047 1856 1094 id
1882 1056 1969 1105 est,
1999 1062 2115 1108 qua·
2144 1067 2192 1095 10

365 1128 590 1192 draginta
617 1146 795 1178 novem
822 1129 964 1177 annis
990 1128 1167 1178 texitur
1185 1147 1197 1190 3
1222 1128 1272 1176 in
1299 1145 1398 1192 quo
1425 1129 1778 1191 clangebantur
1797 1128 1961 1188 tubae,
1981 1137 2027 1176 et
2052 1129 2116 1175 ad

366 1227 541 1260 omnes
579 1212 912 1261 revertebatur
955 1211 1159 1274 antiqua
1202 1210 1463 1275 possessio,
1505 1211 1673 1259 debita
1716 1210 2113 1268 absolvebantur,

308 1315 340 1361 4
365 1294 789 1342 confirmabantur
824 1293 1087 1343 libertates.
1172 1295 1327 1340 Hunc
1364 1309 1625 1340 numerum
1665 1291 1813 1340 etiam
1850 1291 1899 1339 in
1938 1291 2115 1341 diebus

367 1378 700 1425 Pentecosten
737 1386 784 1425 et
822 1375 914 1439 ipsi
952 1375 1260 1424 celebramus
1297 1384 1409 1437 post
1449 1373 1654 1423 Domini
1691 1373 2112 1432 resurrectionem,

366 1458 569 1507 remissa
607 1460 753 1522 culpa
790 1468 838 1507 et
872 1458 1021 1507 totius
1053 1457 1209 1506 debiti
1243 1458 1570 1520 chirographo
1604 1464 1853 1516 evacuato,
1881 1456 1946 1504 ab
1979 1453 2116 1504 omni
2142 1475 2189 1515 15

366 1557 494 1590 nexu
531 1540 672 1590 liberi
713 1540 1036 1604 suscipientes
1076 1540 1424 1589 advenientem
1459 1538 1509 1587 in
1543 1556 1634 1588 nos
1667 1538 1870 1602 gratiam
1908 1537 2114 1601 Spiritus

366 1623 535 1672 sancti.

104 1722 341 1762 XXXV111
503 1709 585 1754 DE
612 1720 850 1754 SAECVLIS
878 1721 943 1753 ET
975 1719 1272 1753 AETATIBVS.
1348 1706 1554 1753 Saecula
1577 1702 1977 1767 generationibus
2003 1721 2117 1752 con-

366 1797 531 1848 stant3
570 1797 617 1836 et
657 1788 772 1837 inde
810 1790 1017 1847 saecula,
1055 1789 1191 1850 quod
1227 1803 1279 1836 se
1313 1795 1608 1849 sequantur:
1644 1784 1944 1834 abeuntibus
1982 1785 2113 1834 enim

366 1870 472 1919 aliis
506 1869 601 1919 alia
633 1872 918 1919 succedunt.
995 1872 1151 1917 Hunc
1187 1868 1388 1932 quidam
1428 1867 1889 1931 quinquagesimum
1927 1884 2114 1915 annum
2141 1885 2191 1912 20

313 1967 343 2001 2
367 1952 552 2013 dicunt,
583 1970 731 2016 quem
761 1951 983 2001 Hebraei
1016 1951 1255 2001 iubileum
1289 1959 1481 1999 vocant.
1557 1951 1639 1999 Ob
1673 1951 1802 1998 hanc
1834 1966 2034 1998 causam
2067 1959 2115 1998 et

366 2035 446 2084 ille
482 2035 757 2095 Hebraeus,
787 2034 872 2098 qui
906 2043 1103 2098 propter
1136 2050 1339 2082 uxorem
1373 2042 1420 2081 et
1451 2032 1632 2081 liberos
1657 2049 1828 2080 amans
1854 2031 2115 2080 dominum

366 2134 510 2165 suum
537 2134 653 2166 aure
679 2125 876 2181 pertusa
901 2115 1098 2166 servitio
1124 2115 1426 2179 subiugatus,
1456 2113 1633 2163 servire
1653 2113 1847 2162 iubetur
1871 2113 1923 2161 in
1952 2130 2115 2162 saecu-

312 2218 342 2264 3
365 2202 483 2259 lum,
523 2200 618 2248 hoc
655 2209 727 2248 est
764 2217 920 2262 usque
956 2200 1021 2248 ad
1053 2215 1239 2246 annum
1278 2195 1755 2260 quinquagesimum.
1831 2198 1981 2244 Aetas
2017 2197 2115 2258 ple-

366 2299 574 2345 rumque
595 2281 773 2330 dicitur
791 2291 838 2330 et
864 2298 952 2344 pro
979 2298 1080 2330 uno
1104 2297 1250 2339 anno,
1274 2289 1327 2328 ut
1352 2279 1401 2327 in
1427 2278 1703 2338 annalibus,
1726 2287 1774 2327 et
1798 2295 1887 2341 pro
1907 2286 2109 2340 septem,
2140 2294 2160 2322 2
2167 2295 2188 2334 5

365 2373 419 2412 ut
455 2363 686 2424 hominis,
715 2372 763 2413 et
793 2380 881 2427 pro
916 2371 1133 2422 centum,
1161 2370 1210 2411 et
1244 2378 1332 2424 pro
1367 2359 1542 2423 quovis
1574 2368 1810 2422 tempore.
1884 2360 2033 2408 Vnde
2066 2368 2115 2407 et

365 2454 499 2495 aetas
551 2456 761 2509 tempus,
803 2447 938 2508 quod
989 2447 1053 2494 de
1096 2443 1262 2492 multis
1301 2441 1507 2492 saeculis
1545 2440 1809 2490 instruitur.
1883 2441 1947 2488 Et
1983 2440 2116 2490 dicta

420 2589 444 2614 2
475 2575 675 2627 eolydum
692 2573 759 2614 K:
792 2575 979 2615 Eliorum
996 2574 1194 2613 Schwarz
1211 2563 1219 2569 ⁴
1331 2586 1355 2621 4
1385 2570 1636 2623 πεντετηρίς]
1658 2571 1858 2622 pentesin
1882 2569 1983 2609 CK:
2013 2583 2114 2620 pen-

366 2631 572 2670 teteresin
593 2630 681 2669 BT
826 2632 853 2668 6
883 2629 1091 2681 nondum]
1114 2641 1200 2667 non
1229 2626 1266 2665 T
1433 2639 1454 2676 7
1485 2627 1544 2666 sic
1565 2639 1646 2666 om.
1670 2625 1716 2663 K
1837 2637 2009 2664 censum
2030 2655 2040 2664 .
2067 2655 2076 2664 .
2106 2655 2114 2664 .

364 2691 586 2737 peractum
606 2684 653 2722 K
838 2686 862 2722 8
893 2685 1006 2723 orbis
1028 2684 1077 2723 C¹
1096 2698 1104 2722 ε
1135 2683 1247 2721 urbis
1267 2681 1356 2720 KT
1534 2695 1561 2732 9
1590 2693 1788 2720 sermone
1811 2686 1853 2719 et
1874 2693 2052 2718 numeru
2071 2679 2118 2718 K

369 2754 413 2778 11
447 2740 604 2780 texitur
622 2753 707 2780 om.
726 2738 772 2776 K
784 2739 887 2791 (non
902 2739 967 2792 A)
1084 2752 1132 2776 12
1163 2750 1331 2776 omnem
1348 2737 1563 2775 hominem
1578 2749 1664 2775 rev.
1686 2734 1732 2772 K
1838 2735 2114 2774 adsolveban-

366 2801 434 2834 tur
457 2795 518 2834 T:
538 2795 864 2835 solvebanturB
978 2806 1026 2843 13
1056 2793 1228 2832 libertas
1248 2791 1283 2830 C
1363 2792 1490 2831 etiam
1504 2805 1588 2831 om.
1605 2790 1652 2829 K
1762 2802 1811 2839 14
1841 2794 2114 2840 pentecostes

365 2851 457 2890 dett.
572 2850 793 2888 cebramus
808 2847 855 2886 K
963 2847 1136 2887 Domini
1152 2861 1232 2886 om.
1258 2846 1295 2884 T
1403 2858 1451 2895 15
1473 2845 1739 2896 cyrografum
1754 2845 1848 2883 deb.
1868 2849 2113 2883 evacuatum

365 2904 412 2942 K
683 2915 932 2943 xxxvm—xx
961 2903 1191 2942 Pleniorem
1220 2905 1475 2953 apparatum
1505 2901 1549 2939 in
1577 2900 1744 2939 editione
1772 2898 2114 2937 Mommseniana

365 2960 651 2999 chronicorum
670 2958 826 2998 Isidori
843 2959 1020 2997 invenies
1147 2969 1196 3007 19
1225 2969 1272 2995 se
1291 2969 1373 2996 om.
1387 2955 1472 2994 BT
1577 2968 1631 2993 20
1661 2954 1755 2992 aliis
1775 2954 1846 2991 alii
1866 2953 1945 2992 BC
1960 2967 1969 2992 ε
1999 2953 2054 2992 ali
2082 2951 2120 2990 T

366 3027 418 3063 23
447 3028 472 3053 a
493 3028 603 3054 serv.
627 3013 864 3063 subiugatis
887 3013 944 3051 C:
974 3026 1054 3051 om.
1077 3011 1123 3050 K
1142 3014 1245 3062 (non
1263 3010 1330 3061 A)
1568 3022 1621 3057 24
1650 3009 1733 3047 hoc
1754 3014 1819 3047 est
1840 3007 1882 3046 id
1902 3013 1968 3046 est
1988 3021 2048 3046 us.
2070 3005 2117 3044 K

364 3080 416 3117 25
446 3074 490 3107 et
505 3082 588 3109 om.
610 3068 656 3106 K
676 3069 780 3121 (non
798 3067 861 3119 A)
1029 3067 1070 3105 in
1093 3079 1176 3106 om.
1199 3065 1240 3104 B
1405 3064 1639 3103 amnalibus
1661 3061 1710 3101 Cl
1732 3076 1742 3101 ι
1770 3062 2023 3102 animalibus
2041 3060 2087 3100 K
2104 3075 2114 3100 ι

363 3124 614 3163 annualibus
642 3122 679 3161 T
840 3123 892 3160 26
922 3127 1084 3160 certum
1106 3121 1140 3160 C
1146 3123 1154 3144 ²
1292 3120 1405 3158 unde
1426 3126 1519 3159 etas
1547 3117 1584 3156 T
