2228 3444
520 198 1153 247 ETYMOLOGIARVM
1195 196 1324 244 LIB.
1368 198 1435 243 ΙΙ.
1477 194 1584 242 xxix

174 327 437 389 Quaeritur
464 326 595 375 enim
623 328 744 389 quid
774 343 946 374 avarus
973 326 1046 385 sit,
1077 325 1196 389 quid
1223 327 1447 384 crudelis,
1477 324 1596 387 quid
1629 323 1922 383 luxuriosus,

172 419 219 458 et
254 408 478 457 universa
511 408 759 467 luxuriosi,
792 407 937 467 avari,
965 407 1177 459 crudelis
1212 416 1385 455 natura
1418 405 1710 455 describitur
1727 425 1740 466 3
1777 415 1844 464 ut,
1882 406 1920 452 si

171 490 472 539 luxuriosum
511 492 739 538 volumus
776 488 994 548 definire,
1028 488 1268 537 dicimus:
1314 487 1615 536 Luxuriosus
1653 496 1726 535 est
1762 486 1918 534 victus

172 589 272 620 non
311 571 585 630 necessarii,
616 573 703 619 sed
738 570 1014 634 sumptuosi
1049 580 1097 619 et
1131 570 1326 619 onerosi
1359 579 1616 633 appetens,
1642 569 1690 616 in
1732 567 1919 617 deliciis

122 679 143 718 5
171 655 409 713 adfluens,
421 653 471 700 in
487 652 694 701 libidine
710 661 982 716 promptus.
1014 654 1157 700 Haec
1173 661 1221 700 et
1237 651 1331 700 alia
1341 653 1586 700 definiunt
1600 650 1917 709 luxuriosum,

172 737 259 783 sed
302 752 388 798 per
429 733 813 797 descriptionem
858 733 1117 782 definiunt.
1206 735 1348 795 Quae
1388 733 1577 796 species
1616 731 1918 781 definitionis

171 817 444 865 oratoribus
485 818 638 879 magis
680 826 795 879 apta
835 825 908 864 est
951 833 1101 879 quarn
1143 815 1442 875 Dialecticis,
1482 814 1598 877 quia
1636 813 1921 862 latitudines

171 899 335 957 habet,
375 914 502 961 quae
540 897 812 946 similitudo
850 896 900 944 in
938 897 1082 945 bonis
1119 898 1266 946 rebus
1316 896 1515 959 ponitur
1565 904 1613 945 et
1662 898 1713 944 in
1761 894 1918 943 malis.

173 978 361 1038 Quinta
393 975 582 1039 species
620 974 922 1024 definitionis
961 984 1047 1034 est,
1076 992 1225 1038 quam
1260 976 1452 1024 Graece
1483 977 1599 1024 κατὰ
1624 972 1917 1040 [ἀντί]λεξιν,
1945 975 1980 1020 6

100 1085 148 1112 10
171 1058 346 1107 Latine
377 1055 710 1123 adverb[i]um
743 1056 967 1105 dicimus.
1046 1059 1190 1105 Haec
1223 1073 1397 1106 vocem
1428 1056 1575 1116 illam,
1605 1058 1667 1105 de
1702 1056 1839 1104 cuius
1870 1072 1921 1104 re

170 1140 430 1204 quaeritur,
453 1141 550 1187 alio
578 1155 804 1188 sermone
830 1138 1068 1202 designat,
1098 1156 1199 1187 uno
1225 1156 1282 1187 ac
1309 1138 1540 1202 singulari
1561 1158 1573 1198 3
1610 1148 1657 1187 et
1683 1140 1921 1202 quodam-

170 1222 322 1269 modo
374 1221 494 1283 quid
532 1221 653 1270 illud
692 1221 751 1269 sit
789 1221 838 1268 in
877 1238 978 1269 uno
1019 1223 1170 1270 verbo
1208 1221 1441 1284 positum,
1482 1238 1583 1269 uno
1621 1221 1773 1270 verbo
1823 1219 1919 1268 alio

169 1303 398 1362 declarat,
435 1312 515 1351 ut:
558 1302 938 1353 ‘Conticescere
973 1311 1046 1351 est
1078 1304 1269 1350 tacere.'
1343 1304 1470 1350 Item
1506 1319 1618 1350 cum
1653 1302 1916 1351 terminum

169 1383 380 1432 dicimus
398 1386 561 1443 finem,
584 1394 668 1433 aut
688 1387 947 1448 populatas
974 1384 1318 1447 interpretatur
1344 1401 1450 1433 esse
1476 1393 1699 1433 vastatas.
1775 1386 1920 1432 Sexta
1942 1397 1971 1446 7

98 1492 142 1532 15
169 1466 358 1529 species
395 1467 699 1516 definitionis
735 1476 825 1527 est,
859 1483 1009 1529 quam
1048 1466 1225 1515 Graeci
1270 1469 1386 1515 κατὰ
1424 1468 1666 1530 διαφοράν,
1703 1482 1794 1514 nos
1834 1482 1919 1528 per

168 1547 493 1597 differentiam
528 1549 752 1598 dicimus.
829 1548 1100 1612 Scriptores
1127 1565 1241 1597 vero
1267 1549 1444 1598 artium
1472 1551 1536 1598 de
1561 1550 1740 1598 eodem
1774 1558 1822 1597 et
1856 1550 1919 1597 de

166 1632 320 1678 altero
346 1630 621 1690 nominant,
650 1641 703 1679 ut
736 1648 850 1680 curn
877 1630 1125 1693 quaeritur
1162 1632 1282 1693 quid
1317 1630 1504 1679 intersit
1530 1630 1655 1679 inter
1679 1646 1843 1693 regem
1871 1639 1918 1678 et

167 1721 443 1774 tyrannum,
465 1713 658 1763 adiecta
684 1713 973 1774 differentia,
996 1714 1117 1776 quid
1144 1723 1350 1775 uterque
1377 1713 1437 1761 sit
1463 1714 1694 1762 definitur
1712 1731 1725 1773 3
1761 1712 1811 1761 id
1829 1721 1914 1772 est,

170 1810 252 1842 rex
277 1804 350 1843 est
376 1797 632 1844 modestus
659 1806 706 1845 et
731 1806 1025 1859 temperans,
1055 1805 1289 1859 tyrannus
1317 1812 1431 1844 vero
1448 1795 1611 1858 inpius
1639 1805 1686 1844 et
1712 1794 1912 1843 inmitis.

93 1902 145 1930 20
170 1876 390 1940 Septima
415 1879 604 1941 species
638 1878 942 1927 definitionis
976 1887 1066 1939 est,
1092 1894 1240 1940 quam
1274 1878 1450 1926 Graeci
1483 1881 1597 1926 κατὰ
1627 1879 1914 1941 μεταφοράν,
1942 1879 1972 1925 8

169 1957 332 2006 Latini
370 1976 455 2022 per
506 1959 876 2009 translationem
915 1962 1101 2019 dicunt,
1141 1969 1194 2008 ut
1233 1959 1409 2009 Cicero
1446 1959 1495 2007 in
1533 1960 1735 2022 Topicis
1775 1958 1916 2023 (32):

172 2039 338 2088 ‘Litus
359 2050 445 2101 est,
469 2058 567 2104 qua
585 2043 762 2090 fluctus
783 2043 970 2090 eludit.'
1027 2044 1144 2089 Hoc
1163 2041 1293 2090 varie
1313 2041 1505 2090 tractari
1521 2051 1695 2103 potest.
1756 2042 1917 2089 Modo

167 2121 300 2170 enim
318 2130 371 2170 ut
389 2132 602 2181 moneat,
626 2124 778 2171 modo
799 2133 851 2171 ut
872 2123 1109 2186 designet,
1133 2124 1286 2170 modo
1303 2132 1356 2170 ut
1375 2122 1617 2186 vituperet
1632 2132 1717 2171 aut
1732 2125 1915 2171 laudet.

169 2205 236 2250 Vt
279 2213 512 2252 moneat:
566 2205 844 2253 ‘Nobilitas
888 2213 961 2253 est
1002 2203 1189 2252 virtutis
1231 2203 1471 2252 maiorum
1515 2206 1649 2267 apud
1692 2214 1915 2267 posteros

95 2308 144 2348 25
170 2283 389 2334 sarcina.'
461 2287 528 2333 Vt
567 2285 821 2349 designet:
863 2290 873 2310 ‘
901 2289 1041 2348 Apex
1072 2294 1145 2334 est
1179 2303 1262 2333 arx
1287 2285 1535 2349 corporis.'
1606 2289 1673 2334 Vt
1713 2288 1912 2335 laudet:

172 2367 553 2416 ‘Adulescentia
593 2377 666 2416 est
699 2370 789 2417 flos
824 2368 1026 2417 aetatis.'
1099 2371 1166 2416 Vt
1200 2367 1472 2431 vituperet:
1523 2367 1769 2418 ‘Divitiae
1801 2379 1914 2417 sunt

168 2449 326 2498 brevis
352 2449 479 2498 vitae
504 2452 708 2514 longum
734 2450 997 2499 viaticum.'
1068 2451 1259 2500 Octava
1284 2452 1472 2513 species
1498 2451 1799 2500 definitionis
1827 2462 1912 2514 est,
1938 2463 1973 2509 9

167 2546 317 2593 quam
344 2531 520 2581 Graeci
548 2534 666 2581 κατὰ
691 2533 941 2595 ἀφαίρεσιν
966 2536 1049 2581 τοῦ
1075 2533 1291 2592 ἐναντίου,
1322 2532 1486 2581 Latini
1513 2550 1598 2596 per
1623 2531 1912 2595 privantiam

225 2672 242 2696 1
277 2660 390 2697 enim
407 2673 490 2700 om.
509 2660 554 2698 K
645 2674 669 2698 2
699 2667 742 2699 et
757 2661 872 2700 univ.
891 2661 977 2700 lux.
998 2674 1079 2700 om.
1098 2660 1190 2699 ΑΚ
1271 2661 1460 2700 universi
1480 2661 1530 2701 C1
1632 2675 1657 2711 4
1677 2663 1752 2700 sed
1769 2675 1851 2702 om.
1870 2663 1916 2700 K

166 2715 364 2753 onerosia
383 2714 438 2754 T:
457 2715 635 2754 honoris
650 2716 717 2754 K:
737 2716 922 2755 honores
941 2716 978 2754 Β
1073 2727 1098 2764 5
1120 2721 1161 2753 et
1177 2715 1275 2754 talia
1295 2716 1348 2755 T:
1368 2717 1467 2754 talia
1482 2715 1537 2754 Β1
1634 2718 1660 2754 6
1679 2730 1755 2766 per
1771 2717 1910 2755 distri-

167 2769 348 2807 ctionem
371 2769 429 2809 T:
461 2783 539 2820 per
559 2770 846 2809 discritionem
863 2771 909 2808 K
1034 2782 1055 2818 7
1087 2769 1353 2809 latitudinem
1377 2770 1414 2808 T
1518 2772 1543 2808 8
1572 2771 1698 2809 simili
1719 2772 1844 2809 modo
1866 2772 1909 2809 in

169 2823 441 2862 Cassiodorus
605 2839 632 2874 9
660 2825 916 2863 catatelexin
933 2825 978 2863 K
1082 2838 1131 2863 1o
1160 2825 1314 2864 dicitur
1335 2825 1372 2863 T
1460 2826 1514 2863 de
1534 2838 1617 2874 qua
1637 2825 1771 2874 requi.
1794 2824 1912 2865 Cass.

169 2890 217 2926 13
248 2883 357 2917 cont.
379 2883 457 2917 tac.
487 2878 524 2917 T
528 2879 541 2903 1
671 2892 719 2928 14
749 2879 976 2930 populatus
1003 2910 1011 2918 .
1034 2909 1043 2919 .
1067 2908 1076 2918 .
1104 2911 1113 2919 .
1134 2884 1324 2918 vastatus
1351 2879 1388 2918 T
1491 2881 1817 2930 interpretamur
1834 2879 1914 2918 BC

170 2943 218 2980 15
248 2938 314 2971 est
345 2946 426 2974 om.
458 2933 514 2971 Β1
600 2946 679 2972 nos
711 2933 799 2973 diff.
831 2934 878 2972 K
1003 2947 1052 2983 19
1089 2939 1352 2984 temperatus
1379 2934 1425 2973 K
1544 2948 1595 2972 22
1625 2933 1724 2985 qua]
1756 2946 1839 2983 quo
1869 2934 1911 2972 Β

167 2986 297 3026 elidet
313 2987 359 3025 K
457 2994 543 3038 pot.
568 2989 692 3027 modo
709 2989 823 3027 enim
839 2994 885 3027 ut
901 2990 987 3028 des.
1008 3002 1090 3028 mo.
1107 2994 1151 3027 ut
1165 2989 1238 3028 vit.
1257 2995 1328 3028 aut
1343 2989 1426 3028 lau.
1445 2994 1515 3027 aut
1531 2994 1699 3027 moneat
1716 2988 1846 3027 nobil.
1865 2988 1911 3027 K

166 3053 218 3090 23
247 3042 390 3090 signet
409 3042 451 3079 A
647 3056 700 3092 24
730 3043 864 3082 virtus
884 3043 930 3081 K
949 3043 1054 3094 (non
1073 3043 1139 3096 A)
1278 3044 1500 3082 modorum
1521 3042 1632 3081 codd.
1654 3056 1663 3080 :
1691 3055 1791 3082 corr.
1813 3041 1906 3081 dett.

164 3107 216 3144 25
246 3096 378 3147 apex]
398 3102 526 3147 caput
539 3097 665 3137 Arev.
685 3097 754 3148 (ex
775 3097 913 3148 Cass)
1025 3111 1127 3137 arax
1151 3097 1210 3136 T:
1240 3110 1358 3136 arum
1377 3097 1426 3137 Cl
1536 3098 1590 3135 26
1617 3102 1690 3135 aut
1709 3096 1838 3147 vitup.
1859 3098 1894 3136 C
1896 3096 1909 3121 ¹

165 3161 216 3198 27
248 3150 440 3190 definitio
463 3152 563 3204 (om.
585 3155 670 3203 est)
693 3152 762 3190 K:
792 3159 857 3191 est
879 3153 957 3191 def.
975 3153 1016 3190 Β
1183 3153 1235 3190 28
1265 3166 1386 3201 quam
1409 3165 1457 3190 ex
1473 3151 1588 3200 quod
1607 3151 1648 3189 A
1671 3165 1680 3190 t
1710 3164 1836 3200 quem
1860 3151 1908 3189 Cl
