2176 3424
515 89 1143 142 ETYMOLOGIARVM
1185 89 1314 137 LIB.
1353 87 1441 134 XI.
1483 84 1530 133 iii

154 243 331 290 vorago
355 223 573 274 conlidit.
648 222 861 285 Fingunt
887 230 934 268 et
960 228 1178 267 monstra
1202 219 1447 281 quaedam
1474 215 1889 265 inrationabilium
1914 220 1978 268 33

151 306 491 365 animantium,
502 315 555 354 ut
571 301 1117 356 Cerberuminferorum
1134 315 1307 348 canem
1328 298 1418 347 tria
1432 297 1593 361 capita
1608 298 1890 356 habentem,

153 389 483 454 significantes
509 404 594 450 per
618 403 731 434 eum
758 395 853 434 tres
885 391 1070 432 aetates
1105 398 1191 445 per
1223 397 1343 444 quas
1378 397 1508 428 mors
1533 378 1788 428 hominem
1814 380 1895 427 de-

153 481 303 532 vorat,
347 470 398 519 id
441 480 512 518 est
555 467 826 526 infantiam,
869 465 1177 513 iuventutem
1225 472 1274 512 et
1316 470 1639 511 senectutem.
1728 462 1893 522 Quem

105 577 126 617 5
155 553 356 617 quidam
390 551 505 600 ideo
538 549 724 599 dictum
759 548 1029 599 Cerberum
1064 554 1239 609 putant
1272 543 1411 608 quasi
1445 541 1711 607 κρεοβόρος,
1738 541 1790 591 id
1822 551 1895 591 est

154 652 351 684 carnem
390 648 578 682 vorans.
655 630 840 678 Dicunt
879 638 926 677 et
966 630 1194 691 Hydram
1236 635 1513 689 serpentem
1558 642 1672 673 cum
1713 639 1895 672 novem
1918 631 1984 678 34

154 717 412 781 capitibus,
455 730 580 778 quae
623 712 799 761 Latine
837 720 1027 760 excetra
1071 709 1261 768 dicitur,
1304 709 1440 770 quod
1480 724 1581 755 uno
1620 722 1765 754 caeso
1807 706 1898 753 tria

154 801 314 863 capita
347 796 707 846 excrescebant.
794 795 892 842 Sed
927 802 1120 841 constat
1156 791 1382 854 Hydram
1416 791 1581 837 locum
1607 789 1757 837 fuisse
1789 803 1899 835 evo-

156 890 373 930 mentem
398 895 564 942 aquas,
583 885 855 925 vastantem
881 874 1093 923 vicinam
1120 872 1382 932 civitatem,
1405 870 1455 919 in
1481 888 1581 934 quo
1606 887 1707 918 uno
1734 878 1898 918 meatu

86 983 133 1011 10
155 965 323 1011 clauso
359 960 500 1009 multi
537 958 876 1021 erumpebant.
967 957 1120 1017 Quod
1159 956 1404 1003 Hercules
1440 953 1613 1002 videns
1650 954 1759 1001 loca
1794 952 1901 1014 ipsa

155 1043 350 1103 exussit,
379 1052 426 1091 et
452 1041 520 1090 sic
544 1056 703 1103 aquae
728 1038 903 1088 clausit
928 1046 1133 1086 meatus.
1192 1038 1322 1085 Nam
1348 1036 1501 1098 hydra
1526 1036 1590 1083 ab
1615 1051 1744 1097 aqua
1768 1034 1900 1083 dicta
1923 1042 1987 1091 35

156 1136 241 1176 est.
316 1124 480 1173 Huius
514 1124 819 1172 mentionem
845 1120 960 1169 facit
986 1118 1279 1168 Ambrosius
1305 1120 1355 1166 in
1389 1116 1763 1166 similitudinem
1789 1118 1900 1164 hae-

155 1209 349 1268 resium,
378 1207 548 1256 dicens
583 1205 667 1270 (de
694 1204 799 1253 Fid.
825 1222 864 1263 1,
885 1203 964 1267 4):
1013 1201 1276 1250 ‘Haeresis
1314 1200 1446 1249 enim
1485 1201 1617 1248 velut
1653 1199 1899 1262 quaedam

156 1292 309 1354 hydra
345 1289 618 1338 fabularum
662 1285 945 1335 vulneribus
983 1284 1082 1332 suis
1118 1285 1298 1343 crevit3
1352 1292 1399 1331 et
1438 1284 1558 1330 dum
1598 1297 1744 1344 saepe
1786 1280 1902 1329 reci-

46 1426 48 1430 ,
83 1391 131 1430 15
157 1373 299 1432 ditur,
341 1372 595 1434 pullulavit
631 1368 731 1432 igni
768 1367 935 1417 debita
980 1364 1314 1427 incendioque
1356 1365 1598 1428 peritura.'
1686 1362 1900 1426 Fingunt
1925 1367 1992 1423 36

157 1464 205 1503 et
239 1455 553 1504 Chimaeram
583 1450 853 1499 triformem
879 1448 1117 1498 bestiam:
1155 1464 1238 1495 ore
1272 1448 1365 1506 leo,
1394 1444 1654 1509 postremis
1680 1444 1901 1508 partibus

158 1538 321 1594 draco,
357 1534 520 1583 media
552 1549 741 1596 caprea.
815 1533 979 1593 Quam
1014 1529 1217 1593 quidam
1252 1527 1534 1591 Physiologi
1568 1543 1670 1575 non
1702 1526 1898 1587 animal,

160 1618 248 1666 sed
291 1616 494 1666 Ciliciae
536 1624 759 1663 montem
802 1629 909 1661 esse
949 1612 1101 1671 aiunt,
1140 1612 1441 1674 quibusdam
1484 1609 1605 1658 locis
1646 1610 1816 1658 leones
1857 1619 1904 1658 et

162 1715 359 1761 capreas
393 1698 705 1756 nutrientem,
733 1695 1032 1758 quibusdam
1066 1695 1336 1752 ardentem,
1366 1692 1666 1756 quibusdam
1699 1693 1904 1754 plenum

88 1796 139 1824 20
163 1778 482 1842 serpentibus.
559 1780 712 1825 Hunc
763 1777 1173 1839 Bellorophontes
1221 1774 1542 1823 habitabilem
1591 1775 1719 1834 fecit,
1772 1776 1905 1822 unde

163 1860 475 1911 Chimaeram
501 1861 678 1908 dicitur
703 1858 960 1907 occidisse.
1009 1858 1269 1907 Centauris
1294 1865 1459 1905 autem
1488 1855 1676 1918 species
1696 1855 1906 1904 vocabu·
1930 1864 1991 1913 37

161 1945 263 1991 lum
290 1941 482 2000 indidit,
510 1941 560 1990 id
586 1951 659 1989 est
685 1940 940 1990 hominem
966 1956 1096 2002 equo
1122 1939 1344 1998 mixtum,
1373 1954 1497 2001 quos
1528 1939 1731 2001 quidam
1758 1937 1907 1986 fuisse

163 2026 350 2088 equites
386 2024 739 2071 Thessalorum
774 2021 960 2081 dicunt,
990 2022 1077 2069 sed
1111 2037 1199 2084 pro
1233 2037 1293 2068 eo
1327 2021 1463 2082 quod
1496 2019 1823 2068 discurrentes
1857 2022 1906 2068 in

164 2107 295 2154 bello
337 2106 468 2154 velut
510 2121 663 2152 unum
707 2120 884 2166 corpus
928 2119 1168 2166 equorum
1216 2111 1264 2151 et
1306 2101 1567 2150 hominum
1609 2103 1903 2163 viderentur,

89 2202 139 2243 25
162 2187 279 2237 inde
305 2187 580 2237 Centauros
606 2187 746 2234 fictos
771 2187 1106 2234 adseruerunt.
1174 2187 1326 2233 Porro
1353 2183 1695 2232 Minotaurum
1721 2201 1904 2234 nomen
1928 2183 1994 2243 38

164 2268 430 2332 sumpsisse
450 2285 508 2316 ex
524 2276 663 2316 tauro
681 2277 728 2316 et
743 2268 961 2327 homine,
984 2268 1180 2330 qualem
1198 2267 1407 2315 bestiam
1424 2265 1596 2314 dicunt
1612 2266 1836 2314 fabulose
1856 2267 1905 2312 in

167 2350 470 2414 Labyrintho
496 2348 736 2397 inclusam
763 2348 926 2397 fuisse.
1002 2350 1080 2396 De
1106 2365 1204 2410 qua
1221 2346 1430 2397 Ovidius
1448 2347 1572 2411 (Art.
1592 2350 1703 2395 Am.
1728 2365 1769 2408 2,
1792 2346 1874 2413 24)
1898 2366 1907 2395 :

366 2431 783 2493 Semibovemque
820 2430 990 2490 virum,
1031 2429 1414 2492 semivirumque
1451 2430 1646 2479 bovem.

224 2576 240 2601 1
271 2561 584 2600 inrationalium
605 2560 693 2598 BT
796 2574 819 2598 2
848 2560 1031 2599 inferore
1046 2558 1102 2598 Β1
1122 2575 1129 2599 :
1150 2559 1410 2598 infernorum
1428 2559 1463 2598 C
1570 2573 1594 2609 3
1625 2574 1702 2611 per
1718 2573 1754 2599 e.
1775 2561 1852 2610 sig.
1871 2561 1911 2598 Β

167 2619 328 2656 deforat
351 2617 390 2656 T
547 2629 572 2664 4
602 2615 643 2653 id
660 2621 726 2654 est
748 2645 757 2655 .
781 2645 790 2655 .
816 2645 825 2655 .
849 2627 937 2654 sen.
961 2628 1044 2652 om.
1074 2613 1111 2651 T
1214 2621 1257 2653 et
1280 2627 1361 2654 om.
1385 2614 1435 2651 Β1
1601 2627 1625 2664 5
1656 2615 1776 2666 ideo]
1796 2615 1914 2654 itaK

166 2675 193 2710 6
213 2684 336 2711 voras
354 2669 404 2710 C1
507 2671 532 2708 8
552 2675 794 2709 vomentem
819 2669 857 2707 T
962 2682 1007 2707 11
1030 2670 1176 2718 sicque
1190 2669 1299 2709 clau.
1323 2668 1359 2706 T
1467 2682 1516 2718 13
1537 2670 1742 2720 quaedam
1758 2683 1839 2710 om.
1855 2670 1910 2707 Βι

172 2739 219 2775 14
239 2725 376 2777 vuln.]
390 2725 613 2764 heresibus
627 2724 667 2762 Β
754 2736 800 2773 Ι5
821 2724 996 2775 pullavit
1011 2723 1047 2763 C
1123 2723 1331 2775 peritura]
1347 2724 1487 2762 futura
1501 2724 1546 2762 K
1659 2738 1705 2774 17
1730 2737 1910 2774 capreae

171 2781 267 2820 CT:
299 2792 452 2831 caprae
474 2779 519 2818 K
534 2794 541 2819 :
574 2791 700 2828 capre
723 2785 770 2817 ut
788 2779 867 2818 vid.
889 2779 943 2817 B1
968 2780 1053 2830 (-ra
1073 2777 1148 2829 32)
1259 2778 1504 2828 philosophi
1523 2779 1562 2817 B
1675 2781 1723 2817 18
1754 2779 1910 2829 Lyciae

167 2835 208 2873 A
217 2849 293 2875 rev.
320 2836 389 2885 (ex
405 2833 520 2874 Serv.
543 2835 652 2873 Aen.
671 2834 710 2884 6,
734 2834 831 2883 288)
972 2845 1068 2872 esse
1088 2846 1169 2871 om.
1193 2831 1239 2870 K
1363 2833 1443 2871 loci
1482 2833 1519 2870 T
1679 2846 1727 2883 19
1757 2834 1911 2882 quibus

168 2891 255 2930 ard.
286 2889 339 2928 T1
505 2901 616 2939 serp.
638 2888 754 2937 plen.
779 2888 813 2927 C
989 2901 1037 2927 21
1072 2887 1273 2926 Centauri
1291 2886 1378 2925 ΒΚ
1535 2900 1586 2925 22
1617 2886 1745 2938 equo]
1767 2901 1846 2938 ego
1868 2888 1915 2926 K

171 2957 224 2994 23
253 2944 603 2994 equitessalorum
638 2942 675 2980 T
805 2943 949 2982 dicunt
975 2956 1055 2981 om.
1086 2941 1122 2979 T
1253 2942 1350 2994 pro]
1373 2956 1428 2981 ex
1457 2942 1501 2980 K
1664 2956 1716 2991 24
1747 2943 1836 2994 eq.]
1858 2957 1909 2982 eo

168 2998 411 3091 quorumlf
517 3010 569 3047 25
598 2999 851 3037 adseverant
878 2997 916 3035 T
1017 3002 1389 3036 monocentaurum
1413 2996 1492 3036 CT
1594 3009 1643 3046 27
1675 2997 1730 3038 fu.
1754 2998 1850 3039 incl.
1873 2998 1914 3036 B

197 3067 220 3092 e
239 3066 324 3103 quo
1196 3076 1198 3078 -
