2228 3444
1097 184 1372 233 ISIDORI

267 326 336 375 29
360 330 559 363 carnem
596 316 751 378 σάρκα
779 322 971 363 vocant.
1046 314 1223 362 Sciasis
1256 321 1430 362 vocata
1466 329 1495 362 a
1532 322 1668 377 parte
1704 311 1936 376 corporis,
1965 326 2115 374 quam

360 406 516 445 vexat.
573 399 705 446 Nam
724 397 1062 446 vertebrorum
1088 412 1213 456 ossa,
1236 412 1448 459 quorum
1473 395 1730 445 summitas
1755 395 1950 444 iliorum
1975 393 2116 443 initio

359 481 662 540 terminatur,
681 480 858 528 Graeci
876 480 1009 543 ἰσχία
1025 486 1219 528 vocant.
1282 477 1360 526 Fit
1375 482 1542 527 autem
1559 479 1622 527 de
1637 479 1868 541 phlegma
1887 475 2116 540 quotiens

268 579 336 625 30
361 561 672 612 descenderit
698 563 747 610 in
774 570 906 611 recta
932 577 1056 621 ossa,
1085 569 1133 610 et
1158 561 1363 610 efficitur
1392 561 1461 609 ibi
1493 558 1768 623 glutinatio.
1841 560 2116 622 Podagram

363 643 540 695 Graeci
559 662 588 693 a
607 645 883 693 retentione
908 645 1095 706 pedum
1115 642 1288 692 dicunt
1314 643 1635 702 nominatam,
1660 650 1708 691 et
1726 658 1755 690 a
1774 642 1908 690 ferali
1929 642 2114 690 dolore.
2141 661 2162 701 5

363 728 620 790 Siquidem
654 743 817 786 omne,
846 728 983 790 quod
1020 725 1192 774 inmite
1229 727 1383 784 fuerit,
1413 725 1617 774 abusive
1652 733 1840 788 agreste
1864 740 2116 773 vocamus.

287 822 343 868 31
364 809 623 859 Artriticus
651 809 851 859 morbus
881 808 944 857 ab
969 807 1287 857 articulorum
1313 807 1542 870 passione
1567 807 1865 856 vocabulum
1892 804 2115 868 sumpsit.

278 904 342 952 32
365 891 615 942 Cauculus
647 901 784 956 petra
819 901 891 940 est
923 907 1049 954 quae
1083 889 1133 938 in
1161 891 1320 939 vesica
1347 891 1414 950 fit,
1442 890 1576 939 unde
1610 898 1658 938 et
1691 905 1877 937 nomen
1909 886 2111 950 accepit.

276 988 339 1034 33
365 975 593 1038 Gignitur
626 984 792 1023 autem
825 992 883 1023 ex
918 973 1120 1022 materia
1145 972 1491 1036 phlegmatica.
1565 973 1845 1035 Stranguria
1870 969 2002 1019 dicta
2027 979 2114 1028 est,

275 1069 340 1117 34
362 1074 422 1106 eo
443 1059 579 1120 quod
606 1056 809 1120 stringat
835 1056 1084 1105 urinarum
1111 1054 1464 1104 difficultatem.
1528 1053 1767 1103 Satiriasis
1791 1052 1903 1116 iuge
1923 1051 2116 1102 deside·
2144 1071 2193 1099 10

361 1140 486 1187 rium
509 1140 715 1188 Veneris
737 1155 850 1187 cum
871 1139 1158 1187 extensione
1178 1138 1473 1185 naturalium
1494 1137 1731 1185 locorum.
1786 1134 1934 1183 Dicta
1952 1135 2117 1198 passio

162 1231 243 1282 35,
269 1221 337 1281 36
361 1239 389 1270 a
414 1219 607 1285 Satyris.
682 1220 874 1270 Diarria
899 1220 1023 1284 iugis
1050 1219 1232 1269 ventris
1259 1237 1428 1268 cursus
1453 1218 1559 1268 sine
1585 1217 1786 1267 vomitu.
1852 1215 2117 1265 Disinteria

363 1313 436 1354 est
461 1303 637 1353 divisio
663 1302 1064 1363 continuationis,
1094 1303 1145 1351 id
1180 1310 1253 1351 est
1285 1301 1520 1351 ulceratio
1551 1299 1781 1350 intestini.
1859 1299 1949 1348 Dis
1983 1300 2115 1348 enim

363 1386 539 1436 divisio
560 1396 646 1447 est,
668 1385 824 1434 intera
845 1386 1089 1434 intestina.
1149 1384 1227 1433 Fit
1246 1393 1411 1433 autem
1431 1385 1760 1433 antecedente
1780 1384 1946 1442 fluore,
1967 1399 2114 1445 quem

278 1479 340 1529 37
366 1467 541 1518 Graeci
565 1470 799 1532 διάρροιαν
819 1476 1011 1516 vocant.
1076 1466 1322 1516 Lienteria
1348 1466 1493 1527 dicta,
1517 1467 1653 1529 quod
1674 1464 1840 1513 cibum
1862 1474 2114 1527 tamquam
2146 1483 2190 1523 15

275 1553 339 1611 38
363 1568 448 1614 per
483 1550 611 1600 lenia
653 1552 915 1600 intestinae
952 1548 1098 1598 nullis
1135 1548 1450 1598 obstantibus
1487 1549 1631 1596 faciat
1667 1546 1871 1610 prolabi.
1946 1546 2117 1597 Colica

363 1633 527 1697 passio
557 1650 742 1682 nomen
779 1634 988 1696 sumpsit
1020 1632 1084 1681 ab
1115 1632 1363 1690 intestino,
1393 1647 1542 1694 quem
1569 1631 1745 1680 Graeci
1781 1632 1930 1678 κῶλον
1954 1629 2118 1692 appel-

271 1716 340 1764 39
363 1718 479 1764 lant.
556 1715 807 1779 Ragadiae
833 1715 1076 1774 dicuntur,
1107 1731 1166 1763 eo
1192 1715 1327 1777 quod
1359 1715 1557 1762 fissurae
1592 1712 1688 1761 sint
1720 1713 1849 1775 rugis
1881 1712 2116 1761 collectae

363 1798 490 1847 circa
517 1797 772 1846 orificium.
848 1800 992 1846 Haec
1019 1806 1067 1846 et
1093 1796 1399 1846 emorroidae
1425 1813 1453 1844 a
1479 1794 1729 1859 sanguinis
1760 1796 1912 1844 fluore
1939 1793 2113 1843 dictae.

365 1879 541 1930 Graeci
568 1879 700 1929 enim
726 1879 1017 1942 sanguinem
1045 1878 1158 1943 αἷμα
1182 1879 1368 1927 dicunt.
2141 1894 2192 1922 20

237 1971 340 2010 VIII
501 1965 585 2010 DE
611 1977 806 2011 MORBls
833 1977 921 2018 QVI
949 1977 1004 2009 IN
1033 1975 1339 2010 SVPERFICIE
1365 1974 1622 2008 CORPoRls
1649 1973 1933 2006 VIDENTVR.
2002 1958 2116 2006 Alo-

363 2044 493 2108 picia
518 2053 590 2094 est
617 2044 905 2108 capillorum
933 2045 1057 2092 fluor
1082 2040 1462 2105 circumscriptis
1495 2040 1606 2105 pilis
1632 2040 1788 2100 fulvis,
1817 2039 1940 2088 aeris
1967 2038 2117 2102 quali—

366 2136 516 2175 tatem
541 2125 872 2175 habentibus:
911 2134 1085 2174 vocata
1110 2126 1207 2173 hoc
1242 2123 1445 2172 nomine
1478 2140 1507 2172 a
1539 2122 1861 2172 similitudine
1891 2120 2114 2171 animalis

314 2224 344 2258 2
367 2210 671 2271 vulpeculae,
721 2225 869 2270 quam
919 2208 1096 2256 Graeci
1147 2207 1366 2255 ἀλώπεκα
1413 2214 1606 2254 vocant.
1692 2203 1953 2253 Parotidae
2001 2212 2115 2252 sunt

366 2290 574 2339 duritiae
608 2292 684 2339 vel
723 2288 1058 2349 collectiones,
1094 2305 1220 2351 quae
1257 2304 1314 2336 ex
1352 2286 1570 2336 febribus
1607 2295 1691 2334 aut
1729 2303 1787 2334 ex
1819 2284 1985 2348 aliquo
2019 2284 2115 2334 alio
2142 2301 2188 2341 25

364 2382 631 2421 nascuntur
665 2371 713 2419 in
749 2371 941 2420 aurium
967 2369 1256 2428 vicinitates,
1285 2370 1419 2418 unde
1449 2378 1497 2417 et
1530 2368 1782 2432 παρωτίὸες
1814 2376 1928 2416 sunt
1951 2369 2115 2430 appel-

422 2517 439 2542 1
472 2502 617 2554 σάρκα]
640 2503 802 2541 sarcian
824 2502 932 2540 BT:
963 2502 1130 2551 sargian
1152 2499 1197 2537 K
1215 2514 1223 2538 :
1253 2498 1449 2538 sarcinan
1474 2497 1508 2536 C
1677 2510 1701 2535 2
1730 2497 2013 2536 verteblorum
2037 2496 2085 2536 C1
2105 2511 2113 2536 :

362 2558 676 2597 vertebulorum
706 2557 743 2595 T
848 2556 1044 2608 quorum]
1067 2568 1188 2605 quam
1213 2553 1263 2592 C1
1437 2567 1462 2602 3
1492 2550 1627 2603 ἰσχία]
1647 2553 1735 2591 scia
1753 2551 1854 2592 BC:
1882 2553 2027 2591 socian
2055 2553 2112 2591 T:

364 2613 476 2652 ascia
497 2611 543 2650 K
650 2625 675 2661 4
705 2612 759 2650 ibi
776 2625 857 2651 om.
878 2610 924 2648 K
1031 2622 1054 2659 5
1086 2609 1369 2649 retentatione
1394 2607 1428 2646 C
1534 2612 1575 2645 et
1596 2607 1671 2646 fer.
1695 2606 1731 2645 C
1838 2620 1859 2657 7
1890 2607 2111 2646 Artericus

363 2667 503 2706 BCT:
531 2666 740 2706 Artiticus
760 2665 806 2703 K
976 2666 1002 2703 8
1030 2664 1214 2716 accepit]
1237 2663 1385 2701 sumsit
1413 2661 1450 2700 T
1603 2675 1652 2701 10
1682 2675 1733 2700 eo
1753 2675 1833 2700 om.
1858 2661 1905 2699 K
2029 2675 2112 2712 quo

365 2723 591 2771 distringat
615 2721 650 2759 C
767 2726 785 2769 ξ
808 2733 862 2769 34
892 2733 994 2770 quae
1012 2720 1075 2758 [τίς
1092 2720 1135 2758 in
1143 2718 1314 2768 familia
1335 2717 1452 2755 tertia
1472 2716 1652 2756 codicum
1671 2716 1824 2755 inserta
1842 2721 1943 2755 sunt
1962 2717 2114 2767 require

363 2778 422 2816 ad
440 2777 516 2816 IX.
539 2789 583 2816 11.
608 2777 661 2814 88
850 2788 898 2812 12
929 2775 1100 2814 veneris
1118 2773 1165 2812 K
1318 2784 1465 2811 currus
1489 2770 1542 2810 Cl
1564 2786 1573 2811 t
1603 2773 1740 2810 fluxus
1773 2771 1852 2809 TV
2022 2771 2110 2810 Dis.

365 2833 448 2871 div.
468 2831 515 2869 K
639 2843 685 2879 13
706 2830 925 2869 intestinis
937 2829 1021 2867 BT
1131 2842 1178 2877 14
1201 2827 1337 2866 intera
1350 2827 1390 2865 Β
1407 2841 1416 2866 :
1436 2826 1544 2865 intra
1564 2825 1622 2866 T:
1642 2833 1753 2866 terra
1774 2825 1822 2864 C¹
1839 2840 1849 2865 :
1867 2825 2088 2865 enteriaK
2102 2839 2112 2865 :

365 2886 505 2938 ἔντερα
520 2885 607 2926 edd.
722 2897 769 2935 15
792 2886 870 2924 dic.
888 2890 953 2924 est
968 2897 1034 2933 qu.
1054 2883 1099 2921 K
1209 2884 1258 2921 16
1275 2881 1386 2921 lenia
1399 2880 1580 2920 BCET:
1601 2881 1752 2920 lineam
1769 2879 1814 2918 K
1885 2881 2112 2919 intestinae

365 2941 488 2980 BCK
502 2956 511 2980 :
542 2941 744 2980 intestina
773 2940 831 2978 T:
860 2939 1049 2978 intestini
1069 2938 1111 2976 E
1218 2936 1532 2976 obrestantibus
1554 2940 1602 2975 ut
1619 2936 1698 2975 vid.
1723 2934 1769 2972 K
1787 2947 1790 2950 ’
1914 2948 1966 2973 20
1993 2933 2109 2987 αἷμα]

365 3003 476 3035 emat
492 2996 622 3047 (-ath)
638 2994 750 3035 codd.
866 3007 918 3032 22
947 2992 1289 3042 circumscriptus
1309 2990 1343 3029 C
1414 2990 1553 3043 fulvis]
1570 2991 1670 3030 fulvi
1687 2990 1784 3030 falvi
1797 2989 1839 3027 Β
1947 3002 1999 3040 23
2023 2990 2110 3029 ani—

366 3051 534 3090 malium
564 3051 600 3089 T
705 3063 756 3099 24
786 3048 992 3101 ἀλώπεκα]
1016 3046 1239 3099 alopiciam
1261 3045 1406 3095 (-cium
1428 3046 1479 3096 B,
1501 3046 1631 3095 -giam
1659 3045 1716 3094 T)
1738 3043 1848 3084 codd.
1954 3056 2006 3094 25
2035 3044 2111 3084 ali-

367 3120 448 3155 quo
465 3106 545 3145 alio
564 3105 620 3145 C:
650 3105 730 3144 alio
748 3103 885 3154 aliquo
903 3102 948 3141 K
962 3118 971 3142 :
990 3103 1147 3153 aliquid
1162 3101 1276 3141 aliud
1289 3099 1371 3139 BE
1383 3114 1391 3139 ε
1415 3100 1573 3149 aliquid
1589 3104 1661 3139 aut
1683 3099 1720 3138 T
1825 3100 1879 3138 26
1898 3099 2110 3139 vicinitate

366 3159 411 3197 K
519 3161 628 3212 παρ]
652 3159 865 3210 parotidas
885 3157 1025 3197 BCE:
1055 3158 1126 3196 «da
1149 3156 1206 3195 T:
1235 3156 1306 3194 -de
1322 3153 1368 3193 K
1473 3159 1570 3194 sunt
1589 3153 1710 3205 app.]
1733 3153 2002 3205 appellantur
2020 3152 2066 3192 K
