2228 3444
1091 183 1363 231 ISIDORI

351 322 468 376 typo
494 311 692 361 luminis
724 314 989 377 corporalis
1022 313 1103 361 illa
1129 314 1210 361 lux
1236 314 1524 362 ostendatur
1549 315 1611 363 de
1637 331 1735 378 qua·
1759 316 1808 364 in
1830 316 2099 381 Evangelio

351 393 525 458 legitur
547 394 680 459 (Ioh.
697 411 734 454 1,
750 394 822 460 9):
865 396 1009 443 ‘Erat
1036 396 1117 443 lux
1138 409 1263 455 vera,
1286 411 1413 457 quae
1439 394 1700 445 inluminat
1719 414 1921 446 omnem
1947 399 2100 448 homi-

273 491 327 538 31
351 493 467 526 nem
500 475 781 525 venientem
819 476 869 524 in
906 477 1040 525 hunc
1077 477 1352 525 mnndum?
1425 477 1708 528 Exorcistae
1738 496 1795 528 ex
1825 479 2018 529 Graeco
2050 480 2101 528 in

354 558 532 608 Latino
565 559 847 607 adiurantes
877 557 977 607 sive
1014 557 1324 621 increpantes
1350 567 1603 608 vocantur.
1694 562 1936 610 Invocant
1969 561 2101 610 enim

353 657 499 704 super
545 641 946 699 cathecumenos,
987 641 1063 688 vel
1106 656 1252 702 super
1288 656 1373 689 eos
1410 640 1495 703 qui
1533 641 1720 690 habent
1763 642 1985 706 spiritum
2034 645 2100 692 in-
2126 658 2147 696 5

352 723 611 781 mundum,
634 738 821 770 nomen
839 720 1046 769 Domini
1068 723 1196 780 Iesu,
1218 720 1500 770 adiurantes
1519 739 1606 785 per
1624 740 1738 771 eum
1759 733 1812 772 ut
1831 727 2103 787 egrediatur

266 812 330 860 32
352 804 415 852 ab
436 804 518 852 eis.
574 803 771 852 Ostiarii
789 796 923 853 idem
942 812 989 852 et
1006 802 1251 864 ianitores,
1270 802 1355 866 qui
1372 803 1423 851 in
1440 804 1606 853 Veteri
1623 807 1946 855 Testamento
1963 810 2103 856 electi

354 896 467 935 sunt
491 888 556 934 ad
581 886 858 935 custodiam
885 885 1070 949 templi,
1099 895 1153 933 ut
1185 903 1287 933 non
1322 887 1655 949 ingrederetur
1687 905 1799 936 eum
1834 888 2103 937 inmundus

355 969 404 1017 in
431 968 568 1017 omni
594 986 658 1017 re.
734 968 866 1016 Dicti
899 977 1066 1016 autem
1101 967 1298 1027 ostiarii,
1326 969 1463 1030 quod
1499 968 1714 1032 praesint
1748 971 1883 1018 ostiis
1917 970 2100 1033 templi.

268 1065 332 1111 33
357 1051 458 1115 Ipsi
495 1052 628 1100 enim
665 1058 891 1100 tenentes
935 1051 1124 1099 clavem
1163 1049 1331 1098 omnia
1367 1049 1497 1098 intus
1534 1060 1765 1114 extraque
1803 1052 2103 1113 custodiunt,
2131 1071 2180 1100 10

355 1143 504 1196 atque
530 1134 656 1182 inter
680 1132 842 1181 bonos
869 1141 917 1182 et
943 1134 1100 1181 malos
1125 1131 1366 1181 habentes
1393 1131 1630 1181 iudicium
1653 1134 1822 1182 fideles
1848 1134 2105 1198 recipiunt,

356 1224 595 1279 respuunt
621 1213 860 1263 infideles,

223 1300 332 1339 XIII
496 1299 579 1345 DE
606 1311 896 1345 MONACHls.
962 1296 1244 1344 Monachus
1266 1296 1456 1345 Graeca
1482 1296 1780 1360 etymologia
1803 1306 2019 1357 vocatuS,
2049 1315 2108 1348 eo

358 1381 494 1443 quod
532 1379 592 1428 sit
630 1378 898 1442 singularis.
974 1380 1137 1429 Μονάς
1173 1377 1304 1426 enim
1343 1378 1532 1427 Graece
1574 1377 1878 1441 singularitas
1915 1379 2108 1430 dicitur.

361 1465 491 1526 Ergo
522 1461 560 1510 si
595 1460 838 1510 solitarius
873 1460 1217 1523 interpretatur
1241 1461 1540 1509 vocabulum
1575 1460 1821 1522 monachi,
1849 1461 1970 1525 quid
1995 1463 2109 1512 facit
2135 1483 2181 1524 15

359 1545 409 1593 in
435 1544 579 1593 turba
604 1543 688 1606 qui
715 1545 847 1592 solus
874 1546 983 1592 est?
1037 1545 1182 1591 Plura
1207 1551 1320 1591 sunt
1339 1552 1505 1591 autem
1531 1558 1709 1606 genera
1734 1546 2106 1595 monachorum.

307 1638 337 1672 2
362 1626 686 1685 Coenobitae‚
706 1642 831 1687 quos
852 1641 942 1673 nos
961 1626 1021 1673 In
1041 1641 1309 1674 commune
1328 1626 1547 1674 viventes
1566 1641 1829 1688 possumus
1849 1628 2107 1689 appellare.

307 1724 337 1771 3
362 1709 677 1758 Coenobium
712 1709 844 1756 enim
870 1707 1194 1769 plurimorum
1231 1715 1318 1755 est.
1391 1708 1723 1756 Anachoritae
1751 1717 1866 1756 sunt
1891 1708 1976 1771 qui
2000 1719 2111 1772 post

361 1789 705 1839 coenobialem
731 1788 879 1837 vitam
907 1790 1100 1837 deserta
1124 1797 1299 1851 petunt
1325 1796 1372 1836 et
1399 1787 1488 1836 soli
1522 1787 1746 1837 habitant
1777 1805 1863 1852 per
1892 1791 2113 1852 deserta3

362 1881 410 1921 et
446 1872 510 1921 ab
541 1887 615 1930 e0‚
644 1871 781 1934 quod
814 1872 987 1933 procul
1023 1869 1086 1918 ab
1118 1869 1404 1918 hominibus
1440 1879 1759 1930 recesserunt,
1791 1872 1875 1919 tali
1910 1871 2113 1922 nomine
2137 1892 2186 1920 20

364 1962 714 2017 nuncupantur
732 1971 745 2013 ;
781 1954 869 2001 sed
884 1951 1199 2001 anachoritae
1217 1950 1419 2000 Heliam
1441 1959 1489 1999 et
1507 1952 1799 2012 Iohannem,
1819 1953 2114 2004 coenobitae

307 2048 340 2095 4
364 2037 634 2100 Apostolos
664 2034 929 2083 imitantur.
1007 2033 1256 2083 Eremitae
1280 2032 1331 2080 hi
1356 2041 1483 2092 sunt,
1511 2034 1594 2095 qui
1622 2043 1670 2082 et
1693 2033 2021 2094 anachoritae,
2048 2033 2112 2082 ab

364 2120 623 2168 hominurn
650 2125 921 2180 conspectu
947 2115 1136 2175 remoti,
1159 2132 1379 2165 eremum
1405 2124 1452 2164 et
1478 2116 1694 2164 desertas
1720 2115 2010 2165 solitudines
2034 2133 2114 2179 ap-

313 2214 343 2262 5
364 2208 605 2262 petentes,
678 2201 809 2247 Nam
835 2215 1057 2247 eremum
1083 2197 1261 2247 dicitur
1285 2196 1425 2260 quasi
1449 2205 1708 2246 remotum.
1775 2197 1924 2246 Abba
1948 2207 2112 2246 autern

367 2283 541 2344 Syrum
566 2297 765 2340 nomen,
795 2279 1036 2343 significat
1062 2281 1111 2327 in
1133 2279 1311 2328 Latino
1336 2287 1486 2342 pater,
1514 2280 1650 2341 quod
1671 2281 1851 2327 Paulus
1872 2279 2114 2328 Romanis
2139 2299 2186 2339 25

367 2362 586 2411 scribens
600 2363 825 2425 exposuit
840 2361 1011 2411 dicens
1026 2360 1092 2426 (8,
1112 2379 1129 2408 1
1141 2360 1190 2426 5)
1206 2381 1214 2410 ε
1246 2362 1326 2409 ‘In
1335 2377 1436 2423 quo
1451 2361 1743 2408 clamamus:
1775 2360 1922 2409 Abba
1937 2362 2112 2423 pater':

367 2444 418 2492 in
454 2461 554 2493 uno
592 2446 796 2493 nomine
832 2445 1027 2493 duabus
1064 2460 1180 2492 usus
1223 2442 1414 2506 linguis.
1489 2441 1623 2491 Dicit
1660 2441 1790 2491 enim
1829 2442 1960 2491 abba
1995 2442 2113 2506 Syro

366 2526 570 2579 nomine
596 2535 800 2590 patrem,
828 2536 876 2575 et
901 2543 1064 2575 rursus
1092 2525 1265 2574 Latine
1291 2523 1514 2573 nominat
1538 2523 1710 2573 itidem
1735 2533 1938 2587 patrem.

242 2621 345 2660 XIV
505 2611 588 2656 DE
607 2623 824 2657 CE'rERls
847 2622 1130 2656 FIDELIBVS.
1182 2606 1503 2666 Christianus,
1525 2614 1765 2668 quantum
1781 2604 2115 2668 interpretatio

424 2740 452 2788 ’3
484 2737 704 2777 Exorcista
724 2737 770 2775 K
949 2751 974 2786 4
1005 2736 1270 2776 adiuratores
1289 2735 1331 2773 Β
1513 2738 1540 2774 6
1569 2748 1664 2775 eum
1685 2742 1730 2775 et
1749 2735 2043 2786 egrediebatur
2064 2734 2115 2773 Cl

370 2796 397 2833 8
426 2793 701 2844 egrederetur
719 2791 760 2830 Β
971 2791 1087 2843 eum]
1108 2791 1151 2829 in
1173 2804 1223 2830 eo
1244 2789 1291 2828 K
1433 2803 1460 2840 9
1491 2796 1667 2841 presunt
1693 2790 1746 2828 Tl
1962 2789 2056 2828 ostii
2083 2787 2122 2826 T

377 2863 426 2889 10
446 2848 523 2888 int.
545 2860 599 2886 ex
620 2853 798 2897 utraque
812 2846 853 2884 Β
966 2858 1014 2896 15
1035 2846 1072 2884 si
1088 2845 1310 2896 singularis
1323 2845 1389 2884 vel
1407 2845 1482 2885 sol.
1506 2844 1553 2883 K
1566 2846 1668 2898 (non
1681 2845 1745 2895 A)
1861 2845 1911 2884 16
1930 2843 2007 2883 sol.
2027 2843 2111 2895 est]

373 2903 601 2953 singolaris
622 2914 718 2941 esse
739 2902 866 2941 debet
885 2900 932 2939 K
949 2901 1053 2952 (non
1073 2900 1138 2954 A)
1271 2912 1317 2949 17
1349 2900 1657 2950 Cynobitarum
1678 2899 1726 2937 K
1859 2911 1907 2937 21
1939 2899 2015 2938 sed
2035 2928 2046 2939 .
2067 2928 2078 2938 .
2102 2927 2112 2936 .

373 2959 478 2998 imit.
500 2971 581 2997 om.
603 2955 660 2993 Β1
882 2956 1051 2996 Heliam
1072 2986 1082 2996 .
1109 2986 1118 2994 .
1141 2985 1150 2994 .
1176 2955 1386 2994 Graecum
1407 2961 1472 2994 est
1497 2955 1605 3007 (xxv.
1633 2954 1699 3007 10)
1723 2953 1854 2992 Liber
1871 2951 1977 2992 VIII
2002 2952 2115 2992 Finit

374 3013 534 3063 infolio
552 3011 786 3063 interposito
805 3011 896 3050 hab.
921 3011 964 3048 A
1095 3022 1147 3048 22
1179 3009 1405 3060 cynobitae
1426 3009 1500 3050 del.
1521 3013 1614 3050 ante
1632 3021 1701 3048 an.
1722 3006 1769 3045 K
1894 3020 1947 3056 24
1975 3013 2114 3047 autern

375 3080 457 3108 om.
487 3066 526 3104 T
718 3076 770 3115 25
801 3066 912 3115 quod
933 3079 1014 3105 om.
1040 3064 1082 3102 Β
1263 3077 1314 3114 27
1345 3064 1446 3103 dicit
1470 3095 1478 3104 .
1501 3094 1510 3104 .
1532 3093 1542 3103 .
1568 3068 1730 3115 patrem
1752 3075 1836 3102 om.
1863 3059 2030 3117 K(non
2050 3061 2116 3112 A)

376 3123 430 3160 28
460 3127 622 3172 patrem
644 3121 728 3160 secl.
753 3119 946 3159 Schwarz
1130 3119 1277 3158 itidem
1302 3117 1404 3158 CT:
1432 3119 1542 3158 idem
1565 3117 1606 3156 Β
1625 3132 1634 3157 ε
1663 3117 1704 3157 id
1725 3122 1790 3157 est
1811 3116 1852 3154 A
