2176 3424
1054 138 1327 187 ISIDORI

311 269 450 328 costi,
490 270 734 331 peduculi,
774 267 975 331 pulices,
1016 270 1202 328 lendes,
1249 278 1445 328 tarmus,
1486 270 1681 329 ricinus,
1723 270 1842 330 usia,
1881 269 2057 318 cimex.

233 363 288 410 13
313 349 663 398 Hemicranius
691 349 869 399 vermis
903 349 1074 413 capitis
1108 359 1327 400 vocatus.
1402 351 1699 400 Lumbricus
1731 351 1910 401 vermis
1939 351 2061 401 inte-

311 434 563 492 stinarum,
592 432 753 481 dictus
787 431 927 495 quasi
952 431 1212 493 lumbicus,
1241 434 1356 495 quia
1381 432 1574 493 labitur,
1602 436 1678 483 vel
1704 436 1840 497 quod
1865 434 1914 482 in
1940 435 2061 482 lum-

229 529 288 576 14
310 514 387 564 bis
413 514 488 563 sit.
560 515 828 563 Ascaridae
854 552 863 562 .
895 553 904 562 .
933 552 942 563 .
971 513 1141 564 Costi.
1172 553 1182 563 .
1212 553 1221 563 .
1251 514 1493 564 Peduculi
1513 532 1702 565 vermes
1723 516 1848 565 cutis
1873 533 1902 564 a
1928 517 2062 580 pedi-

312 597 404 668 bus
430 598 562 646 dicti.
636 598 785 646 Vnde
810 606 858 646 et
886 595 1127 659 peducosi
1159 597 1390 646 dicuntur
1422 596 1602 660 quibus
1627 597 1861 662 peduculi
1886 597 1934 646 in
1962 615 2064 647 cor-
2086 616 2107 656 5

231 691 287 740 15
311 695 430 743 pore
456 681 792 728 effervescunt.
868 678 1062 727 Pulices
1099 695 1214 727 vero
1251 678 1411 728 vocati
1447 689 1561 728 sunt
1598 681 1734 743 quod
1771 696 1829 729 ex
1865 681 2063 743 pulvere

314 761 467 825 magis
494 760 783 810 nutriantur.
859 762 1056 810 Lendes
1084 799 1093 808 .
1124 799 1133 809 .
1161 799 1171 809 .
1200 763 1243 809 T
1246 777 1410 810 armus
1434 763 1612 810 vermis
1639 771 1712 810 est
1737 760 1874 810 lardi.
1935 760 2064 809 Rici-

313 861 405 892 nus
432 846 608 893 vermis
635 853 708 892 est
734 844 882 903 canis,
906 852 1109 891 vocatus
1136 860 1195 892 eo
1216 845 1353 906 quod
1372 845 1538 892 haeret
1559 843 1608 891 in
1627 844 1827 892 auribus
1853 859 2033 891 canum
2051 862 2064 904 3

230 931 289 978 16
314 929 431 976 κύων
455 926 586 975 enim
619 929 809 976 Graece
839 925 974 974 canis
1005 935 1090 975 est.
1166 927 1285 974 Vsia
1321 936 1394 974 est
1430 928 1606 975 vermis
1643 925 1793 990 porci,
1822 927 2065 989 appellata

313 1009 428 1072 quia
453 1008 546 1057 urit
564 1027 577 1070 3
614 1025 728 1056 nam
754 1007 839 1056 ubi
866 1006 1201 1066 momorderit,
1224 1009 1351 1057 adeo
1377 1009 1513 1056 locus
1538 1009 1677 1056 ardet
1702 1016 1755 1056 ut
1780 1006 1848 1055 ibi
1874 1009 2065 1056 vesicae
2091 1023 2138 1050 10

234 1104 286 1153 17
314 1094 447 1140 fiant.
523 1091 697 1141 Cimex
722 1093 785 1140 de
816 1090 1138 1139 similitudine
1172 1090 1429 1139 cuiusdam
1466 1091 1647 1139 herbae
1682 1100 1896 1150 vocatUS,
1926 1089 2063 1138 cuius

238 1181 292 1230 18
315 1176 555 1223 foetorem
582 1172 745 1222 habet.
809 1174 1010 1235 Proprie
1035 1181 1200 1221 autem
1221 1171 1398 1221 vermis
1423 1171 1473 1220 in
1493 1188 1639 1221 carne
1659 1181 1799 1235 putre
1819 1173 2034 1220 nascitur
2053 1192 2064 1232 3

315 1258 449 1304 tinea
473 1255 523 1303 in
549 1256 855 1303 vestimentis
879 1273 891 1315 3
927 1271 1071 1303 eruca
1098 1254 1148 1302 in
1174 1256 1340 1303 holere
1364 1273 1375 1314 3
1411 1255 1581 1303 teredo
1602 1253 1651 1302 in
1678 1253 1810 1317 ligno
1833 1273 1845 1315 3
1881 1262 2064 1302 tarmus

231 1354 292 1402 19
316 1339 364 1386 in
402 1339 554 1386 lardo.
624 1336 819 1385 Vermis
863 1354 965 1384 non
1002 1346 1055 1384 ut
1093 1353 1293 1400 serpens
1329 1337 1509 1399 apertis
1547 1334 1772 1400 passibus
1810 1337 1886 1384 vel
1924 1352 2063 1398 squa-

315 1437 505 1468 marum
540 1418 730 1468 nisibus
764 1419 899 1483 repit,
928 1418 1044 1481 quia
1079 1436 1178 1468 non
1208 1428 1282 1467 est
1318 1417 1385 1466 illi
1411 1419 1581 1481 spinae
1612 1417 1752 1481 rigor,
1782 1427 1834 1466 ut
1859 1416 2062 1477 colubri,
2092 1441 2137 1481 15

315 1504 402 1551 sed
429 1502 478 1549 in
505 1500 747 1550 directum
773 1500 1052 1564 corpusculi
1077 1500 1151 1548 sui
1178 1511 1339 1564 partes
1365 1499 1605 1563 gradatim
1632 1501 1930 1563 porrigendo
1950 1516 2064 1547 con-

315 1594 506 1643 tractas,
534 1584 876 1632 contrahendo
901 1592 1149 1646 porrectas
1180 1592 1372 1632 motum
1399 1582 1626 1646 explicat,
1655 1584 1824 1646 sicque
1857 1582 2065 1646 agitatus

317 1666 601 1730 perlabitur.

235 1757 291 1796 VI
455 1750 538 1797 DE
565 1763 802 1797 Plsclssvs.
878 1750 1043 1797 Pisces
1091 1747 1210 1797 dicti
1258 1749 1391 1797 unde
1439 1757 1487 1796 et
1535 1764 1700 1811 pecus,
1741 1764 1769 1795 a
1816 1747 2067 1810 pascendo

267 1849 296 1882 2
321 1830 519 1879 scilicet.
600 1830 815 1894 Reptilia
858 1830 972 1879 ideo
1012 1831 1243 1878 dicuntur
1282 1831 1404 1878 haec
1441 1847 1567 1892 quae
1607 1838 1791 1888 natant,
1831 1845 1890 1877 eo
1929 1829 2064 1891 quod
2093 1850 2144 1878 20

319 1912 545 1977 reptandi
562 1913 779 1961 habeant
799 1913 1015 1975 speciem
1032 1921 1080 1960 et
1100 1921 1349 1972 naturam3
1374 1912 1598 1974 quamvis
1623 1928 1674 1959 se
1694 1910 1744 1958 in
1764 1911 2064 1973 profundum

319 1995 606 2058 inmergant,
653 2003 820 2043 tamen
863 1996 914 2042 in
952 1995 1171 2043 natando
1212 2003 1402 2056 repunt.
1499 1994 1646 2043 Vnde
1694 2003 1742 2041 et
1792 1994 1956 2041 David
2003 1992 2069 2040 ait

322 2078 522 2141 (Psalm.
543 2094 649 2137 104,
672 2094 694 2124 2
704 2076 775 2141 5):
803 2078 945 2125 ‘Hoc
965 2092 1098 2125 mare
1117 2092 1350 2139 magnum
1367 2085 1414 2124 et
1434 2076 1726 2138 spatiosum:
1752 2073 1850 2122 illic
1866 2073 2070 2136 reptilia,

267 2182 297 2227 3
321 2176 533 2223 quorum
575 2176 678 2208 non
713 2168 785 2208 est
823 2160 1089 2207 numerus.'
1159 2156 1431 2221 Amphibia
1464 2166 1578 2205 sunt
1607 2158 1853 2220 quaedam
1889 2171 2069 2218 genera

322 2241 546 2305 piscium,
574 2242 706 2291 dicta
732 2258 792 2290 eo
818 2242 955 2304 quod
987 2240 1276 2288 ambulandi
1302 2238 1352 2286 in
1379 2240 1513 2286 terris
1540 2255 1683 2287 usum
1710 2247 1758 2287 et
1788 2236 1992 2286 natandi
2017 2236 2067 2284 in
2093 2259 2146 2299 25
2171 2296 2176 2298 q

321 2323 460 2387 aquis
487 2322 704 2372 officium
729 2323 961 2372 habeant.
1036 2323 1191 2385 Ἀμφὶ
1215 2319 1347 2370 enim
1375 2319 1569 2369 Graece
1595 2329 1857 2383 utrumque
1874 2320 2066 2378 dicitur,

322 2405 374 2455 id
399 2415 472 2454 est
497 2405 613 2468 quia
638 2414 686 2454 et
711 2404 761 2452 in
785 2403 927 2468 aquis
953 2413 1001 2453 et
1026 2403 1078 2452 in
1102 2404 1238 2453 terris
1258 2402 1428 2451 vivunt
1451 2421 1460 2451 :
1498 2412 1551 2451 ut
1570 2403 1778 2465 phocae,
1798 2399 2065 2460 corcodilli,

383 2550 399 2575 1
434 2537 564 2586 pulex
600 2536 637 2574 T
752 2536 909 2573 lendex
938 2533 1047 2572 BT:
1078 2533 1225 2571 lendix
1255 2532 1313 2572 C:
1342 2532 1487 2570 lindex
1521 2531 1568 2569 K
1729 2545 1753 2570 2
1783 2536 1959 2570 vocatur
1993 2528 2071 2568 CK

321 2605 350 2642 3
379 2605 448 2642 qu.
472 2591 700 2630 lumbricus
726 2590 871 2641 T(pro
886 2589 1112 2627 lambricus
1129 2589 1161 2638 2)
1273 2586 1389 2638 quia]
1413 2587 1526 2635 quod
1546 2585 1670 2625 BCK
1776 2585 1906 2637 quod]
1925 2584 2021 2635 quia
2040 2584 2076 2623 C

325 2659 349 2695 5
380 2646 586 2697 pedogosi
610 2645 721 2683 KP:
751 2644 939 2694 peculosi
962 2648 1008 2682 ut
1022 2643 1102 2683 vid.
1123 2642 1181 2681 Β1
1291 2643 1316 2679 6
1345 2653 1443 2680 vero
1464 2655 1547 2680 om.
1568 2641 1655 2680 ΚΟ
1738 2643 1835 2691 quia
1852 2641 1887 2680 C
1993 2639 2068 2690 ex]

326 2703 368 2740 in
391 2701 476 2740 ΚΟ
601 2713 621 2748 7
653 2700 897 2738 nutriuntur
919 2699 954 2738 C
1064 2698 1240 2736 Lendex
1261 2695 1401 2735 BCT:
1433 2696 1598 2734 Lindex
1618 2694 1664 2733 K
1781 2697 1807 2733 8
1836 2701 1902 2734 est
1923 2707 2003 2733 om.
2035 2693 2072 2732 T

326 2757 463 2795 carnis
486 2753 534 2793 C1
646 2755 820 2793 haereat
840 2754 904 2792 B:
936 2753 1072 2793 ineret
1100 2753 1138 2791 T
1259 2764 1287 2800 9
1315 2749 1439 2801 κύων]
1462 2763 1589 2789 cenos
1608 2749 1736 2801 (cae-)
1759 2749 1870 2789 codd.
2003 2753 2068 2786 est

329 2811 442 2862 (alt.)
464 2824 546 2849 om.
569 2809 604 2848 C
750 2823 799 2847 10
826 2810 947 2847 ardet
968 2809 1022 2847 lo.
1045 2809 1150 2846 adeo
1175 2806 1209 2845 C
1224 2820 1233 2845 ε
1263 2806 1384 2844 ardet
1407 2810 1475 2854 (ex
1494 2805 1612 2853 -deo)
1637 2805 1753 2843 lucus
1774 2805 1896 2843 ardet
1917 2802 2066 2854 (delet.)

326 2867 432 2905 adeo
453 2866 499 2904 K
611 2876 658 2903 12
680 2864 852 2914 putrida
872 2864 918 2902 K
1028 2876 1075 2911 13
1097 2860 1297 2900 holeraB
1407 2866 1484 2899 tar.
1502 2860 1546 2898 in
1563 2859 1634 2898 lar.
1651 2872 1733 2898 om.
1755 2859 1802 2897 K
1913 2869 1959 2904 14
1979 2869 2066 2895 non

329 2934 397 2971 ²¹³·
419 2920 830 3014 ¹²}S⁵·Ve¹1133‘5}¹}¹3·
852 2914 1767 3012 δῖἰῑῑιῖῗιιῗψαίἶέέιξὶἶρἕὲἷΜέἶῖἷῑιξιῑῑξῗ
1822 2916 2069 3006 ωιυέῗοεῗὲ

327 2989 412 3015 om.
834 2986 843 3011 :
1479 2983 1488 3008 :
1782 2981 1791 3006 :

332 3032 382 3068 16
401 3030 444 3069 in
466 3043 549 3069 om.
568 3027 655 3066 ΒΚ
735 3027 926 3066 directim
944 3027 985 3065 B
1100 3039 1146 3075 17
1167 3031 1322 3064 matum
1341 3023 1390 3063 C1
1473 3023 1670 3072 implecat
1683 3021 1729 3060 K
1812 3033 1862 3071 19
1879 3021 2067 3072 pecudes

328 3084 369 3122 Β
479 3096 530 3133 25
560 3082 812 3122 ambulando
833 3082 888 3119 Bl
1014 3083 1067 3119 26
1097 3087 1271 3130 uterque
1290 3078 1339 3117 C1
1460 3091 1510 3127 27
1541 3079 1623 3116 hoc
1645 3083 1710 3117 est
1730 3076 1772 3114 B
1881 3081 1924 3115 et
1943 3076 1987 3113 in
2007 3080 2063 3114 te.

331 3145 373 3177 et
398 3139 436 3178 in
459 3152 521 3188 aq.
547 3138 586 3176 Β
698 3138 842 3176 vivent
862 3136 908 3174 K

2156 3180 2176 3424 -Ufflsnfflmsnm
2163 3139 2176 3163 w*
2160 3091 2176 3113 ’.ν’
2162 3064 2176 3080 ιτ-
2168 3006 2176 3013 η
2172 2988 2176 2989 ,
2170 2967 2172 2970 v
2170 2891 2175 2897 .
