2176 3424
1009 142 1280 190 ISIDORI

343 289 539 331 nomen,
569 289 696 334 quae
735 271 909 319 Latine
947 287 1045 318 nux
1075 272 1220 332 longa
1257 280 1468 318 vocatur.
1545 273 1692 318 Hanc
1729 271 1809 319 alii
1846 270 2087 319 nuciclam

342 363 535 412 vocant,
559 352 698 416 quasi
717 352 957 402 minorem
976 367 1172 400 nucem.
1214 353 1291 399 De
1311 367 1409 413 qua
1425 351 1666 414 Vergilius
1678 351 1876 415 (Georg.
1897 350 2090 415 1,187):

952 431 1082 482 Cum
1120 449 1172 481 se
1208 449 1308 481 nux
1344 431 1554 495 plurima
1590 432 1720 481 silvis

679 516 853 565 induet
889 516 1077 563 florem.

259 609 324 655 24
346 599 554 650 Cunctis
581 600 713 648 enim
739 596 996 646 arboribus
1021 596 1151 660 prior
1177 613 1229 644 se
1254 598 1370 645 flore
1396 595 1652 656 convestit,
1679 605 1727 644 et
1751 598 1815 644 ad
1841 595 2095 645 inferenda
2119 614 2140 654 5

347 698 498 744 poma
535 681 735 729 arbusta
777 677 1037 741 sequentia
1079 677 1342 741 praevenit.
1434 678 1707 726 Abellanae
1748 678 1812 726 ab
1853 677 2097 726 Abellano

348 762 654 826 Campaniae
680 761 881 826 oppido,
910 759 995 808 ubi
1028 759 1300 818 abundant,
1340 759 1720 822 cognominatae
1754 767 1880 807 sunt.
1955 761 2098 807 Haec

347 861 375 893 a
402 845 603 893 Graecis
631 843 867 892 Ponticae
905 843 1226 904 appellantur,
1255 857 1315 889 eo
1340 842 1476 904 quod
1509 841 1638 889 circa
1671 840 1932 890 Ponticum
1966 856 2099 888 mare

261 936 326 985 25
348 927 620 975 abundant.
710 925 1007 975 Castaneam
1049 922 1209 971 Latini
1247 940 1276 970 a
1312 925 1504 972 Graeco
1546 925 1795 987 appellant
1835 921 2094 970 vocabulo.

352 1011 501 1056 Hanc
536 1007 668 1056 enim
701 1006 878 1055 Graeci
904 1006 1157 1054 καστανίαν
1180 1014 1373 1065 vocant,
1402 1014 1598 1069 propter
1624 1006 1758 1067 quod
1787 1006 1971 1052 fructus
1997 1002 2100 1051 eius
2126 1019 2174 1051 10

349 1090 534 1154 gemini
558 1090 609 1138 in
635 1090 842 1137 modum
875 1087 1215 1136 testiculorum
1246 1086 1371 1135 intra
1400 1087 1671 1135 folliculum
1705 1085 1946 1134 reconditi
1972 1094 2099 1143 sunt,

351 1174 435 1236 qui
478 1173 598 1220 dum
642 1170 885 1220 eiciuntur
932 1171 1071 1232 quasi
1115 1178 1400 1217 castrantur.
1483 1171 1625 1217 Haec
1671 1168 1815 1216 arbor
1863 1167 2008 1217 simul
2051 1177 2103 1215 ut

260 1257 328 1303 26
352 1256 513 1304 excisa
554 1253 710 1314 fuerit,
748 1262 1003 1315 tamquam
1047 1253 1166 1301 silva
1209 1252 1508 1315 expullulare
1551 1250 1819 1299 consuevit.
1894 1251 1999 1299 Ilex
2040 1249 2103 1297 ab

351 1339 511 1386 electo
537 1346 710 1384 vocata
731 1355 740 1394 ;
778 1334 923 1382 huius
944 1333 1077 1383 enim
1097 1333 1285 1382 arboris
1311 1334 1521 1381 fructum
1549 1334 1775 1381 homines
1801 1333 2015 1396 primum
2040 1332 2104 1379 ad

351 1419 535 1467 victum
564 1418 657 1467 sibi
684 1419 950 1481 elegerunt.
1023 1418 1171 1465 Vnde
1197 1425 1244 1465 et
1271 1424 1418 1479 poeta
1440 1435 1448 1463 z
2133 1429 2176 1469 15

626 1502 864 1548 Mortales
902 1498 1045 1562 primi
1083 1498 1342 1547 ructabant
1377 1508 1572 1561 gutture
1609 1498 1855 1560 glandem.

360 1583 498 1631 Prius
524 1582 657 1631 enim
684 1599 832 1645 quam
869 1582 1100 1630 frumenti
1131 1597 1248 1629 usus
1286 1590 1427 1639 esset,
1455 1578 1645 1641 antiqui
1676 1577 1904 1627 homines
1929 1577 2108 1640 glande

273 1675 333 1724 27
358 1668 596 1714 vixerunt.
647 1664 876 1713 Suberies
902 1664 1059 1721 arbor,
1088 1679 1145 1712 ex
1172 1680 1268 1726 qua
1295 1661 1623 1710 validissimus
1649 1670 1812 1709 cortex
1839 1660 2107 1708 natatorius

358 1747 636 1797 extrahitur.
714 1749 778 1795 Et
816 1748 928 1795 ideo
964 1747 1210 1808 appellata
1247 1743 1479 1803 suberies,
1519 1759 1579 1791 eo
1617 1743 1752 1804 quod
1790 1742 1974 1788 fructus
2004 1738 2107 1787 eius

357 1846 468 1879 sues
494 1831 663 1878 edunt.
740 1831 1007 1877 Porcorum
1035 1829 1166 1875 enim
1194 1837 1305 1874 sunt
1331 1826 1579 1883 alimenta,
1606 1841 1707 1873 non
1734 1822 2024 1880 hominum3
2061 1829 2107 1868 et
2133 1837 2176 1868 πα

268 1910 334 1956 28
360 1912 491 1961 dicta
517 1910 751 1970 suberies,
771 1909 910 1972 quasi
937 1908 1181 1957 subedies.
1242 1910 1400 1970 Fagus
1422 1915 1468 1954 et
1489 1907 1683 1955 esculus
1703 1905 1901 1953 arbores
1927 1902 2110 1965 glandi-

362 1996 491 2042 ferae
508 1993 622 2041 ideo
639 2002 841 2041 vocatae
857 1993 1138 2049 creduntur,
1158 1991 1293 2052 quod
1312 2005 1478 2037 earum
1495 1988 1733 2036 fructibus
1751 1985 1869 2034 olim
1885 1987 2112 2034 homines

363 2074 585 2123 vixerunt
636 2074 905 2137 cibumque
947 2082 1262 2135 sumpserunt
1305 2086 1569 2133 escamque
1609 2068 1901 2117 habuerunt.
1983 2068 2110 2114 Nam

365 2159 560 2205 esculus
584 2156 648 2204 ab
687 2172 799 2204 esca
825 2157 956 2204 dicta
977 2174 989 2215 3
1025 2156 1163 2217 fagus
1194 2170 1309 2202 vero
1334 2169 1362 2200 a
1388 2153 1579 2201 Graeco
1614 2151 1909 2199 vocabulum
1943 2148 2113 2197 traxit:

271 2251 341 2297 29
366 2242 535 2305 φαγεῖν
577 2247 743 2286 autem
793 2238 983 2287 Graece
1031 2237 1294 2284 comedere
1342 2234 1532 2283 dicitur.
1620 2232 1925 2296 Xyliglycon,
1965 2247 2114 2293 quam
2139 2244 2176 2284 ει

371 2320 532 2369 Latini
565 2329 792 2382 corrupte
818 2319 1046 2382 siliquam
1072 2325 1264 2376 vocant,
1293 2318 1407 2365 ideo
1432 2333 1460 2364 a
1486 2314 1686 2364 Graecis
1712 2316 1807 2363 tale
1833 2329 2015 2362 nomen
2041 2328 2117 2360 ac-

369 2402 513 2466 cepit,
536 2419 596 2451 eo
619 2403 755 2465 quod
780 2400 899 2465 ligni
918 2400 1022 2450 eius
1048 2401 1233 2448 fructus
1254 2398 1315 2446 sit
1333 2399 1504 2446 dulcis.
1568 2398 1723 2447 Ξύλον
1742 2395 1925 2458 quippe
1945 2393 2117 2443 dicunt

369 2485 572 2548 lignum,
617 2485 766 2551 γλυκὺ
808 2485 969 2533 dulce.
1046 2482 1212 2530 Huius
1255 2480 1440 2528 arboris
1482 2495 1634 2542 pomo
1674 2495 1820 2527 sucus
1862 2491 2116 2539 expressus

277 2578 344 2625 30
368 2568 534 2615 acacia
558 2582 586 2614 a
611 2565 812 2615 Graecis
839 2564 1028 2614 dicitur.
1088 2561 1311 2623 Pistacia,
1337 2562 1471 2624 quod
1498 2572 1663 2609 cortex
1689 2558 1823 2622 pomi
1849 2558 1952 2607 eius
1978 2555 2116 2605 nardi

432 2709 448 2733 1
484 2709 550 2734 no.
570 2702 635 2733 est
651 2708 759 2744 quae
775 2693 819 2731 D
901 2695 974 2732 lux
998 2694 1034 2731 T
1102 2691 1295 2730 nucillam
1314 2691 1358 2728 D
1441 2706 1465 2740 4
1496 2690 1632 2728 induit
1647 2689 1739 2728 DK
1820 2690 1846 2726 6
1873 2688 2064 2727 arbustas‘
2088 2685 2125 2724 T

375 2750 570 2801 pervenit
589 2749 632 2787 D
802 2750 854 2787 ab
875 2750 1023 2788 ablano
1053 2746 1104 2786 T1
1344 2759 1393 2784 10
1422 2758 1489 2784 en.
1513 2758 1639 2795 grece
1660 2745 1704 2782 D
1877 2748 2118 2782 castaneam
2164 2743 2176 2757 ‘⁴‘

375 2805 510 2845 codd.:
537 2802 741 2842 κάστανον
761 2803 850 2844 edd.
1086 2815 1134 2850 14
1165 2800 1366 2852 primum]
1390 2813 1559 2850 pomum
1581 2798 1624 2837 D
1833 2797 1884 2836 si.
1906 2797 1960 2835 ad
1974 2796 2053 2835 vic.
2075 2795 2121 2834 K

379 2873 425 2910 17
456 2860 678 2898 frumentis
696 2859 742 2897 K
954 2859 1001 2896 18
1032 2856 1236 2896 Suberias
1262 2855 1300 2893 T
1466 2868 1530 2894 va.
1555 2867 1617 2893 co.
1642 2852 1889 2892 natadurius
1908 2850 1978 2889 D:
2008 2850 2121 2889 vale·
2166 2862 2176 2892 ξ

376 2915 550 2953 dissima
571 2926 633 2954 co,
659 2913 866 2952 natatoria
887 2912 933 2950 K
1029 2925 1080 2950 22
1110 2912 1257 2950 harum
1276 2909 1322 2947 K
1416 2909 1485 2948 ho.
1508 2909 1559 2948 ol.
1588 2907 1627 2946 T
1719 2919 1773 2956 23
1800 2906 2057 2956 sumpserint
2076 2903 2120 2942 D
2160 2893 2176 2987 Ξ

379 2982 464 3009 esc.
489 2969 717 3009 habuerint
737 2967 806 3006 D:
837 2981 919 3007 om.
949 2967 985 3006 T
1172 2978 1225 3014 24
1255 2963 1420 3003 escalus
1440 2964 1483 3002 D
1607 2961 1810 3001 vocabulo
1833 2959 1989 3011 (-bolo)
2007 2958 2118 2999 codd.

382 3035 431 3073 25
461 3023 584 3076 φαγ.]
620 3023 718 3073 fage
751 3021 862 3062 codd.
1133 3019 1350 3058 Siliolicon
1388 3018 1458 3057 D:
1506 3017 1714 3056 Xsillieon
1736 3014 1803 3054 K:
1854 3014 2043 3054 Sililicon
2090 3011 2146 3061 T<

379 3080 431 3118 26
461 3078 616 3118 latinae
638 3078 681 3116 D
819 3076 1021 3128 seliquam
1046 3073 1088 3113 K
1095 3073 1132 3112 T
1234 3087 1288 3124 29
1316 3073 1460 3121 agacia
1479 3073 1522 3111 D
