2176 3424
1105 133 1374 181 ISIDORI

314 267 342 313 3
368 257 415 305 in
444 259 638 323 templis
666 262 836 309 offerre
861 271 1236 310 consueverunt.
1309 263 1563 312 Aerarium
1585 274 1812 313 vocatum
1841 266 1954 328 quia
1980 266 2110 329 prius

367 357 450 389 aes
491 343 735 404 signatum
772 342 837 391 ibi
876 344 1250 393 recondebatur.
1326 347 1442 393 Hoc
1473 345 1604 394 enim
1640 346 1756 395 olim
1795 347 1844 395 in
1882 364 1972 397 usu
2010 358 2111 397 erat

365 439 486 472 auro
510 434 813 488 argentoque
839 427 1063 475 nondum
1091 426 1282 490 signato
1304 446 1313 476 :
1336 445 1394 476 ex
1419 445 1629 491 quorum
1655 430 1863 479 metallis
1888 431 2111 494 quamvis

365 515 537 568 postea
562 509 690 556 facta
714 508 883 558 fuisset
909 511 1136 572 pecunia,
1162 527 1347 560 nomen
1372 520 1539 560 tamen
1562 512 1731 561 aerarii
1756 513 2023 577 permansit
2046 514 2110 562 ab

307 602 339 648 4
364 604 424 637 eo
449 592 648 638 metallo
673 593 808 640 unde
834 590 1046 654 pecunia
1073 589 1298 659 [nomen]
1324 592 1518 641 initium
1545 595 1766 657 sumpsit.
1830 595 2107 644 Armarium
2135 611 2157 651 5

362 671 499 719 locus
543 681 615 720 est
659 672 744 721 ubi
793 689 1219 736 quarumcumque
1258 674 1434 723 artium
1479 676 1802 725 instrumenta
1843 687 2106 740 ponuntur.

360 754 810 802 Armamentarium
836 771 965 814 vero,
994 755 1079 803 ubi
1109 764 1299 803 tanturn
1335 758 1431 805 tela
1459 774 1721 806 armorum.
1795 760 1942 809 Vnde
1974 763 2111 810 Iuve-

359 835 482 883 nalis
510 835 608 900 (13,
630 836 743 900 83):

599 917 859 981 Quidquid
897 919 1047 968 habet
1085 921 1294 968 telorum
1330 921 1706 970 armamentaria
1742 922 1877 972 caeli.

363 1001 509 1049 Dicta
527 1008 693 1048 autem
712 1010 918 1063 utraque
937 1001 1001 1049 ab
1021 1000 1181 1061 armis,
1205 1000 1255 1050 id
1272 1011 1345 1050 est
1364 1002 1589 1062 brachiis,
1610 1003 1789 1066 quibus
1808 1015 2107 1055 exercentur,
2136 1028 2176 1058 τε

309 1090 339 1139 5
364 1081 674 1130 Bibliotheca
700 1092 771 1131 est
791 1085 929 1131 locus
955 1083 1041 1132 ubi
1067 1094 1372 1147 reponuntur
1397 1083 1506 1133 libri
1527 1103 1539 1146 3
1563 1087 1744 1149 βίβλος
1768 1087 1900 1135 enirn
1922 1089 2110 1137 Graece

306 1169 340 1216 6
362 1164 498 1224 liber,
528 1165 644 1227 θήκη
670 1165 994 1228 repostorium
1023 1165 1214 1214 dicitur.
1287 1167 1648 1216 Promtuarium
1675 1168 1861 1218 dictum
1887 1186 1948 1219 eo
1973 1173 2109 1233 quod

310 1263 339 1312 7
362 1245 479 1295 inde
515 1246 790 1295 necessaria
827 1247 971 1295 victui
1016 1256 1321 1310 promuntur,
1357 1250 1453 1297 hoc
1493 1259 1565 1298 est
1607 1252 1928 1313 proferuntur.
2004 1254 2110 1302 Cel-

361 1327 548 1389 larium,
577 1330 714 1391 quod
752 1328 799 1376 in
839 1346 899 1378 eo
925 1329 1216 1393 colligantur
1252 1330 1519 1380 ministeria
1557 1349 1852 1393 mensarum,
1880 1335 1956 1383 vel
1982 1351 2108 1398 quae

357 1410 633 1459 necessaria
679 1410 829 1459 victui
885 1421 1162 1474 supersunt.
1254 1414 1389 1462 Inter
1436 1414 1789 1476 promtuarium
1846 1425 2011 1465 autem
2061 1427 2107 1466 et
2136 1436 2174 1475 ιε

360 1492 608 1541 cellarium
654 1494 749 1541 hoc
786 1492 988 1542 interest
1022 1495 1157 1556 quod
1196 1494 1444 1543 cellarium
1483 1505 1556 1544 est
1592 1513 1862 1559 paucorum
1900 1497 2104 1559 dierum,

307 1582 336 1628 8
360 1574 717 1638 promtuarium
756 1592 870 1623 vero
908 1576 1143 1639 temporis
1180 1578 1311 1640 longi
1354 1585 1440 1626 est.
1521 1580 1781 1642 Apotheca
1823 1588 1988 1629 autem
2031 1583 2106 1630 vel

360 1658 533 1706 horrea
568 1673 597 1705 a
636 1659 840 1717 GraecQ
870 1659 1074 1707 verbum
1113 1675 1139 1708 e
1176 1660 1327 1709 verbo
1365 1659 1631 1724 repostoria
1667 1663 1743 1710 vel
1780 1663 2107 1712 reconditoria

359 1739 455 1789 dici
472 1749 695 1804 possunt,
721 1756 781 1788 eo
799 1741 935 1803 quod
961 1741 1010 1788 in
1028 1740 1103 1789 his
1125 1741 1352 1791 homines
1373 1743 1646 1792 elaboratas
1666 1745 1825 1808 fruges
1845 1755 2103 1809 reponunt.

358 1824 507 1872 Vnde
555 1832 603 1872 et
653 1823 914 1870 enthecam
957 1824 1150 1872 Graeco
1199 1823 1401 1873 nomine
1440 1825 1703 1888 repositam
1743 1828 1808 1876 rei
1852 1827 2102 1890 copiosam
2131 1858 2176 1887 20

356 1904 681 1955 substantiam
707 1906 1028 1968 appellamus.

275 2001 332 2040 VI
498 1990 578 2035 DE
617 2002 910 2035 OPERARns.
985 1986 1314 2051 Ergasterium
1349 1989 1486 2038 locus
1517 1998 1590 2038 est
1621 1989 1706 2038 ubi
1743 2007 1867 2053 opus
1903 1990 2104 2054 aliquod

359 2071 426 2118 fit.
500 2070 694 2118 Graeco
731 2068 862 2118 enim
902 2086 1130 2119 sermone
1168 2072 1280 2136 ἔργα
1315 2087 1476 2134 opera,
1506 2094 1696 2135 στηριον
1732 2072 1876 2121 statio
1895 2091 1908 2134 3
1945 2072 1995 2122 id
2032 2082 2104 2122 est

301 2164 331 2199 2
356 2151 564 2215 operarii
601 2150 760 2200 statiO.
835 2153 1093 2214 Ergastula
1130 2169 1330 2216 quoque
1367 2162 1415 2202 et
1451 2155 1555 2217 ipsa
1585 2171 1612 2203 a
1638 2156 1829 2204 Graeco
1859 2156 2103 2206 vocabulo

355 2242 717 2297 nuncupantur,
740 2232 826 2282 ubi
853 2235 1152 2297 deputantur
1177 2235 1309 2284 noxii
1333 2237 1398 2285 ad
1417 2235 1620 2299 aliquod
1646 2254 1769 2300 opus
1796 2238 2102 2300 faciendum3
2128 2267 2176 2308 25³

354 2325 406 2364 ut
444 2317 603 2365 solent
640 2314 932 2379 gladiatores
970 2325 1018 2365 et
1056 2319 1234 2378 exules,
1264 2317 1347 2381 qui
1385 2334 1627 2367 marmora
1664 2328 1832 2368 secant
1862 2330 1909 2370 et
1935 2329 2100 2371 tamen

299 2418 328 2464 3
355 2399 663 2448 vinculorum
693 2397 931 2448 custodiis
956 2398 1137 2462 alligati
1163 2408 1289 2449 sunt.
1354 2401 1670 2463 Gynaeceum
1699 2403 1888 2452 Graece
1913 2402 2099 2454 dictum

411 2542 428 2567 1
463 2535 720 2568 consuerunt
745 2526 782 2565 T
848 2531 909 2577 §3
934 2528 997 2580 (cf.
1018 2529 1133 2568 XVI.
1159 2542 1282 2569 xvm.
1309 2530 1351 2580 5)
1430 2543 1454 2568 2
1477 2531 1572 2582 aes]
1590 2538 1654 2570 est
1671 2533 1711 2571 Β
1784 2545 1808 2582 3
1837 2533 2047 2583 signatum
2071 2535 2096 2573 7

352 2584 427 2636 ex]
450 2588 492 2622 et
512 2583 552 2620 Β
693 2583 888 2634 quorum]
912 2583 1057 2632 quibus
1078 2583 1123 2621 K
1312 2596 1335 2632 5
1368 2598 1522 2624 nornen
1546 2586 1601 2625 in.
1620 2585 1690 2626 K:
1721 2601 1875 2626 nomen
1892 2594 1934 2628 et
1955 2590 2011 2629 in.
2035 2588 2097 2630 B:

351 2640 409 2679 in.
436 2636 513 2678 CT
645 2641 671 2676 6
702 2651 955 2687 quarumque
975 2638 1062 2676 ΒΚ
1198 2652 1219 2688 7
1249 2639 1545 2678 armentarium
1566 2639 1652 2678 ΒΤ
1772 2656 1798 2692 9
1828 2643 1985 2682 habent
2006 2643 2093 2684 dett.

353 2692 607 2732 armentaria
637 2691 673 2729 T
850 2705 897 2731 10
927 2698 1143 2743 utramque
1172 2693 1210 2731 T
1381 2699 1447 2733 est
1468 2708 1491 2733 a
1513 2696 1573 2735 br.
1598 2694 1645 2732 K
1882 2711 1924 2735 11
1956 2698 2097 2750 βιβλ.]

354 2749 492 2787 biblus
512 2746 582 2786 K:
611 2746 739 2786 biblio
761 2747 881 2786 BCT
989 2760 1036 2786 12
1069 2748 1374 2788 Prumtuarium
1395 2747 1462 2789 K:
1497 2750 1787 2800 Proptuarium
1812 2752 1861 2791 Cl
1976 2763 2022 2801 14
2053 2752 2094 2791 in
2167 2788 2170 2789 γ

356 2803 430 2854 eo]
450 2803 550 2841 inde
576 2801 611 2840 C
754 2815 885 2842 mens.
913 2834 922 2843 .
946 2834 954 2842 .
981 2833 991 2844 .
1014 2816 1104 2843 nec.
1125 2817 1207 2844 om.
1235 2803 1284 2843 Cl
1439 2805 1507 2844 vel
1528 2819 1608 2845 om.
1633 2804 1679 2842 K
1873 2818 1920 2856 15
1951 2819 2095 2846 neces-

355 2858 469 2896 sario
491 2854 590 2896 ΒΘΖ
761 2859 1092 2908 promptuarium
1117 2858 1152 2896 C
1330 2870 1375 2907 17
1408 2860 1738 2911 promptuarium
1762 2860 1797 2899 C
1963 2866 2093 2913 temp.

354 2912 431 2964 lo.]
454 2917 519 2952 est
539 2911 580 2950 Β
682 2911 730 2949 18
758 2925 781 2950 a
802 2925 884 2954 om.
906 2913 946 2951 Β
965 2928 974 2952 :
1005 2926 1026 2952 a
1049 2913 1213 2952 Graeco
1234 2926 1313 2953 om.
1337 2912 1384 2950 K
1486 2927 1534 2964 19
1562 2915 1727 2964 possint
1747 2914 1792 2952 K
1884 2915 2094 2956 laboratas

355 2966 400 3004 K
554 2972 763 3017 reponant
782 2965 828 3003 K
1006 2981 1060 3007 20
1089 2969 1270 3007 enticam
1291 2967 1370 3007 BC
1375 2968 1432 3007 T:
1462 2970 1631 3009 inticam
1652 2968 1699 3006 K
1850 2970 2031 3020 positam
2053 2969 2098 3009 K

355 3034 407 3060 22
437 3021 562 3074 opus]
596 3022 714 3060 locus
741 3020 778 3059 T
896 3035 948 3072 23
979 3023 1106 3063 sterio
1127 3021 1207 3061 BC
1211 3022 1248 3060 T
1256 3037 1264 3062 :
1294 3023 1480 3064 isterium
1501 3023 1569 3063 K:
1598 3025 1749 3063 sterios
1775 3024 1818 3064 U
1912 3031 2009 3066 stat.
2028 3055 2036 3065 .
2054 3056 2063 3066 .
2080 3057 2090 3067 .

356 3082 421 3115 est
443 3089 525 3116 om.
549 3075 621 3115 K:
649 3076 777 3115 statio
798 3089 878 3116 om.
905 3077 940 3115 C
1048 3090 1098 3127 25
1129 3078 1384 3129 depotantur
1404 3078 1450 3116 K
1467 3079 1569 3130 (pro
1590 3079 1757 3129 deport·
1775 3079 1807 3130 2)
1924 3093 1974 3130 27
2009 3080 2092 3119 Ge-

355 3132 515 3170 nieeum
537 3129 680 3170 BCT:
710 3131 944 3181 Genigeum
967 3131 1012 3170 K
