2228 3444
1048 150 1323 198 ISIDORI

308 291 417 322 cam
444 274 538 323 ita:
578 276 693 336 Qua
717 285 854 340 parte
880 286 1077 341 superat
1094 280 1287 328 medius
1312 279 1541 342 primum,
1560 283 1735 331 eadem
1762 292 1900 346 parte
1924 301 2063 347 supe-

307 365 439 404 ratur
464 357 657 407 medius
683 358 747 406 ab
773 367 1005 408 extremo.
1081 362 1269 423 thuta
1294 377 1345 409 VI
1382 372 1430 411 et
1461 379 1553 411 V111
1574 382 1586 424 3
1622 365 1816 414 duabus
1841 365 2062 428 partibus

307 448 552 501 superant,
582 457 708 502 quae
735 442 864 490 duae
890 451 1052 505 partes
1079 442 1220 491 tertia
1245 443 1423 504 media,
1447 443 1602 511 vl1[1]‚
1627 456 1881 510 superatur
1905 448 1969 496 ab
1995 449 2063 495 ul-

307 518 428 567 tima
453 537 601 568 nona.

222 610 285 650 IX
445 603 598 663 QVOT
635 617 844 651 NVMERI
885 619 1110 654 1NF1N1T1
1153 621 1426 656 EXISTVNT.
1501 610 1749 658 Numeros
1791 619 1956 659 autem
1994 610 2062 659 in-
2086 632 2108 673 5

308 682 472 731 finitos
510 701 617 733 esse
654 685 981 734 certissimum
1019 696 1106 747 est,
1136 688 1372 751 quoniam
1411 688 1460 737 in
1498 707 1816 754 quocumque
1851 708 2060 741 numero

306 766 456 814 finem
499 768 784 816 faciendum
828 769 1088 831 putaveris,
1129 771 1262 819 idern
1305 771 1410 835 ipse
1453 790 1555 820 non
1595 773 1709 822 dico
1751 792 1852 823 uno
1888 775 2060 825 addito

304 848 483 912 augeri,
512 851 598 898 sed
626 850 898 912 quamlibet
923 851 982 900 sit
1008 869 1230 916 magnus,
1255 862 1302 902 et
1327 854 1599 917 quamlibet
1625 854 1876 919 ingentem
1903 857 2061 906 multi-

304 930 529 979 tudinem
564 932 839 992 continens‚
870 935 919 981 in
954 935 1060 997 ipsa
1096 934 1286 984 ratione
1318 945 1468 999 atque
1503 936 1707 986 scientia
1739 955 2057 988 numerorum

250 1018 280 1053 2
305 1028 407 1060 non
432 1015 593 1061 solum
620 1014 872 1076 duplicari,
901 1032 1070 1064 verum
1098 1016 1246 1065 etiarn
1273 1018 1583 1081 multiplicari
1610 1029 1784 1082 potest.
1844 1023 1921 1069 Ita
1944 1039 2059 1070 vero
2086 1039 2136 1069 10

303 1096 403 1143 suis
424 1095 633 1158 quisque
653 1114 888 1146 numerus
915 1098 1295 1162 proprietatibus
1313 1099 1614 1161 terminatur,
1632 1110 1684 1149 ut
1705 1104 1867 1150 nullus
1888 1120 2057 1152 eorum

302 1193 387 1240 par
429 1193 536 1226 esse
578 1177 877 1242 cuicumque
912 1180 1051 1228 alteri
1088 1180 1254 1243 possit.
1331 1184 1462 1245 Ergo
1500 1192 1546 1231 et
1584 1182 1802 1246 dispares
1840 1183 1965 1233 inter
2007 1202 2058 1233 se

300 1267 449 1321 atque
476 1259 654 1309 diversi
682 1270 808 1322 sunt,
830 1270 877 1310 et
898 1261 1076 1325 singuli
1104 1262 1288 1326 quique
1310 1263 1433 1312 finiti
1460 1273 1587 1325 sunt,
1607 1274 1655 1314 et
1680 1282 1853 1315 ornnes
1879 1266 2058 1315 infiniti

301 1350 428 1390 sunt.

237 1429 279 1468 X
440 1425 523 1471 DE
550 1438 939 1474 INVENTORlssvs
967 1427 1327 1474 GEOMETRIAE
1356 1442 1419 1474 ET
1445 1442 1714 1477 VOCABVLO
1742 1444 1868 1478 Elvs.
1931 1431 2057 1480 Geo-
2086 1451 2128 1492 15

302 1503 504 1553 metriae
538 1505 801 1569 disciplina
835 1506 1047 1569 primum
1081 1508 1146 1556 ab
1179 1508 1433 1572 Aegyptiis
1466 1519 1657 1572 reperta
1682 1510 1873 1571 dicitur,
1902 1514 2053 1575 quod,

299 1585 574 1636 inundante
612 1587 730 1636 Nilo
765 1572 1075 1654 etsomnium
1108 1589 1506 1653 possessionibus
1543 1591 1662 1640 limo
1699 1592 1944 1654 obductis,
1971 1593 2057 1641 ini-

298 1666 421 1715 tium
448 1677 603 1718 terrae
629 1669 928 1720 dividendae
953 1688 1039 1734 per
1058 1671 1210 1720 lineas
1237 1682 1285 1721 et
1306 1689 1558 1722 mensuras
1579 1690 1764 1723 nomen
1788 1674 1878 1723 arti
1900 1676 2050 1726 dedit.

301 1751 444 1811 Quae
477 1750 661 1800 deinde
693 1752 887 1815 longius
919 1753 1149 1803 acumine
1182 1753 1477 1817 sapientium
1511 1757 1730 1818 profecta
1761 1765 1809 1804 et
1834 1756 1979 1805 maris
2006 1766 2054 1806 et

243 1839 274 1875 2
299 1831 420 1880 caeli
447 1841 495 1880 et
519 1832 642 1882 aeris
669 1834 823 1896 spatia
845 1835 1126 1884 metiuntur.
1177 1837 1308 1884 Nam
1329 1836 1580 1899 provocati
1606 1837 1770 1886 studio
1791 1837 1860 1886 sic
1880 1855 2053 1902 coepe—
2077 1855 2129 1883 πο

298 1923 410 1961 runt
435 1924 546 1977 post
572 1924 728 1964 terrae
753 1915 1118 1966 dimensionem
1153 1926 1201 1966 et
1233 1917 1356 1966 caeli
1381 1918 1539 1980 spatia
1563 1935 1796 1982 quaerere
1817 1938 1825 1967 :
1864 1930 2051 1982 quanto

296 1994 552 2045 intervallo
601 1997 718 2045 luna
761 2014 788 2047 a
825 1998 980 2060 terris,
1005 2015 1032 2047 a
1066 2001 1184 2047 luna
1222 2001 1296 2048 sol
1332 1999 1438 2063 ipse
1474 1999 1690 2061 distaret,
1719 2010 1767 2050 et
1798 2018 1954 2064 usque
1987 2004 2051 2051 ad

294 2077 527 2127 verticem
554 2078 677 2128 caeli
703 2090 889 2142 quanta
914 2098 966 2130 se
992 2098 1223 2130 mensura
1256 2081 1576 2142 distenderet,
1605 2082 1774 2145 sicque
1799 2082 2052 2132 intervalla

295 2159 402 2222 ipsa
430 2159 552 2209 caeli
585 2161 818 2225 orbisque
853 2163 1098 2212 ambitum
1135 2181 1221 2227 per
1257 2181 1517 2213 numerum
1555 2164 1826 2213 stadiorum
1864 2164 2052 2214 ratione

242 2247 272 2293 3
296 2241 541 2304 probabili
580 2242 921 2293 distinxerunt.
994 2247 1093 2294 Sed
1140 2245 1255 2308 quia
1292 2263 1350 2294 ex
1388 2255 1542 2294 terrae
1579 2246 1890 2295 dimensione
1927 2248 2049 2295 haec
2075 2262 2123 2303 25

294 2322 555 2386 disciplina
579 2325 757 2388 coepit,
786 2343 843 2374 ex
867 2325 1008 2375 initio
1034 2326 1108 2375 sui
1134 2336 1182 2375 et
1207 2344 1392 2375 nomen
1419 2326 1639 2376 servavit.
1701 2330 1831 2376 Nam
1856 2345 2050 2391 geome-

353 2467 369 2491 1
402 2453 458 2491 ita
479 2455 575 2505 qua]
597 2455 739 2505 itaque
760 2455 871 2495 codd.
900 2457 1045 2506 (etiam
1066 2456 1131 2508 A)
1151 2471 1158 2494 :
1195 2458 1336 2506 itaque
1358 2470 1440 2507 qua
1461 2456 1553 2496 dett.
1674 2463 1792 2507 parte
1815 2457 1874 2496 C:
1904 2463 2049 2507 partes

294 2507 444 2548 ABT:
477 2515 640 2558 partem
663 2511 708 2547 K
843 2512 1022 2560 primam
1046 2511 1096 2550 C1
1295 2525 1319 2549 2
1350 2511 1490 2550 media
1510 2512 1563 2550 ad
1585 2519 1775 2551 extrema
1796 2512 1842 2549 K
1863 2516 1962 2562 (non
1983 2514 2048 2562 A)

295 2575 321 2612 3
350 2571 609 2612 superantur
634 2565 676 2603 Β
707 2566 767 2614 (A
791 2579 831 2605 n.
849 2566 899 2617 l.)
1012 2566 1098 2617 vu]
1125 2579 1205 2605 vm
1237 2566 1376 2619 (octo)
1405 2566 1518 2605 AB:
1548 2573 1589 2604 et
1614 2573 1710 2606 octo
1742 2567 1803 2606 C:
1840 2573 1960 2606 octus
1988 2566 2046 2606 T:

294 2618 472 2656 octabus
492 2618 538 2656 K
636 2626 891 2670 superantur
911 2621 957 2658 K
1066 2633 1091 2670 5
1121 2621 1336 2660 Numerus
1356 2620 1513 2670 ATU;
1543 2622 1776 2660 Numerum
1798 2621 1844 2659 K
1862 2624 1963 2673 (non
1983 2621 2046 2670 D)

294 2672 459 2724 autem]
479 2674 560 2712 hoc
583 2673 629 2711 K
738 2676 950 2714 infinitum
980 2676 1046 2716 K:
1079 2682 1163 2716 -tus
1182 2676 1224 2715 A
1371 2689 1391 2724 7
1424 2677 1535 2714 idem
1557 2689 1637 2716 om.
1665 2675 1715 2715 C1
1826 2690 1913 2715 non
1935 2675 2048 2727 dico]

294 2729 523 2767 nomodico
543 2727 590 2766 Tl
608 2734 654 2768 ut
668 2729 748 2768 vid.
860 2732 886 2768 8
905 2731 1067 2779 ingenti
1084 2731 1352 2770 multitudine
1369 2730 1416 2768 K
1507 2745 1533 2781 9
1554 2732 1596 2770 in
1613 2745 1696 2771 om.
1713 2731 1760 2768 K
1825 2743 2047 2769 numerum

294 2782 340 2819 K
453 2795 499 2822 11
532 2784 702 2834 propria
724 2786 935 2824 aetatibus
955 2786 997 2824 Β
1110 2799 1157 2835 13
1187 2785 1311 2824 divisi
1331 2784 1368 2823 T
1473 2786 1677 2836 singulari
1695 2785 1744 2825 C1
1858 2797 1906 2835 15
1937 2785 2048 2824 Geo-

295 2837 495 2877 metricae
528 2837 585 2877 C:
625 2839 896 2878 Geometrica
926 2840 966 2877 A
990 2855 999 2879 2
1039 2840 1308 2880 Geometrica
1337 2845 1403 2878 est
1431 2839 1478 2878 K
1646 2844 1695 2879 16
1724 2842 1764 2880 d.
1786 2853 1897 2889 quae
1917 2853 1980 2890 pr.
2005 2839 2052 2876 K

298 2904 345 2941 17
378 2893 567 2932 undante
587 2893 628 2931 A
635 2893 714 2932 BC
823 2895 1018 2934 omnibus
1039 2894 1086 2933 K
1193 2894 1473 2946 positionibus
1493 2895 1534 2932 A
1667 2895 1715 2933 18
1747 2895 1990 2933 dividentur
2007 2893 2048 2932 B

294 2960 449 2986 nomen
478 2947 579 3000 arti]
609 2949 773 2988 numeri
803 2949 850 2986 K
879 2952 978 2999 (non
1008 2949 1072 3001 A)
1244 2962 1294 3000 19
1331 2949 1519 2999 perfecta
1546 2948 1616 2990 C1:
1655 2962 1737 2990 om.
1770 2949 1939 2999 K(non
1957 2948 2046 3001 A):

293 3002 358 3040 vel
373 3009 577 3052 provecta
744 3017 797 3042 20
828 3005 887 3044 sic
908 3019 990 3046 om.
1010 3003 1058 3042 K
1221 3018 1269 3044 21
1301 3011 1344 3044 et
1362 3018 1445 3045 om.
1467 3004 1514 3042 K
1666 3017 1718 3053 24
1748 3004 1986 3044 studiorum
2014 3002 2053 3043 T

294 3067 346 3105 25
376 3070 484 3106 quae
504 3057 547 3096 A
713 3060 767 3098 26
795 3059 959 3110 accepit
976 3059 1023 3098 K
1037 3074 1046 3100 :
1076 3059 1230 3110 accipit
1248 3058 1291 3098 A
1403 3059 1523 3112 nam]
1543 3065 1625 3098 tarn
1645 3058 1693 3097 K
