2176 3424
1077 132 1349 181 ISIDORI

249 287 314 338 54
342 267 647 314 Albanorum
692 268 925 330 appellari
970 277 1254 329 coeperunt.
1327 266 1551 329 Capuam
1591 267 1752 328 Capys
1790 265 1966 314 Silvius
2004 282 2084 314 rex

340 348 647 396 Albanorum
685 348 969 407 construxit,
1005 350 1300 411 appellatam
1335 364 1363 397 a
1396 347 1598 396 nomine
1632 347 1901 396 conditoris
1921 366 1934 408 3
1973 346 2086 396 licet

340 430 436 479 sint
473 432 555 494 qui
594 429 762 480 dicant
798 448 827 479 a
863 429 1136 494 capacitate
1173 447 1282 480 eam
1321 431 1545 494 Capuam
1583 428 1782 490 dictam,
1811 430 1947 493 quod
1983 429 2086 478 eius

340 521 465 561 terra
502 529 703 562 omnem
741 513 869 562 vitae
905 515 1119 561 fructum
1156 513 1346 577 capiat:
1392 512 1471 560 alii
1508 529 1537 560 a
1573 511 1693 561 locis
1731 510 2087 575 campestribus

341 594 388 642 in
417 595 597 658 quibus
625 594 716 643 sita
741 604 828 644 est.
904 597 992 644 Est
1022 605 1188 644 autem
1223 605 1371 659 caput
1396 594 1591 643 urbium
1620 595 1936 656 Campaniae,
1963 593 2089 641 inter
2113 611 2136 650 5

342 686 437 726 tres
475 677 714 726 maximas
750 680 965 727 Romam
1002 677 1453 742 Carthaginemque
1487 685 1742 725 numerata
1759 694 1772 736 ,·
1819 692 1877 724 ex
1913 692 2011 738 qua
2041 684 2089 723 et

254 768 318 819 55
343 758 594 822 provincia
623 758 795 808 Italiae
822 762 1097 823 Campania
1122 759 1254 809 dicta
1280 769 1366 809 est.
1420 761 1666 808 Romulus
1692 775 1806 806 cum
1832 757 2088 806 interfecto

342 843 476 906 apud
501 842 681 890 Albam
710 842 912 891 Amulio
938 859 1083 891 avum
1113 842 1425 891 Numitorem
1462 843 1511 889 in
1544 857 1748 904 regnum
1784 839 2087 900 restituisset,

343 924 392 972 in
419 941 533 972 eum
559 926 723 973 locum
752 924 837 973 ubi
863 941 997 973 nunc
1024 926 1189 972 Roma
1214 934 1286 973 est
1312 923 1525 985 devenit,
1548 923 1716 986 ibique
1742 924 1884 972 sedes
1910 922 2086 986 posuit,

344 1008 541 1056 moenia
577 1006 861 1067 construxit,
889 1007 1163 1069 urbemque
1197 1022 1254 1054 ex
1280 1005 1482 1054 nomine
1517 1022 1606 1054 suo
1640 1006 1854 1053 Romam
1881 1003 2087 1053 vocavit.
2118 1026 2165 1053 10

344 1091 493 1137 Hanc
536 1097 703 1137 autem
747 1098 892 1137 antea
934 1090 1164 1137 Evander
1203 1087 1381 1137 dicitur
1419 1086 1717 1146 condidisse,
1758 1096 1811 1135 ut
1853 1095 1924 1135 est
1967 1086 2088 1134 illud

347 1170 498 1236 (Virg.
519 1173 645 1219 Aen.
668 1174 709 1229 8,
733 1172 880 1235 313):

548 1255 692 1301 Tunc
728 1262 865 1315 pater
903 1254 1161 1302 Evandrus
1200 1254 1459 1301 Romanae
1495 1252 1723 1300 conditor
1757 1250 1895 1299 arcis.

253 1340 321 1399 56
347 1338 516 1384 Ancus
553 1334 770 1384 Marcius
804 1352 862 1384 ex
896 1337 995 1383 filia
1032 1338 1228 1384 Numae
1259 1333 1490 1398 Pompilii
1526 1343 1698 1382 natus:
1736 1332 1816 1381 hic
1841 1332 2013 1381 urbem
2040 1332 2089 1380 in

347 1418 477 1468 exitu
508 1417 703 1467 Tiberis
740 1417 964 1467 condidit
995 1434 1121 1480 quae
1163 1427 1210 1466 et
1243 1416 1519 1481 peregrinas
1553 1432 1739 1465 merces
1770 1414 2013 1478 exciperet
2043 1423 2091 1463 et
2117 1431 2165 1472 15

258 1518 320 1569 57
346 1501 540 1548 hostem
568 1509 851 1560 moraretur,
880 1517 1029 1562 quam
1054 1500 1118 1548 ab
1145 1501 1253 1563 ipso
1279 1499 1373 1548 situ
1400 1498 1591 1549 Ostiam
1622 1499 1899 1562 appellavit.
1961 1496 2090 1546 Galli

344 1583 546 1644 quidam
581 1581 814 1631 intestina
850 1581 1095 1631 discordia
1133 1591 1179 1631 et
1216 1581 1425 1631 assiduis
1456 1577 1868 1630 dissensionibus*
1891 1597 2088 1629 suorum

345 1664 568 1727 permoti,
599 1666 740 1714 sedes
767 1681 919 1713 novas
946 1673 1236 1727 quaerentes
1265 1663 1457 1712 Italiam
1485 1662 1691 1726 profecti
1717 1672 1844 1721 sunt,
1873 1661 2090 1711 sedibus-

346 1765 442 1811 que
481 1748 687 1811 propriis
730 1747 906 1796 Tuscis
950 1747 1175 1810 expulsis,
1216 1747 1561 1796 Mediolanum
1601 1754 1748 1808 atque
1786 1746 1904 1793 alias
1946 1745 2091 1792 urbes

347 1829 691 1879 condiderunt.
747 1832 993 1878 Vocatum
1014 1839 1178 1879 autem
1207 1828 1552 1878 Mediolanum
1586 1828 1649 1876 ab
1675 1844 1736 1876 eo
1761 1828 1896 1890 quod
1921 1826 1988 1875 ibi
2010 1842 2092 1875 sus
2118 1841 2168 1869 20

257 1911 321 1972 58
348 1911 515 1961 medio
549 1913 691 1960 lanea
727 1911 1012 1975 perhibetur
1049 1911 1261 1960 inventa.
1339 1909 1572 1959 Historiis
1598 1911 1758 1973 placet
1791 1926 1819 1957 a
1857 1911 2091 1971 Messapo

348 1995 542 2044 Graeco
593 1995 874 2057 Messapiae
922 1995 1087 2043 datam
1139 1992 1391 2056 originem,
1443 2008 1630 2040 versam
1674 1992 1992 2054 postmodum
2042 1989 2090 2037 in

348 2092 533 2124 nomen
574 2075 846 2136 Calabriae,
883 2093 1030 2138 quam
1073 2075 1122 2123 in
1166 2073 1367 2123 exordio
1406 2072 1613 2123 Oenotri
1652 2074 1796 2122 frater
1833 2073 2092 2122 Peucetius

253 2170 324 2220 59
351 2159 632 2207 Peucetiam
671 2160 1024 2207 nominaverat.
1098 2160 1275 2206 Manto
1307 2156 1526 2205 Tiresiae
1563 2155 1662 2204 filia
1697 2165 1808 2219 post
1843 2155 2091 2204 interitum

346 2240 703 2290 Thebanorum
745 2240 924 2289 dicitur
966 2241 1128 2289 delata
1168 2238 1217 2287 in
1250 2237 1439 2286 Italiam
1483 2239 1743 2286 Mantuam
1781 2236 2092 2286 condidisse:
2119 2253 2176 2294 254

347 2331 421 2372 est
453 2331 619 2371 autem
654 2322 703 2370 in
738 2322 963 2381 Venetia,
1004 2338 1130 2384 quae
1161 2321 1322 2370 Gallia
1348 2319 1599 2382 Cisalpina
1633 2320 1843 2368 dicitur:
1881 2328 1928 2368 et
1962 2318 2093 2367 dicta

408 2465 423 2489 I
460 2451 576 2501 capis
599 2452 678 2502 (-pi
701 2451 763 2502 K)
787 2451 899 2492 codd.
1068 2463 1092 2488 2
1122 2450 1303 2500 apellata
1324 2447 1435 2487 KT:
1468 2449 1679 2499 appellata
1699 2448 1740 2486 Β
1869 2462 1892 2487 a
1914 2462 1996 2489 om.
2019 2447 2098 2487 BC

353 2520 378 2556 3
399 2520 423 2545 a
440 2519 580 2556 capae.
600 2520 682 2546 om.
705 2508 754 2545 Cl
864 2506 997 2557 quod]
1020 2505 1117 2555 quia
1133 2505 1172 2543 Β
1280 2507 1307 2544 6
1334 2503 1469 2554 num.]
1492 2504 1706 2543 nominata
1722 2503 1767 2540 K
1876 2517 1896 2553 7
1925 2502 2038 2542 italia
2055 2503 2095 2541 Β

351 2561 561 2600 interfecti
582 2561 623 2598 B
751 2563 775 2600 8
806 2561 975 2600 amullio
995 2560 1034 2598 Β
1053 2574 1062 2599 z
1093 2559 1261 2599 amunio
1284 2558 1336 2597 Τ1
1472 2572 1498 2608 9
1528 2559 1567 2596 in
1593 2572 1644 2598 eo
1666 2559 1759 2598 loco
1781 2558 1825 2596 K
1933 2559 2035 2597 sede
2064 2558 2100 2596 T

351 2630 441 2667 pos,
466 2622 508 2654 et
529 2629 637 2655 moe.
662 2615 703 2653 Κ
872 2629 922 2654 10
952 2616 1097 2654 urbem
1131 2628 1238 2664 quae
1270 2613 1338 2653 B:
1369 2614 1512 2653 urbem
1551 2613 1596 2651 K
1759 2626 1802 2651 11
1835 2619 1933 2653 ante
1963 2626 2013 2652 ea
2047 2613 2094 2651 C¹

352 2672 476 2710 cond.
515 2670 593 2709 dic.
621 2670 655 2708 C
820 2683 866 2719 14
902 2683 1067 2709 marcus
1102 2669 1222 2708 BCT
1327 2667 1498 2719 pampili
1531 2667 1571 2705 B
1741 2680 1787 2718 15
1817 2669 2026 2718 acciperet
2062 2666 2096 2704 C

357 2730 405 2766 16
435 2726 486 2765 ab
508 2739 593 2764 om.
617 2725 662 2762 K
777 2737 823 2774 17
855 2725 1116 2764 densonibus
1138 2723 1186 2763 C1
1300 2725 1348 2762 18
1379 2722 1583 2774 permotis
1607 2722 1645 2762 T
1750 2723 1926 2763 sedibus
1946 2735 2037 2772 pro.
2052 2721 2094 2759 Β

353 2795 400 2820 21
435 2781 576 2819 mediu
604 2780 671 2819 K:
703 2781 840 2818 media
867 2779 953 2818 ΒΤ
1085 2780 1168 2820 inv.
1191 2791 1278 2830 per.
1304 2777 1339 2817 C
1475 2777 1671 2817 Histonis
1692 2777 1738 2815 K
1872 2776 2028 2815 mesalo
2051 2775 2096 2813 K
2171 2787 2173 2789 ·

355 2848 406 2876 22
437 2848 564 2884 grece
586 2833 635 2873 C¹
657 2850 666 2874 ε
697 2834 875 2884 primum
897 2833 943 2872 K
1052 2834 1261 2883 messapia
1288 2833 1345 2872 T:
1377 2832 1576 2871 mesaliae
1597 2833 1643 2871 K
1762 2845 1926 2870 versam
1953 2830 2087 2869 Solin.

355 2904 392 2940 2,
415 2903 490 2932 12:
521 2903 642 2929 versa
662 2888 775 2928 codd.
889 2889 929 2928 in
952 2903 1034 2928 om.
1060 2888 1108 2927 C¹
1231 2900 1283 2937 23
1314 2888 1481 2927 eunotri
1502 2887 1573 2926 K:
1603 2887 1764 2926 cenotri
1786 2886 1892 2924 BT:
1921 2885 2093 2924 onotori

357 2945 405 2984 Ο
574 2958 623 2995 24
655 2950 900 2995 peuceteam
924 2945 964 2982 Β
1074 2943 1305 2983 nominavit
1329 2942 1365 2980 T
1483 2942 1652 2981 Mantoa
1675 2940 1720 2978 K
1827 2946 1923 2991 post
1944 2953 2025 2980 om.
2053 2939 2098 2976 K

356 3003 407 3039 26
436 3000 645 3039 venientia
667 2998 706 3036 Β
