2228 3444
1111 201 1381 251 ISIDORI

363 329 639 392 Graphium
682 338 847 378 autem
889 332 1092 388 Graece,
1146 331 1321 381 Latine
1364 332 1671 396 scriptorium
1721 333 1911 383 dicitur.
1988 337 2116 383 Nam

362 411 524 475 γραφή
549 409 787 473 scriptura
812 421 898 460 est.

297 498 339 537 X
500 495 582 540 DE
607 508 807 542 CARTis.
882 495 1139 544 Cartarum
1175 512 1319 543 usum
1355 496 1567 559 primum
1594 500 1847 560 Aegyptus
1881 497 2119 547 ministra-

363 574 443 632 vit,
472 585 706 637 coeptum
733 577 867 638 apud
896 576 1277 640 Memphiticam
1304 578 1492 627 urbem.
1569 578 1822 642 Memphis
1849 579 1981 628 enim
2008 581 2119 628 civi-

362 664 434 704 tas
460 666 533 704 est
560 656 931 720 Aegyptiorum,
951 657 1036 707 ubi
1063 668 1224 708 cartae
1249 676 1366 708 usus
1392 659 1621 709 inventus
1647 670 1720 709 est
1745 660 1972 724 primum,
1995 661 2120 711 sicut
2144 686 2164 724 5

361 736 428 785 ait
456 739 686 786 Lucanus
715 739 780 802 (4,
807 739 919 803 135)
943 758 951 787 :

637 820 911 869 Conficitur
948 821 1118 869 bibula
1157 822 1449 886 Memphitis
1485 833 1618 872 carta
1651 840 1852 888 papyro.

310 909 339 943 2
367 901 596 950 Bibulum
634 911 800 950 autem
838 919 1076 966 papyrum
1115 903 1236 953 dixit
1273 907 1408 967 quod
1446 906 1705 955 humorem
1748 907 1899 955 bibat.
1972 907 2120 957 Carta

363 994 527 1033 autem
557 983 688 1033 dicta
715 986 851 1047 quod
878 986 1083 1048 carptim
1110 988 1278 1050 papyri
1305 997 1504 1051 tegmen
1529 989 1818 1052 decerptum
1837 988 2117 1052 glutinatur.

364 1065 518 1116 Cuius
544 1084 724 1129 genera
750 1084 899 1130 quam
934 1069 1074 1131 plura
1107 1078 1235 1118 sunt.
1310 1069 1474 1117 Prima
1501 1079 1548 1118 et
1580 1072 1842 1134 praecipua
1870 1074 2119 1135 Augustea
2146 1093 2193 1120 10

362 1151 506 1212 regia,
535 1148 732 1197 maioris
759 1151 946 1198 formae
975 1149 1026 1197 in
1059 1152 1302 1199 honorem
1338 1153 1597 1200 Octaviani
1623 1152 1834 1216 Augusti
1859 1155 2116 1216 appellata.

309 1245 338 1291 3
363 1232 593 1280 Secunda
620 1231 856 1294 Libyana,
886 1232 952 1280 ob
987 1233 1227 1281 honorem
1264 1232 1450 1296 Libyae
1475 1233 1767 1295 provinciae.
1832 1234 1997 1282 Tertia
2022 1234 2121 1283 hie-

362 1315 512 1362 ratica
561 1312 694 1362 dicta
745 1311 855 1380 [eo]
905 1315 1042 1376 quod
1090 1316 1153 1363 ad
1197 1332 1360 1364 sacros
1409 1315 1558 1364 libros
1616 1315 1897 1378 eligebatur,
1949 1315 2119 1364 similis

305 1411 337 1457 4
365 1398 661 1459 Augusteae‚
696 1397 783 1444 sed
818 1395 1146 1445 subcolorata.
1222 1399 1416 1459 Quarta·
1446 1397 1763 1456 Taeneotica,
1799 1415 1827 1445 a
1861 1399 1972 1446 loco
2010 1400 2120 1447 Ale-

360 1476 594 1526 xandriae
620 1476 706 1539 qui
732 1476 797 1525 ita
823 1487 1036 1537 vocatur,
1062 1477 1147 1526 ubi
1176 1478 1338 1527 fiebat.
1404 1478 1592 1540 Quinta
1618 1478 1811 1539 Saitica,
1840 1479 1904 1528 ab
1930 1479 2117 1543 oppido
2146 1498 2192 1538 15

308 1566 339 1616 5
363 1561 458 1609 Sai.
533 1561 679 1608 Sexta
722 1559 1035 1620 Corneliana,
1069 1577 1098 1607 a
1146 1560 1379 1611 Corneli0
1429 1562 1574 1610 Gallo
1621 1562 1869 1624 praefecto
1908 1561 2119 1625 Aegypti

362 1641 576 1705 primum
614 1643 855 1690 confecta.
928 1640 1148 1705 Septima
1186 1642 1502 1706 emporetica,
1547 1643 1683 1705 quod
1726 1659 1784 1691 ea
1823 1659 2009 1691 merces
2052 1642 2122 1691 in-v

360 1725 638 1784 volvuntur,
667 1740 781 1772 cum
808 1725 868 1772 sit
894 1723 1143 1787 scripturis
1171 1726 1334 1773 minus
1359 1723 1554 1773 idonea.

275 1812 335 1851 XI
499 1807 583 1853 DE
610 1820 963 1854 PERGAMENIS.
1036 1805 1327 1870 Pergameni
1361 1823 1497 1869 reges
1531 1822 1644 1854 cum
1671 1814 1802 1854 carta
1827 1805 2114 1869 indigerent,

363 1887 651 1937 membrana
678 1887 822 1951 primi
849 1887 1261 1952 excogitaverunt.
1337 1890 1486 1936 Vnde
1519 1897 1566 1937 et
1601 1903 2007 1951 pergamenarum
2033 1906 2118 1937 no-
2144 1905 2194 1932 20

363 1987 477 2019 men
503 1971 762 2032 hucusque
789 1971 1012 2019 tradente
1039 1969 1131 2018 sibi
1158 1968 1442 2033 posteritate
1469 1978 1712 2018 servatum
1740 1978 1826 2017 est.
1862 1988 1866 1990 ·
1902 1971 2045 2018 Haec
2069 1979 2118 2019 et

364 2052 654 2101 membrana
685 2051 930 2111 dicuntur,
971 2051 1087 2115 quia
1120 2069 1179 2100 ex
1216 2051 1450 2100 membris
1485 2052 1734 2113 pecudum
1778 2052 2114 2101 detrahuntur.

308 2150 338 2185 2
364 2134 574 2183 Fiebant
598 2143 764 2183 autem
793 2134 1004 2197 primum
1040 2135 1217 2183 coloris
1251 2133 1384 2191 lutei,
1412 2134 1462 2182 id
1496 2139 1569 2182 est
1603 2132 1779 2193 crocei,
1806 2142 1978 2196 postea
2003 2150 2117 2182 vero

418 2278 442 2303 2
471 2263 630 2316 γραφή]
654 2266 786 2314 grafia
810 2264 934 2315 (-via*„
957 2264 1068 2303 codd.
1222 2271 1286 2303 cst
1307 2263 1460 2303 KTU:
1491 2264 1643 2302 dicitur
1661 2264 1742 2303 BC
1901 2276 1926 2313 3
1956 2263 2116 2313 primus

361 2319 492 2359 BTU
597 2334 621 2369 4
651 2332 716 2369 ap.
742 2319 1023 2368 memphicani
1046 2331 1106 2358 ur.
1138 2317 1293 2368 T(non
1321 2318 1378 2370 U)
1498 2319 1609 2357 enirn
1632 2332 1713 2358 om.
1737 2317 1778 2355 K
1892 2331 1915 2367 5
1946 2325 2011 2358 est
2032 2332 2113 2358 om.

362 2375 408 2413 K
595 2374 753 2425 primus
782 2373 886 2413 TU:
915 2387 998 2414 om.
1027 2375 1061 2413 C
1276 2386 1296 2422 7
1328 2374 1515 2423 configet
1537 2372 1587 2412 C1
1768 2373 2055 2422 memphiticis
2075 2372 2121 2410 K

363 2432 389 2468 8
420 2429 655 2480 papyrum]
676 2443 787 2480 papa
810 2429 861 2468 C1
974 2429 1132 2468 dixitur
1152 2427 1197 2466 K
1315 2442 1341 2478 9
1370 2429 1546 2479 carptim
1567 2426 1655 2466 AB
1682 2427 1791 2466 Trz'n.
1814 2442 1823 2466 :
1855 2433 2014 2467 curtem
2037 2426 2086 2465 C1
2107 2442 2116 2467 ι

363 2486 513 2524 cortim
535 2485 579 2522 D
598 2499 606 2523 :
636 2484 783 2523 cartim
812 2484 913 2523 TU:
949 2489 1114 2523 coartet
1134 2481 1219 2521 ΚΟ
1441 2483 1591 2534 papiro
1616 2482 1665 2521 Cl
1886 2482 2118 2531 glutinatur

361 2538 642 2579 ABCDTU:
669 2539 829 2588 glutino
846 2538 931 2577 ΚΟ
1042 2551 1092 2577 10
1112 2539 1177 2577 cui
1194 2537 1323 2576 BTU
1401 2538 1525 2589 plura
1540 2542 1582 2586 (a
1597 2551 1646 2575 ex
1659 2537 1779 2588 corr.)
1803 2537 1841 2576 Ο
1955 2549 1999 2575 11
2025 2550 2112 2587 reg.

363 2601 406 2633 et
428 2594 520 2633 mai.
547 2594 648 2633 CU:
680 2607 766 2644 reg.
790 2600 832 2633 et
854 2594 989 2633 maior
1016 2592 1053 2631 T
1160 2593 1315 2632 octavii
1344 2592 1381 2630 T
1487 2598 1695 2642 augustea
1719 2591 1764 2630 C¹
1878 2591 2117 2643 appellatur

363 2648 434 2687 K:
465 2648 666 2698 appellati
687 2649 730 2686 D
923 2662 970 2686 12
1002 2649 1143 2686 luiana
1163 2661 1211 2686 ex
1229 2647 1396 2686 aluiana
1419 2651 1466 2686 ut
1483 2647 1564 2687 vid.
1595 2646 1633 2684 T
1649 2648 1751 2699 (non
1778 2645 1835 2695 U)
1853 2661 1861 2685 :
1891 2646 2047 2685 liviana
2067 2645 2121 2684 M

364 2705 407 2742 in
428 2704 592 2742 honore
611 2703 706 2740 KM
723 2718 731 2742 :
762 2704 969 2742 honorem
992 2705 1093 2754 (om.
1111 2701 1278 2753 praep.)
1298 2702 1340 2739 A
1466 2701 1564 2741 livie
1585 2701 1638 2738 M
1744 2701 1917 2740 Liviana
1936 2701 1989 2740 ob
2010 2702 2111 2740 hon.

366 2758 511 2797 Liviae
536 2757 626 2808 (del.
651 2760 790 2808 prov.)
811 2758 853 2795 A
861 2772 938 2797 rev.
1061 2757 1260 2796 hieratica
1284 2757 1394 2807 (ier-,
1419 2757 1518 2808 &c.)
1539 2755 1668 2795 ΑΒΕ
1674 2755 1753 2794 TU
1765 2770 1773 2796 :
1805 2755 2011 2795 sacratica
2030 2753 2117 2794 ΚΟ

367 2826 416 2863 13
438 2826 489 2852 eo
510 2812 600 2851 hab.
626 2812 728 2852 CK:
759 2827 840 2853 om.
865 2813 907 2852 B
916 2812 997 2850 TU
1100 2812 1258 2851 liberos
1276 2809 1389 2850 B1C1
1505 2824 1552 2861 14
1573 2817 1780 2859 augustae
1801 2809 1847 2848 K
1865 2825 1874 2850 ε
1904 2816 2053 2860 aguste
2079 2809 2122 2848 U

364 2868 576 2906 teneotica
596 2867 708 2906 codd.
871 2880 920 2917 15
950 2867 1018 2917 qui
1039 2867 1127 2909 ita.
1151 2896 1160 2906 .
1187 2895 1196 2904 .
1220 2874 1342 2905 sexta
1365 2867 1406 2916 (ξ
1430 2867 1474 2915 5ἲ
1497 2879 1578 2905 om.
1602 2865 1644 2903 Β
1752 2864 1842 2916 qui]
1863 2877 1971 2914 quae
1992 2864 2111 2913 (que)

367 2921 444 2962 CT
584 2921 654 2960 ubi
674 2935 756 2961 om.
789 2922 870 2961 TU
1007 2921 1156 2961 saltica
1178 2919 1214 2959 C
1218 2919 1298 2958 TU
1311 2935 1320 2959 :
1347 2921 1516 2959 salatica
1535 2919 1582 2958 K
1763 2922 1814 2958 16
1842 2919 1934 2958 salo
1958 2918 2036 2958 CK
2041 2918 2078 2956 T
2079 2918 2122 2957 U

368 2989 414 3026 17
447 2976 706 3027 empormica
725 2975 772 3014 K
860 3001 862 3003 -
933 2978 1044 3027 quod
1065 2989 1158 3015 eam
1185 2974 1283 3014 TU:
1314 2988 1396 3024 qua
1414 2973 1462 3012 K
1615 2975 1664 3013 18
1691 2973 1911 3024 scripturis
1929 2973 2010 3012 BC
2014 2972 2052 3011 T
2052 2973 2096 3012 U
2106 2987 2115 3012 :

363 3032 637 3081 scriptoribus
657 3029 704 3068 K
841 3044 890 3081 19
920 3032 1210 3081 Pergamenae
1229 3027 1276 3067 K
1409 3042 1462 3069 20
1491 3029 1755 3068 membranas
1775 3027 1822 3065 K
1946 3041 1994 3065 21
2027 3033 2111 3067 tra-

364 3087 518 3125 dentes
537 3085 584 3124 K
691 3099 743 3125 22
773 3086 850 3137 ex]
871 3100 896 3124 a
916 3085 963 3124 K
1123 3098 1176 3135 23
1206 3089 1349 3125 autem
1369 3097 1451 3125 om.
1476 3084 1526 3123 Cl
1637 3084 1762 3134 primi
1789 3081 1851 3122 T:
1883 3083 2032 3133 primic
2051 3081 2114 3120 Kl

366 3141 534 3185 colores
555 3140 597 3180 Β
706 3141 748 3180 id
769 3140 856 3193 est]
877 3141 972 3180 ideo
994 3140 1043 3180 C¹
