2176 3424
510 122 1139 170 ETYMOLOGIARVM
1180 123 1311 168 LIB.
1349 123 1458 168 XV.
1497 120 1528 167 ii

143 261 315 300 ventus
346 253 447 300 fieri
482 251 804 310 rusticorum3
852 259 899 299 et
932 249 1065 298 dicta
1094 249 1294 313 conpita
1330 251 1466 312 quod
1499 251 1608 298 loca
1645 251 1799 298 multa
1834 249 1886 298 in

140 332 264 395 agris
285 335 461 382 eodem
482 341 749 395 conpetant
760 350 773 392 3
802 341 849 380 et
865 348 965 394 quo
982 330 1314 380 convenitura
1330 330 1534 379 rusticis.
1592 331 1886 380 Suburbana
1909 342 1969 389 16

140 424 254 462 sunt
290 414 602 464 circumiecta
638 412 844 462 civitatis
883 412 1123 473 aedificia,
1162 414 1301 475 quasi
1341 412 1433 461 sub
1471 412 1605 461 urbe.
1680 412 1885 462 Moenia
1909 432 1961 482 17

140 505 253 545 sunt
279 495 403 544 muri
428 497 650 554 civitatis,
678 494 810 544 dicta
844 494 907 542 ab
946 511 1005 543 eo
1031 495 1167 557 quod
1202 493 1427 542 muniant
1453 494 1715 555 civitatem,
1745 496 1883 557 quasi

91 599 114 641 5
139 577 445 626 munimenta
482 577 629 637 urbis,
658 576 709 626 id
742 585 815 626 est
851 584 1139 625 tutamenta.
1212 575 1445 624 Munium
1476 585 1641 624 autem
1676 577 1879 635 dictum,
1909 581 1963 628 18

137 659 276 722 quasi
309 677 459 708 manu
488 662 704 709 facturn:
759 658 828 707 sic
861 667 909 706 et
946 675 1140 707 munus.
1214 659 1348 706 Muri
1383 675 1412 706 a
1446 657 1721 706 munitione
1747 656 1879 716 dicti,

136 743 275 803 quasi
319 741 508 801 muniri,
551 758 611 790 eo
650 741 786 804 quod
824 739 1048 788 muniant
1091 750 1138 789 et
1187 749 1415 788 tueantur
1451 738 1682 788 interiora
1730 739 1880 790 urbis.

138 823 343 872 Moenia
357 833 523 872 autem
544 822 793 886 duplicem
814 822 1000 870 habent
1026 821 1435 885 significationem
1448 839 1460 882 3
1497 838 1611 869 nam
1632 820 1881 870 interdum

138 904 333 953 moenia
356 905 557 954 abusive
583 904 681 953 dici
715 903 882 952 omnia
914 903 1139 952 aedificia
1163 902 1361 967 publica
1394 902 1614 963 civitatis,
1644 912 1697 951 ut
1721 900 1877 967 (Virg.

62 1006 112 1034 10
136 990 259 1036 Aen.
283 1006 324 1046 2,
350 988 466 1052 234)
487 1007 496 1037 :

337 1070 616 1119 Dividimus
656 1086 833 1128 muros,
874 1079 922 1118 et
959 1069 1155 1118 moenia
1191 1068 1456 1132 pandimus
1495 1067 1663 1128 urbis;

135 1151 327 1216 proprie
351 1161 515 1201 autern
542 1151 738 1200 moenia
765 1159 877 1200 sunt
903 1159 1093 1198 tantum
1129 1151 1268 1199 muri.
1342 1152 1517 1198 Murus
1543 1157 1709 1197 autem
1749 1147 1882 1196 turri·
1906 1164 1965 1212 19

135 1234 226 1282 bus
263 1232 742 1297 propugnaculisque
778 1240 991 1281 ornatur.
1065 1234 1245 1281 Turres
1282 1240 1487 1280 vocatae
1523 1231 1660 1294 quod
1703 1239 1879 1279 teretes

135 1315 230 1364 sint
255 1325 303 1364 et
319 1318 494 1379 longae
514 1334 525 1376 3
561 1325 686 1364 teres
706 1324 779 1363 est
796 1313 927 1363 enim
948 1312 1134 1375 aliquid
1151 1314 1419 1362 rotundum
1441 1330 1554 1361 cum
1575 1310 1880 1376 proceritate,

62 1420 110 1460 15
135 1408 187 1446 ut
206 1399 450 1446 columna.
522 1399 651 1445 Nam
673 1406 720 1445 et
737 1394 960 1459 quamvis
978 1396 1244 1457 quadratae
1264 1405 1347 1443 aut
1368 1396 1494 1444 latae
1519 1403 1880 1452 construantur,

134 1481 303 1541 procul
343 1488 507 1527 tamen
556 1477 837 1527 videntibus
885 1478 1126 1525 rotundae
1174 1476 1545 1537 existimantur3
1604 1477 1718 1524 ideo
1766 1474 1882 1537 quia

134 1578 282 1610 omne
319 1560 557 1623 cuiusque
593 1559 758 1623 anguli
796 1559 1110 1607 simulacrum
1143 1575 1228 1621 per
1264 1560 1466 1621 longum
1503 1559 1627 1606 aeris
1665 1556 1878 1621 spatium

134 1645 379 1691 evanescit
395 1652 542 1705 atque
560 1641 878 1702 consumitur,
895 1651 942 1689 et
959 1642 1226 1690 rotundum
1248 1639 1452 1689 videtur.
1507 1640 1883 1703 Propugnacula
1907 1652 1974 1688 20

134 1725 314 1787 pinnae
356 1741 607 1772 murorum
647 1733 773 1783 sunt,
813 1723 945 1772 dicta
983 1723 1098 1786 quia
1136 1739 1193 1771 ex
1233 1722 1306 1770 his
1345 1731 1694 1785 propugnatur.
1770 1724 1881 1770 Pro-
1907 1735 1961 1769 21

61 1829 111 1856 20
135 1809 318 1855 murale
344 1822 472 1865 vero,
495 1822 555 1854 eo
581 1807 716 1869 quod
742 1805 802 1853 sit
827 1822 916 1868 pro
937 1805 1211 1853 munitione
1238 1804 1375 1852 muri.
1439 1806 1528 1852 Est
1553 1804 1686 1853 enim
1714 1820 1880 1852 murus

134 1889 381 1952 proximus
406 1898 521 1937 ante
559 1905 767 1936 murum.
842 1890 988 1936 Porta
1020 1887 1198 1936 dicitur
1232 1903 1330 1949 qua
1356 1895 1517 1949 potest
1542 1888 1617 1934 vel
1644 1885 1877 1949 inportari
1904 1895 1968 1930 22

133 1973 208 2020 vel
229 1970 467 2034 exportari
492 1969 692 2032 aliquid.
757 1969 957 2032 Proprie
982 1979 1147 2018 autem
1174 1978 1313 2031 porta
1332 1977 1416 2016 aut
1441 1968 1574 2017 urbis
1593 1977 1677 2016 aut
1703 1978 1879 2016 castro-

135 2071 241 2102 rum
270 2062 481 2112 vocatur‚
512 2053 637 2100 sicut
663 2051 883 2114 superius
917 2053 1105 2099 dictum
1138 2060 1223 2099 est.
1297 2050 1464 2111 Vicus,
1493 2060 1545 2098 ut
1571 2049 1878 2113 praedictum

135 2145 220 2194 est,
249 2134 383 2198 ipsae
408 2132 736 2181 habitationes
765 2132 895 2181 urbis
923 2142 1036 2181 sunt
1058 2151 1071 2193 3
1123 2134 1257 2181 unde
1291 2141 1339 2180 et
1367 2131 1513 2180 vicini
1549 2131 1682 2180 dicti.
1756 2130 1879 2180 Viae

63 2238 108 2278 25
135 2220 239 2281 ipsa
273 2215 428 2280 spatia
463 2223 669 2278 angusta
703 2232 828 2277 quae
863 2214 987 2263 inter
1019 2214 1152 2263 vicos
1178 2224 1304 2263 sunt.
1379 2216 1578 2263 Plateae
1613 2223 1878 2278 perpetuae
1905 2229 1970 2275 23

134 2316 192 2347 ac
239 2299 434 2347 latiores
478 2296 730 2346 civitatum
775 2297 882 2346 viae
932 2307 1058 2357 sunt,
1105 2296 1236 2345 iuxta
1284 2297 1632 2359 proprietatem
1681 2298 1876 2360 linguae

136 2383 354 2429 Graecae
387 2397 414 2428 a
444 2379 702 2427 latitudine
733 2389 1076 2442 nuncupatae3
1128 2381 1308 2430 πλατύς
1343 2378 1474 2427 enim
1512 2378 1689 2429 Graeci
1722 2381 1876 2426 latum

195 2523 211 2547 1
245 2509 440 2559 conpeda
459 2507 528 2546 K:
554 2514 616 2547 -ta
637 2508 671 2546 C
807 2508 936 2559 quod]
960 2508 1055 2557 quia
1073 2508 1114 2546 Β
1305 2521 1328 2546 2
1358 2514 1602 2558 competunt
1623 2508 1703 2547 BC
1837 2515 1880 2547 et

136 2566 248 2614 quod
269 2563 577 2604 conveniuntur
604 2562 674 2601 TC
859 2577 884 2612 4
914 2569 1013 2601 sunt
1034 2563 1150 2601 urbis
1171 2563 1394 2614 (expunct.)
1417 2564 1522 2601 muri
1547 2563 1582 2602 C
1716 2563 1816 2602 dicti
1837 2562 1883 2600 K

138 2619 272 2671 quod]
293 2618 390 2668 quia
408 2618 448 2656 Β
558 2618 719 2656 muniat
740 2617 781 2655 Β
959 2629 983 2666 5
1015 2622 1248 2656 totamenta
1276 2616 1313 2654 T
1472 2620 1499 2656 6
1529 2630 1680 2656 munus
1700 2631 1784 2658 om.
1807 2617 1885 2655 CT

139 2687 160 2723 7
190 2674 355 2714 munire
377 2673 421 2712 C¹
440 2687 449 2711 :
481 2673 628 2711 muniti
650 2672 740 2711 dett.
934 2685 985 2710 eo
1006 2671 1142 2723 quod]
1163 2672 1261 2721 quia
1281 2673 1322 2710 Β
1567 2686 1594 2722 9
1622 2672 1816 2722 puplicae
1835 2671 1882 2709 K

142 2741 185 2766 11
220 2727 324 2779 div.]
345 2727 498 2766 dicitur
517 2725 562 2762 K
708 2739 756 2765 12
789 2726 898 2765 Muri
920 2727 964 2764 K
1110 2738 1157 2776 13
1187 2733 1391 2765 ornantur
1411 2725 1457 2763 K
1545 2728 1642 2776 quia
1663 2733 1876 2766 terrentes

138 2783 224 2822 sint
243 2782 284 2820 Β
412 2794 457 2831 15
488 2794 582 2820 nam
606 2794 673 2830 qu.
699 2781 734 2820 C
859 2783 908 2820 16
936 2781 1216 2820 existimanda
1236 2787 1334 2820 sunt
1355 2782 1395 2819 Β
1530 2795 1576 2832 17
1608 2794 1734 2820 omne
1755 2781 1848 2820 dett.
1869 2797 1878 2821 :

140 2838 278 2876 omnis
297 2835 437 2876 BCT:
466 2836 586 2875 unius
607 2834 652 2872 K
801 2849 849 2887 19
878 2837 1017 2875 dictae
1039 2842 1179 2874 autem
1198 2836 1295 2886 quia
1314 2835 1441 2875 KOP
1557 2842 1880 2887 propugnantur

140 2891 267 2932 KOP
285 2893 388 2944 (non
408 2890 475 2943 M)
562 2893 649 2938 §21
682 2903 763 2930 om.
786 2890 913 2930 KOP
929 2894 1031 2942 (non
1053 2891 1166 2942 MN)
1249 2903 1302 2930 20
1330 2903 1395 2931 ve.
1419 2896 1485 2930 est
1505 2904 1555 2931 eo
1582 2890 1619 2929 T
1703 2903 1751 2929 21
1784 2904 1879 2942 pro-

142 2946 300 2985 ximum
321 2945 415 2985 MN
540 2944 642 2996 qua]
662 2945 758 2994 quia
778 2945 903 2984 KPT
1024 2959 1077 2984 22
1107 2958 1173 2984 au.
1195 2945 1305 2985 dicta
1327 2959 1416 2996 por.
1440 2948 1480 2985 B
1643 2958 1694 2995 23
1724 2959 1878 2985 nuncu-

142 3009 240 3051 pata
261 2999 305 3037 K
479 3013 528 3049 27
561 3000 700 3050 platus
719 2998 788 3038 K:
818 3007 902 3039 -tos
923 2999 1042 3038 BCT
1055 3002 1119 3051 (csss
1146 2999 1282 3040 XVII.
1312 3013 1386 3040 vu.
1410 3006 1481 3050 37)
1639 3013 1790 3050 grecae
1811 3000 1852 3039 Β
1871 3015 1880 3039 :

143 3055 257 3104 greci
280 3057 311 3107 (i
330 3068 379 3094 ex
394 3056 513 3107 corr.)
542 3053 579 3093 T
