2176 3424
503 99 1135 149 ETYMOLOGIARVM
1176 99 1302 146 LIB.
1343 100 1465 145 XII.
1505 97 1537 144 ii

146 230 352 298 [autem]
377 246 534 279 annos
560 237 820 277 trecentos.
891 228 1042 290 Apud
1069 227 1224 275 solam
1250 226 1468 275 Africam
1499 236 1548 275 et
1574 225 1772 274 Indiam
1800 228 1892 274 ele-

144 313 315 377 phanti
339 312 470 375 prius
496 311 856 370 nascebantur3
891 326 1023 356 nunc
1055 309 1160 356 sola
1184 325 1269 356 eos
1297 308 1442 356 India
1460 307 1627 371 gignit.
1703 308 1891 370 Grypes
1923 317 1975 367 17

144 403 357 453 vocatur,
385 394 521 456 quod
555 392 616 440 sit
645 391 827 439 animal
861 392 1119 453 pinnatum
1151 399 1199 438 et
1224 391 1519 453 quadrupes.
1595 393 1712 439 Hoc
1737 407 1892 453 genus

145 477 356 526 ferarum
390 475 441 523 in
472 473 810 537 Hyperboreis
845 472 1059 520 nascitur
1093 472 1361 520 montibus.
1436 471 1589 521 Omni
1623 481 1759 536 parte
1793 489 1894 520 cor-

100 583 121 624 5
146 557 276 622 poris
295 559 464 606 leones
484 566 598 604 sunt
615 575 629 617 3
664 554 751 603 alis
769 563 816 603 et
832 553 955 602 facie
974 552 1149 616 aquilis
1169 552 1352 601 similes
1371 572 1383 614 3
1420 553 1559 616 equis
1575 555 1893 603 vehementer

145 639 321 689 infesti.
393 641 524 688 Nam
558 647 605 687 et
635 636 862 685 homines
887 636 1017 685 visos
1051 635 1352 698 discerpunt.
1426 637 1765 685 Chamaeleon
1791 653 1892 684 non
1914 634 1968 681 18

143 722 294 770 habet
331 737 485 769 unum
521 721 752 778 colorem,
790 719 878 766 sed
914 717 1106 766 diversa
1141 725 1214 764 est
1238 716 1471 765 varietate
1504 734 1812 780 consp-ausus,
1840 728 1893 766 ut

143 804 337 865 pardus.
393 801 567 850 Dictus
587 809 753 849 autem
773 799 866 848 ita.
889 838 898 847 .
923 836 933 847 .
955 798 1121 846 Huius
1139 798 1525 847 chamaeleontis
1543 801 1890 862 corpusculum

143 886 206 933 ad
232 885 419 933 colores
447 899 570 945 quos
596 883 730 931 videt
755 881 987 929 facillima
1020 879 1342 928 conversione
1367 882 1589 941 variatur,
1620 883 1755 944 quod
1780 881 1896 929 alio-

74 989 121 1016 10
144 983 251 1014 rum
276 964 562 1013 animalium
589 981 690 1012 non
717 973 790 1012 est
815 963 882 1011 ita
906 964 970 1011 ad
995 961 1370 1010 conversionem
1393 962 1546 1011 facilis
1572 963 1894 1026 corpulentia.

145 1048 534 1110 Camelopardus
571 1045 745 1105 dictus,
786 1046 923 1108 quod
960 1046 1080 1093 dum
1123 1045 1183 1092 sit
1220 1053 1273 1091 ut
1310 1046 1490 1107 pardus
1527 1044 1650 1093 albis
1689 1045 1893 1094 maculis
1918 1058 1978 1105 19

144 1144 529 1191 superaspersus,
553 1128 682 1175 collo
707 1143 835 1189 equo
862 1126 1049 1186 similis,
1067 1125 1278 1189 pedibus
1304 1125 1517 1186 bubulis,
1541 1126 1703 1190 capite
1728 1136 1894 1176 tamen

145 1211 336 1258 camelo
353 1218 426 1258 est
446 1209 630 1257 similis,
696 1211 850 1257 Hunc
866 1207 1133 1271 Aethiopia
1152 1207 1319 1270 gignit.
1383 1208 1563 1271 Lyncis
1583 1210 1763 1269 dictus,
1780 1209 1896 1272 quia
1919 1224 1986 1258 20

146 1291 196 1339 in
221 1294 449 1354 luporum
474 1307 651 1354 genere
677 1300 989 1350 numeratur,
1027 1289 1184 1338 bestia
1210 1289 1414 1338 maculis
1435 1299 1568 1353 terga
1587 1291 1819 1340 distincta
1843 1301 1897 1340 ut

44 1404 50 1425 ,ι
77 1393 122 1434 15
147 1375 340 1437 pardus,
370 1374 457 1421 sed
483 1372 652 1420 similis
679 1374 826 1435 lupo:
864 1373 997 1420 unde
1023 1381 1071 1419 et
1097 1371 1177 1419 ille
1202 1373 1353 1429 λύκος,
1383 1371 1473 1419 iste
1498 1371 1666 1434 lyncis.
1730 1373 1897 1421 Huius

148 1455 337 1504 urinam
357 1464 642 1503 convertere
668 1455 718 1501 in
738 1453 968 1502 duritiam
995 1452 1194 1516 pretiosi
1220 1452 1395 1515 lapidis
1417 1453 1602 1514 dicunt,
1625 1454 1708 1517 qui
1735 1456 1900 1517 lyncu-

149 1538 246 1585 rius
281 1538 565 1600 appellatur,
606 1537 742 1598 quod
780 1544 827 1584 et
864 1535 992 1598 ipsas
1030 1537 1195 1597 lynces
1239 1534 1418 1583 sentire
1461 1536 1557 1582 hoc
1594 1536 1898 1584 documento

150 1619 395 1681 probatur.
469 1619 600 1666 Nam
633 1626 855 1680 egestum
879 1616 1121 1679 liquorem
1147 1616 1354 1677 harenis,
1382 1616 1431 1664 in
1457 1626 1698 1679 quantum
1724 1628 1898 1680 potue-

151 1699 259 1758 rint,
281 1707 562 1761 contegunt,
586 1698 770 1747 invidia
788 1699 1004 1760 quadam
1030 1707 1233 1746 naturae
1259 1714 1320 1746 ne
1346 1697 1453 1746 talis
1481 1698 1665 1761 egestio
1685 1708 1899 1749 transeat

79 1801 128 1829 20
152 1781 201 1828 in
235 1798 376 1829 usum
411 1783 699 1830 humanum.
774 1783 964 1843 Lynces
997 1779 1116 1828 dicit
1142 1780 1328 1828 Plinius
1350 1782 1609 1829 Secundus
1636 1781 1715 1845 (cf.
1740 1784 1802 1830 N.
1828 1785 1893 1831 H.

154 1866 195 1923 8,
215 1863 300 1928 43)
327 1871 459 1911 extra
488 1879 641 1911 unum
672 1879 774 1911 non
803 1862 1063 1911 admittere
1094 1864 1261 1911 fetum.
1326 1864 1556 1913 Castores
1580 1880 1609 1911 a
1634 1867 1896 1914 castrando
1921 1882 1975 1917 21

152 1944 270 1993 dicti
319 1953 444 1992 sunt.
519 1946 649 1992 Nam
692 1943 904 1992 testiculi
948 1960 1118 1992 eorum
1160 1944 1261 2007 apti
1311 1954 1424 1993 sunt
1467 1945 1895 2007 medicaminibus,

153 2035 349 2089 propter
374 2041 499 2088 quos
529 2042 643 2073 cum
677 2025 1035 2088 praesenserint
1060 2035 1362 2086 venatorem,
1394 2026 1484 2088 ipsi
1519 2043 1571 2076 se
1607 2037 1820 2077 castrant
1853 2039 1901 2078 et

154 2107 397 2156 morsibus
424 2106 547 2155 vires
573 2124 684 2155 suas
710 2116 980 2169 amputant.
1048 2107 1125 2156 De
1151 2107 1331 2170 quibus
1359 2107 1533 2157 Cicero
1559 2109 1610 2156 in
1635 2110 1901 2160 Scauriana

83 2211 130 2252 25
159 2189 221 2252 (2,
244 2190 321 2255 7):
362 2190 663 2237 ‘Redimunt
697 2206 748 2237 se
781 2205 838 2237 ea
867 2197 1003 2252 parte
1037 2189 1266 2251 corporis,
1296 2199 1494 2252 propter
1518 2193 1653 2253 quod
1689 2194 1900 2241 maxime

157 2273 477 2334 expetuntur.'
549 2272 795 2319 Iuvenalis
820 2270 921 2335 (12,
942 2270 1055 2335 34):

216 2416 232 2441 1
266 2408 406 2442 autem
426 2402 520 2441 hab.
542 2401 647 2441 BK:
678 2415 760 2447 om.
784 2399 862 2439 CT
967 2400 1056 2440 Ind.
1075 2406 1117 2439 et
1137 2401 1226 2440 Afr.
1251 2401 1291 2439 Β
1455 2417 1479 2441 2
1510 2403 1651 2455 prius]
1666 2404 1846 2454 primum
1864 2407 1905 2444 Β

159 2458 249 2498 Ind.
270 2470 344 2496 eos
364 2456 410 2494 K
515 2469 539 2506 5
568 2457 645 2495 alis
660 2487 669 2496 .
692 2487 700 2495 .
715 2487 724 2497 .
741 2456 831 2494 sim.
853 2468 934 2494 om.
968 2454 1004 2492 T
1104 2457 1131 2493 6
1158 2469 1256 2494 nam
1277 2456 1386 2496 hom.
1402 2457 1449 2495 K
1527 2458 1711 2498 hominis
1731 2461 1848 2499 visus
1865 2461 1906 2498 Β

158 2527 184 2562 9
213 2511 536 2551 conversatione
558 2510 643 2548 BT
751 2524 800 2549 10
830 2509 1193 2550 conversationem
1213 2510 1253 2548 Β
1263 2511 1300 2548 T
1323 2511 1424 2564 (non
1450 2512 1509 2564 U)
1532 2528 1541 2552 τ
1571 2516 1904 2553 conversationis

161 2567 206 2605 K
331 2565 631 2615 corpulentiam
660 2565 697 2603 T
713 2568 815 2617 (non
841 2565 929 2615 U):
960 2565 1170 2614 copulatio
1201 2565 1293 2608 dett.
1463 2579 1509 2605 11
1544 2567 1905 2618 cameleopardus

163 2620 273 2661 codd.
357 2620 489 2672 quod]
503 2621 602 2670 quia
617 2619 652 2658 C
761 2633 808 2658 12
831 2619 967 2670 capite
982 2633 1065 2660 om.
1085 2620 1126 2657 Β
1207 2620 1370 2672 tamen]
1388 2626 1550 2660 tantum
1573 2622 1609 2660 C
1718 2636 1766 2672 13
1787 2624 1904 2675 quia]

163 2677 276 2726 quod
303 2675 338 2713 C
449 2687 496 2724 14
518 2681 796 2714 numerantur
819 2674 878 2714 T:
899 2673 1138 2713 nominatur
1157 2674 1203 2711 K
1315 2687 1363 2724 15
1385 2676 1501 2714 cuius
1525 2676 1603 2715 TU
1711 2681 1760 2716 16
1781 2691 1904 2719 conv.

161 2743 208 2769 se
228 2731 269 2768 iu
292 2730 332 2769 d.
363 2729 464 2768 TU:
494 2742 618 2769 conv.
636 2730 677 2769 d.
697 2729 739 2768 in
762 2743 809 2769 se
831 2729 867 2768 C
884 2730 987 2781 (non
1010 2729 1111 2780 ΟΧ)
1252 2729 1405 2768 dicitur
1420 2730 1467 2768 K
1602 2732 1775 2781 ligurius
1792 2732 1904 2773 codd.

165 2785 259 2835 (lig-
278 2785 402 2823 etiam
432 2784 545 2824 codd.
576 2784 733 2834 aliquot
758 2783 899 2823 Solz'm'
923 2797 960 2836 2,
987 2783 1059 2835 39)
1215 2796 1260 2832 17
1291 2784 1426 2836 quod]
1446 2785 1546 2835 quia
1575 2787 1616 2824 Β
1728 2787 1842 2836 ipsos
1874 2789 1910 2828 C

167 2851 216 2888 19
246 2844 396 2878 natura
434 2838 471 2876 T
600 2845 820 2878 transeant
855 2837 893 2876 T
1049 2851 1101 2877 20
1130 2850 1194 2877 us.
1215 2851 1352 2888 genus
1378 2840 1491 2880 hum.
1524 2839 1561 2877 T
1689 2841 1840 2880 lincem
1863 2842 1910 2880 K

157 2894 272 2986 'dixisti
293 2893 327 2932 C
372 2905 503 2984 ΒΙΞῙΤ
517 2894 646 2932 fetum
670 2907 751 2934 om.
776 2892 916 2932 BC1T
977 2912 979 2914 ·
1019 2906 1070 2942 23
1101 2894 1394 2943 persenserint
1418 2894 1452 2932 C
1557 2906 1608 2943 25
1640 2896 1910 2936 redimentK

165 2961 214 2986 ea
259 2962 296 2987 ,ε
326 2962 350 2986 a

989 3031 1071 3062 D2
