2176 3424
1054 123 1327 173 ISIDORI

317 245 493 293 dictus.
556 246 758 308 ExspeS,
781 247 919 308 quod
945 248 1006 295 sit
1032 248 1138 296 sine
1162 264 1263 311 spe.
1326 249 1525 312 ExperS,
1549 252 1664 314 quia
1683 260 1815 302 extra
1841 262 2028 316 partem
2048 271 2061 314 ;

227 315 292 378 84
315 327 470 375 caruit
508 325 641 376 enim
683 337 887 390 partem.
962 329 1162 391 Exsors,
1201 331 1317 393 quia
1358 340 1491 380 extra
1532 342 1713 382 sortem
1756 343 1842 384 est.
1917 334 2057 393 Exul,

313 407 430 470 quia
455 418 587 458 extra
613 410 774 459 solum
801 426 946 458 suum
971 419 1046 460 est
1063 429 1077 472 3
1113 413 1252 475 quasi
1271 422 1404 461 trans
1423 415 1582 463 solum
1604 416 1795 477 missus,
1818 425 1903 466 aut
1927 425 2061 466 extra

313 492 475 539 solum
511 508 676 555 vagus.
752 494 881 541 Nam
918 495 1113 542 exulare
1149 494 1393 556 dicuntur,
1435 498 1518 559 qui
1555 506 1689 547 extra
1725 501 1887 548 solum
1924 508 2055 548 eunt.

226 569 290 628 85
314 573 545 634 Extorris,
577 573 694 636 quia
718 583 852 623 extra
877 583 1054 624 terram
1080 593 1220 625 suam
1247 586 1350 639 est;
1388 581 1527 641 quasi
1554 582 1766 630 exterris.
1828 583 1927 630 Sed
1952 599 2059 645 pro·
2083 603 2104 642 5

310 656 417 717 prie
437 655 654 717 extorris,
673 673 787 704 cum
807 658 853 704 vi
875 659 1105 720 expulsus
1127 668 1175 707 et
1195 676 1309 708 cum
1329 670 1512 711 terrore
1532 664 1638 711 solo
1664 662 1821 726 patrio
1842 665 2026 713 eiectus
2046 682 2058 725 ;

217 734 284 783 86
310 747 358 786 et
394 740 610 799 extorris,
651 756 710 788 ex
746 748 868 788 terra
905 756 993 789 sua
1035 742 1220 804 pulsus.
1294 745 1524 805 ExtorriS,
1571 755 1704 795 extra
1746 755 1938 807 terram,
1973 756 2058 795 aut

220 821 284 880 87
309 829 441 869 extra
478 821 715 871 terminos
753 839 882 883 suos,
915 824 1032 886 quia
1068 832 1346 875 exterretur.
1422 828 1800 889 Exterminat0r‚
1837 846 1940 878 non
1977 829 2058 878 ille

309 904 391 965 qui
419 904 567 966 vulgo
600 903 780 952 dicitur
809 906 1139 969 ἀφανισθῆναι,
1177 909 1264 956 sed
1298 909 1382 970 qui
1416 909 1565 958 deicit
1598 920 1645 958 et
1680 912 1875 974 expellit
1908 927 1936 959 a
1969 919 2058 960 ter·

310 984 455 1034 minis
489 985 713 1036 civitatis,
789 989 1172 1049 Exterminatus,
1201 989 1265 1038 ab
1300 1006 1360 1039 eo
1390 993 1527 1053 quod
1561 991 1623 1040 sit
1656 1002 1789 1041 extra
1822 995 2056 1043 terminos
2085 1012 2133 1041 10

309 1083 425 1116 suos
464 1067 664 1117 eiectus.
735 1066 842 1135 [Sic
882 1067 957 1136 et]
994 1073 1253 1132 Externus,
1290 1088 1350 1121 eo
1387 1075 1524 1135 quod
1561 1074 1622 1123 sit
1659 1075 1850 1124 alienae
1886 1085 2053 1126 terrae.

218 1145 283 1192 88
310 1152 475 1213 Egens
492 1160 539 1199 et
556 1167 755 1214 egenus,
775 1151 880 1201 sine
899 1162 1046 1216 gente
1063 1162 1110 1202 et
1127 1155 1233 1202 sine
1252 1170 1431 1218 genere
1448 1155 1740 1219 indigentes.
1789 1155 2058 1226 [Egenus.]

309 1233 542 1295 Exiguus,
566 1234 777 1281 multum
797 1250 960 1297 egenS.
1027 1237 1130 1283 ‘Ex
1146 1237 1156 1257 '
1182 1237 1315 1285 enim
1335 1253 1424 1299 pro
1442 1239 1586 1287 valde
1611 1241 1823 1302 ponitur.
1888 1240 2053 1300 Exilis,

212 1312 282 1371 89
306 1314 484 1375 tenuis,
514 1317 650 1378 quod
674 1315 828 1378 possit
854 1317 1078 1379 quamvis
1105 1334 1191 1381 per
1214 1328 1478 1382 angustum
1504 1322 1646 1370 exire.
1711 1323 1912 1382 Exesus,
1941 1324 2057 1385 quia

307 1413 656 1460 percomesus;
697 1406 771 1446 est
808 1399 940 1447 enim
977 1401 1157 1459 aridus,
1187 1403 1364 1462 tenuis,
1392 1403 1541 1451 exilis.
1616 1405 1911 1464 Exhaustus,
1941 1407 2055 1468 quia
2083 1424 2130 1464 15

308 1489 635 1543 consumptus
652 1490 725 1530 est
741 1489 790 1529 et
806 1480 966 1530 inanis
983 1484 1199 1531 effectus.
1258 1485 1546 1547 Exsanguis‚
1567 1487 1704 1548 quod
1721 1487 1781 1534 sit
1798 1496 1931 1536 extra
1951 1504 2055 1535 san-

206 1574 280 1622 90
306 1560 523 1624 guinem.
586 1562 840 1611 Exanimis
867 1572 940 1612 est
966 1573 1205 1614 mortuus.
1267 1565 1521 1615 Exanimis
1546 1577 1712 1616 autem
1734 1577 1781 1617 et
1801 1568 2054 1618 exanimus

306 1642 533 1704 dicimus,
562 1645 687 1693 sicut
712 1644 977 1694 unanimus
999 1655 1047 1695 et
1067 1647 1330 1707 unanimis,
1348 1647 1565 1698 inermus
1585 1659 1632 1698 et
1653 1651 1866 1711 inermis,
1886 1660 1934 1700 et
1959 1653 2054 1700 hoc

222 1742 283 1788 91
306 1734 476 1774 nostro
502 1726 703 1776 arbitrio
724 1727 960 1778 subiacet.
1025 1731 1240 1778 Exustus
1261 1731 1440 1778 dicitur
1459 1732 1523 1780 de
1542 1748 1642 1794 quo
1662 1731 1784 1780 nihil
1810 1743 2029 1796 superest
2042 1752 2055 1793 3

305 1808 446 1870 quasi
471 1809 613 1857 valde
640 1818 793 1858 ustus.
870 1813 881 1835 ‘
899 1811 1000 1858 Ex'
1027 1810 1159 1859 enim
1193 1828 1281 1874 pro
1306 1813 1449 1861 valde
1480 1815 1692 1875 ponitur.
1769 1816 1960 1863 Exosus
1989 1815 2052 1864 ab
2081 1838 2130 1866 20

305 1889 424 1938 odio
448 1891 624 1939 dictus.
702 1893 833 1940 Nam
859 1893 1049 1955 antiqui
1076 1901 1124 1941 et
1144 1892 1229 1942 odi
1255 1892 1490 1943 dicebant
1516 1904 1564 1943 et
1589 1912 1704 1944 osus
1730 1912 1853 1944 sum.
1916 1896 2053 1945 Hinc

305 1979 378 2020 est
405 1988 596 2033 eXOSUS,
620 1989 721 2035 quo
746 1973 943 2034 utimur,
966 1973 1080 2023 licet
1106 1974 1204 2023 iam
1229 1991 1344 2024 osus
1371 1992 1472 2025 non
1499 1976 1726 2027 dicimus.
1789 1977 2049 2038 Exifiosus,

304 2069 364 2101 eo
391 2055 527 2116 quod
553 2054 720 2103 multis
746 2054 895 2104 exitio
922 2057 995 2104 sit.
1074 2058 1338 2118 Executor‚
1365 2057 1429 2106 ab
1456 2061 1763 2121 exequendO.
1835 2061 1977 2109 Idem
2003 2070 2051 2110 et

212 2144 281 2191 92
304 2144 511 2184 exactor.
588 2137 842 2197 Effractor,
885 2139 1023 2200 quod
1065 2139 1127 2186 sit
1169 2149 1473 2202 expugnator
1513 2143 1850 2190 claustrorum.
1927 2144 2052 2192 Effe-

303 2227 448 2278 ratus‚
468 2227 634 2268 mente
659 2218 813 2268 ferina
833 2221 1036 2269 effectus
1058 2229 1105 2268 et
1123 2222 1249 2269 ultra
1267 2222 1541 2270 humanum
1562 2224 1768 2271 modum
1790 2225 2047 2274 excedens.
2078 2248 2125 2288 25

304 2300 597 2360 Effrenatus,
637 2301 700 2349 ab
738 2316 798 2349 eo
836 2303 972 2363 quod
1009 2303 1069 2350 sit
1105 2318 1340 2365 praeceps
1378 2311 1426 2352 et
1465 2320 1649 2366 pronus
1686 2313 1734 2353 et
1771 2303 1877 2354 sine
1913 2307 2051 2354 freno

210 2394 279 2442 93
301 2382 516 2429 rationis.
593 2384 867 2431 Eunuchus
911 2385 1158 2433 Graecum
1208 2401 1392 2434 nomen
1441 2395 1528 2446 est,
1573 2388 1710 2448 quod
1758 2396 1829 2435 est
1877 2389 2046 2451 spado.

361 2524 379 2550 1
414 2510 582 2560 Expers
603 2511 645 2549 Β
755 2512 830 2564 sit]
853 2518 919 2551 est
948 2512 985 2550 T
1122 2527 1146 2551 2
1177 2513 1292 2565 quia]
1315 2514 1387 2563 qui
1408 2513 1449 2550 B
1578 2528 1602 2563 4
1625 2515 1723 2554 exul
1743 2516 1990 2555 redicuntur
2009 2515 2055 2555 K

301 2568 328 2604 6
357 2566 476 2616 pario
499 2566 549 2604 Cl
680 2580 701 2616 7
733 2580 790 2605 an
812 2574 855 2606 et
876 2568 1086 2608 extermis?
1201 2582 1254 2607 ex
1274 2567 1405 2619 terra]
1429 2581 1558 2608 exera
1581 2569 1616 2608 C
1619 2570 1632 2594 1
1744 2572 1769 2608 8
1798 2570 1918 2622 quia]
1940 2583 2048 2621 quae

303 2619 349 2657 K
459 2633 504 2658 11
537 2621 597 2659 sic
619 2627 660 2660 et
679 2622 772 2662 hab.
796 2621 969 2661 BCIU:
997 2636 1080 2663 om.
1099 2621 1188 2660 KT
1293 2635 1340 2661 12
1365 2628 1407 2661 et
1427 2637 1566 2675 genus
1583 2623 1633 2663 Cl
1743 2625 1835 2664 sine
1856 2625 2046 2678 (prius)]

301 2681 424 2714 extra
445 2674 491 2712 K
678 2677 875 2726 indigens
897 2676 932 2715 C
947 2692 955 2716 :
985 2690 1116 2717 eneas
1139 2678 1206 2729 (ut
1222 2676 1324 2727 vid„
1340 2683 1419 2729 pro
1439 2679 1621 2732 egenus)
1643 2679 1728 2719 ind.
1750 2679 1792 2717 A
1813 2693 1822 2718 ε
1848 2680 2046 2730 indigen

301 2730 525 2769 lectionem
553 2729 603 2769 Tl
869 2731 1040 2781 Egenus
1060 2732 1150 2772 hab.
1178 2731 1238 2770 CI
1243 2731 1280 2770 T
1292 2731 1359 2784 (de
1378 2732 1419 2770 A
1443 2733 1489 2783 cf.
1511 2733 1658 2787 supra)
1679 2748 1688 2773 ε
1718 2747 1799 2774 om.
1821 2732 1912 2771 ΒΚ
1926 2748 1935 2774 :
1968 2734 2044 2784 Eg.

300 2785 427 2835 inops
456 2783 508 2822 ΤΕ
692 2798 740 2835 13
771 2799 934 2837 egenus
954 2786 996 2824 B
1014 2802 1023 2826 ε
1052 2800 1210 2837 gerens
1233 2786 1282 2826 Cl
1469 2801 1517 2838 14
1547 2790 1668 2828 exire
1688 2789 1780 2828 sive
1800 2788 1891 2827 sine
1911 2788 1992 2827 iliis
2015 2789 2051 2828 C

298 2839 416 2891 quia]
448 2838 567 2889 quasi
595 2837 638 2877 B
913 2853 962 2891 15
1002 2847 1087 2881 ten.
1121 2848 1163 2881 et
1187 2855 1253 2881 ex,
1295 2841 1363 2881 TC
1388 2841 1493 2893 (-1iis
1525 2842 1595 2893 Cl)
1760 2841 1878 2894 quia]
1907 2844 1979 2893 qui
2018 2843 2057 2882 T

304 2895 352 2932 18
382 2894 569 2933 inermus
589 2899 631 2933 et
651 2906 732 2934 om.
758 2894 805 2933 K
818 2896 924 2947 (non
945 2895 1008 2948 A)
1166 2910 1215 2935 21
1248 2909 1344 2936 nam
1366 2903 1450 2936 ant.
1475 2910 1556 2937 om.
1577 2895 1626 2935 K
1641 2897 1744 2950 (non
1764 2897 1827 2949 A)
1975 2899 2046 2938 odi

298 2948 450 2989 cebant
471 2948 528 2986 Β1
613 2954 656 2989 et
677 2962 799 2989 ossus
818 2963 908 2990 sum
931 2950 973 2988 A
995 2965 1005 2990 :
1025 2963 1101 2991 eos
1121 2963 1221 2990 usus
1242 2951 1289 2990 K
1392 2964 1445 2990 22
1461 2951 1527 2992 lic.
1549 2964 1651 2992 osus
1669 2965 1752 3003 quo
1773 2953 1927 2991 utimur
1946 2952 2046 2992 licet

308 3001 346 3040 T
383 3058 408 3096 d
430 3004 638 3095 gicamus
654 3002 798 3044 BTCI
903 3005 1154 3045 Exostiosus
1176 3005 1214 3044 T
1314 3019 1366 3057 23
1388 3013 1429 3047 et
1449 3020 1530 3047 om.
1550 3005 1631 3046 Kc
1736 3020 1788 3057 24
1818 3006 1970 3047 Effrac.
1992 3020 2045 3047 eo

297 3069 379 3106 quo
