2176 3424
1050 110 1323 160 ISIDORI

315 251 613 306 nuncupata.
703 242 956 291 Parthiam
1002 241 1168 289 Parthi
1217 243 1280 290 ab
1323 241 1519 306 Scythia
1562 242 1814 292 venientes
1857 258 2060 306 occupa-

312 334 500 384 verunt,
529 340 739 387 eamque
772 342 830 373 ex
860 340 950 372 suo
983 323 1188 372 nomine
1216 333 1527 373 vocaverunt.
1603 323 1769 373 Huius
1798 341 1826 374 a
1857 324 2059 374 meridie

316 407 542 455 Rubrum
571 423 704 455 mare
729 415 815 466 est,
843 423 871 454 a
897 404 1231 469 septentrione
1258 408 1549 469 Hyrcanum
1577 408 1747 466 salum,
1774 407 1837 455 ab
1863 405 2058 455 occidui

315 490 431 537 solis
457 490 599 552 plaga
625 488 809 537 Media.
884 490 1059 551 Regna
1083 486 1132 535 in
1158 504 1216 536 ea
1240 489 1414 538 decem
1446 499 1494 538 et
1527 498 1641 538 octo
1674 498 1801 549 sunt,
1836 496 2059 552 porrecta

233 586 292 621 10
316 587 344 619 a
371 570 555 634 Caspio
581 570 720 619 litore
746 587 903 633 usque
927 571 991 618 ad
1016 578 1165 619 terras
1201 570 1506 633 Scytharum.
1577 572 1774 634 Assyria
1798 579 1970 619 vocata
1994 572 2058 619 ab

317 655 471 701 Assur
507 652 608 700 filio
635 654 763 712 Sem,
793 652 877 715 qui
914 668 1023 701 eam
1058 651 1310 715 regionem
1344 662 1456 716 post
1493 652 1733 701 diluvium
1770 651 1954 716 primus
1990 654 2057 700 in-

314 735 478 784 coluit.
554 736 699 783 Haec
734 734 798 783 ab
835 743 944 782 ortu
984 735 1194 794 Indiam,
1223 751 1252 782 a
1288 734 1492 783 meridie
1530 734 1753 784 Mediam
1790 734 1957 797 tangit,
1996 734 2059 782 ab

311 817 524 867 occiduo
551 816 754 880 Tigrim,
782 834 810 865 a
836 816 1170 879 septentrione
1199 826 1422 866 montem
1450 817 1745 875 Caucasum,
1774 816 1859 865 ubi
1891 825 2060 879 portae

314 900 525 964 Caspiae
558 909 686 948 sunt.
761 901 822 947 In
851 900 946 947 hac
978 898 1177 962 regione
1214 901 1400 963 primus
1434 917 1551 948 usus
1585 899 1813 948 inventus
1848 908 1921 948 est
1953 916 2062 962 pur-

315 1000 479 1047 purae,
500 982 617 1031 inde
642 981 855 1045 primum
882 981 1090 1030 crinium
1117 991 1164 1031 et
1189 998 1450 1046 corporum
1476 991 1727 1046 unguenta
1749 991 1989 1031 venerunt
2015 990 2062 1030 et

316 1066 508 1125 odores,
537 1064 717 1128 quibus
749 1066 1094 1113 Romanorum
1127 1073 1276 1128 atque
1303 1066 1605 1113 Graecorum
1639 1064 1823 1114 effluxit
1858 1064 2059 1114 luxuria.

248 1165 292 1200 11
317 1149 488 1196 Media
514 1156 562 1196 et
587 1145 788 1195 Persida.
819 1163 848 1194 a
881 1146 1075 1210 regibus
1111 1147 1269 1195 Medo
1300 1156 1348 1195 et
1374 1149 1525 1196 Perso
1559 1146 1948 1210 cognominatae,
1977 1148 2061 1210 qui

314 1245 395 1278 eas
433 1228 708 1292 provincias
742 1228 977 1277 bellando
1013 1229 1229 1292 adgressi
1263 1238 1388 1277 sunt.
1466 1231 1540 1277 Ex
1577 1228 1756 1292 quibus
1794 1228 1966 1277 Media
1998 1229 2060 1278 ab

313 1328 492 1361 occasu
541 1320 814 1360 transversa
853 1310 1052 1359 Parthia
1099 1327 1248 1374 regna
1294 1310 1618 1373 amplectitur,
1658 1328 1686 1359 a
1729 1310 2062 1373 septentrione

314 1392 551 1442 Armenia
583 1392 928 1452 circumdatur,
956 1392 1020 1441 ab
1055 1402 1163 1441 ortu
1198 1392 1408 1456 Caspios
1444 1393 1590 1453 videt,
1617 1410 1647 1441 a
1679 1394 1884 1442 meridie
1910 1394 2062 1441 Persi-

316 1476 445 1524 dam.
520 1474 686 1523 Huius
716 1484 840 1523 terra
875 1474 1129 1523 Medicam
1163 1476 1389 1524 arborem
1425 1475 1591 1538 gignit,
1621 1492 1768 1538 quam
1803 1475 1897 1524 alia
1929 1476 2061 1538 regio

318 1557 522 1606 minime
559 1556 775 1620 parturit.
850 1559 973 1605 Sunt
1003 1567 1167 1606 autern
1205 1557 1406 1606 Mediae
1444 1559 1585 1617 duae,
1614 1557 1768 1606 maior
1804 1567 1851 1606 et
1887 1557 2060 1607 minor.

241 1654 295 1689 12
324 1640 521 1688 Persida
551 1640 761 1688 tendens
791 1638 854 1687 ab
890 1648 998 1687 ortu
1035 1656 1193 1702 usque
1229 1641 1293 1688 ad
1331 1641 1500 1698 Indos,
1528 1639 1591 1688 ab
1629 1656 1808 1688 occasu
1835 1639 2062 1689 Rubrum

320 1738 452 1769 mare
489 1721 652 1781 habet,
681 1720 745 1769 ab
783 1720 1016 1783 aquilone
1050 1737 1165 1770 vero
1196 1720 1415 1770 Mediam
1452 1721 1620 1784 tangit,
1655 1721 1718 1769 ab
1751 1730 1917 1770 austro
1951 1721 2064 1770 Car-

318 1802 549 1862 maniam,
586 1819 714 1865 quae
752 1802 982 1851 Persidae
1017 1802 1309 1863 adnectitur,
1344 1803 1523 1867 quibus
1561 1812 1633 1852 est
1664 1805 1786 1852 Susa
1823 1803 2061 1867 oppidum

317 1884 695 1934 nobilissimum.
772 1886 831 1932 In
874 1884 1075 1934 Persida
1121 1884 1334 1948 primum
1378 1894 1483 1933 orta
1525 1894 1597 1933 est
1638 1902 1714 1933 ars
1754 1884 1956 1948 magica,
2000 1886 2063 1932 ad

317 1983 466 2029 quam
493 1968 541 2015 N
546 1967 721 2015 ebroth
747 1966 916 2030 gigans
942 1976 1053 2030 post
1073 1966 1416 2015 confusionem
1442 1967 1717 2030 linguarum
1743 1966 1875 2027 abiit,
1895 1966 2063 2029 ibique

318 2052 491 2098 Persas
517 2048 682 2111 ignem
707 2050 869 2098 colere
885 2049 1068 2098 docuit.
1132 2050 1262 2098 Nam
1283 2065 1456 2098 omnes
1483 2048 1533 2096 in
1551 2048 1644 2096 illis
1669 2048 1888 2112 partibus
1909 2051 2063 2097 solem

243 2155 298 2201 13
320 2133 504 2189 colunt,
534 2132 618 2193 qui
644 2132 861 2194 ipsorum
888 2131 1054 2194 lingua
1080 2132 1140 2178 El
1166 2130 1356 2179 dicitur.
1431 2131 1796 2193 Mesopotamia
1822 2131 2063 2180 Graecam

319 2212 667 2276 etymologiam
699 2212 934 2276 possidet,
963 2214 1100 2276 quod
1129 2214 1326 2262 duobus
1360 2213 1518 2261 fluviis
1551 2212 1795 2261 ambiatur
1811 2230 1824 2273 ;
1860 2229 1975 2260 nam
2000 2213 2063 2261 ab

319 2293 507 2342 oriente
540 2293 728 2357 Tigrim
765 2295 928 2353 habet,
955 2295 1019 2343 ab
1055 2294 1266 2343 occiduo
1305 2296 1606 2358 Euphraten.
1681 2293 1862 2358 Incipit
1897 2303 2062 2343 autem

317 2392 346 2424 a
382 2378 716 2439 septentrione
752 2376 878 2425 inter
914 2386 1136 2426 montem
1173 2379 1391 2425 Taurum
1430 2385 1478 2424 et
1516 2377 1794 2426 Caucasum
1812 2394 1825 2437 3
1861 2376 2000 2425 cuius
2036 2394 2065 2425 a

320 2458 524 2508 meridie
550 2458 769 2522 sequitur
794 2458 1081 2522 Babylonia,
1110 2458 1292 2508 deinde
1314 2459 1578 2518 Chaldaea,
1602 2457 1866 2508 novissime
1882 2458 2065 2508 Arabia

380 2602 398 2628 1
430 2589 577 2641 nunc.]
601 2590 815 2629 nominata
838 2591 950 2631 Ovet.
971 2595 1067 2630 extr.
1094 2605 1103 2630 :
1134 2603 1218 2630 om.
1234 2589 1280 2627 K
1387 2589 1518 2628 scidia
1537 2587 1587 2628 C1
1608 2603 1616 2627 ε
1639 2589 1752 2627 india
1771 2588 1818 2626 K
1832 2589 1935 2638 (non
1952 2588 2061 2630 Ovet.

320 2646 441 2697 extr.)
553 2657 577 2682 2
598 2645 744 2696 huius]
758 2645 855 2684 huic
874 2645 908 2685 C
1015 2658 1040 2695 3
1061 2646 1212 2684 saltum
1227 2643 1273 2681 K
1343 2642 1634 2685 occiduOBT:
1658 2644 1759 2682 -dua
1777 2642 1858 2682 CK
1954 2658 1979 2693 4
2001 2657 2063 2686 so,

322 2713 406 2740 om.
427 2698 476 2736 K
580 2713 607 2749 9
636 2700 677 2738 in
700 2700 808 2738 hanc
830 2700 1049 2749 regionem
1069 2699 1201 2737 BKT
1308 2711 1357 2738 10
1387 2699 1565 2748 primurn
1589 2712 1672 2741 om.
1689 2697 1724 2737 C
1835 2711 1883 2736 12
1914 2698 2062 2751 Medo]

322 2755 463 2794 medio
495 2754 537 2792 Β
701 2755 997 2805 cognominata
1030 2754 1077 2792 K
1269 2765 1316 2803 15
1346 2753 1462 2792 videt
1494 2766 1577 2794 om.
1605 2752 1653 2790 K
1690 2766 1772 2792 non
1807 2753 1919 2794 Ovet.
1941 2756 2062 2804 extr.)

324 2823 426 2849 mer.
450 2809 620 2859 quidem
645 2809 761 2849 Pers.
783 2808 829 2846 K
848 2810 949 2861 (non
973 2809 1084 2848 Ovet.
1105 2810 1224 2853 extr.)
1352 2810 1402 2846 16
1429 2814 1583 2847 terram
1605 2808 1640 2847 C
1688 2808 1725 2846 T
1833 2808 1883 2845 18
1910 2808 1964 2846 ab
1983 2814 2062 2847 ort.

324 2865 427 2903 solis
449 2863 485 2902 C
596 2877 645 2915 19
677 2863 811 2916 Med.]
835 2865 1052 2903 meridiem
1074 2863 1114 2902 Β
1221 2863 1386 2915 Carm.]
1408 2863 1639 2902 armeniam
1658 2861 1703 2899 K
1822 2874 1876 2900 20
1903 2861 2062 2912 persidi

326 2918 362 2956 C
452 2931 499 2957 21
534 2919 575 2957 in
595 2919 764 2969 perside
784 2919 920 2972 (-dae)
952 2918 1047 2959 TC:
1077 2919 1118 2956 in
1140 2930 1265 2968 persa
1285 2918 1332 2956 K
1423 2932 1475 2956 22
1503 2917 1698 2956 nemroth
1718 2915 1759 2954 Β
1839 2929 1890 2965 24
1923 2916 2063 2955 colent

326 2973 376 3011 C1
487 2973 588 3024 ips.]
612 2974 775 3013 illorum
797 2972 842 3010 K
962 2986 1013 3023 25
1043 2973 1232 3024 possedit
1252 2971 1298 3009 K
1405 2972 1585 3012 ambitur
1610 2970 1648 3008 T
1752 2972 1804 3009 26
1833 2971 1990 3010 habent
2011 2971 2063 3010 ab

324 3028 546 3067 occidente
563 3028 608 3065 K

2158 82 2176 142 ,ηιμ
2153 0 2176 68 aw-

2092 1005 2176 1044 10-

2089 1418 2135 1458 15

2089 1833 2138 1859 20

2089 2241 2139 2282 25
