2176 3424
1090 130 1359 180 ISIDORI

346 262 598 317 porrectus
630 264 676 303 et
711 257 875 306 iacens
894 276 906 318 3
954 260 1088 309 unde
1121 269 1168 308 et
1202 261 1390 310 Graece
1420 261 1576 311 πεδίον
1606 262 1797 312 dicitur.
1871 265 2090 327 Sumpsit

344 345 511 385 autem
537 353 723 386 nomen
748 355 807 387 ex
832 340 1023 389 Graeca
1048 342 1344 407 etymologia
1361 361 1374 404 3
1409 345 1558 408 χαμαὶ
1582 345 1714 393 enim
1742 345 1918 394 Graeci
1942 346 2089 395 breve

253 438 317 486 24
344 417 528 466 dicunt.
605 420 776 468 Solum
825 430 899 470 est
931 438 1081 471 omne
1121 425 1257 487 quod
1291 424 1512 486 sustinet,
1550 443 1579 475 a
1616 425 1862 476 soliditate
1898 426 2087 476 dictum

344 500 541 550 scilicet.
615 503 765 551 Vnde
791 512 838 552 et
865 505 927 552 de
953 506 1073 553 mari
1099 505 1342 569 Vergilius
1366 507 1434 556 ait
1460 507 1604 573 (Aen.
1627 522 1669 571 5,
1694 507 1808 573 199)
1830 528 1839 558 :

903 586 1313 651 Subtrahiturque
1351 591 1525 639 solum.
2112 607 2134 648 5

251 675 315 724 25
341 665 502 713 Saltus
543 674 657 714 sunt
696 676 832 715 vasta
879 677 927 716 et
977 668 1214 718 silvestria
1261 672 1384 732 loca,
1426 671 1512 720 ubi
1554 671 1752 721 arbores
1792 671 1995 721 exiliunt
2036 672 2086 719 in

246 749 314 794 26
339 747 508 795 altum.
583 749 773 796 Fauces
799 757 912 797 sunt
938 751 1102 799 aditus
1127 761 1447 814 angustorum
1487 755 1710 802 locorum
1747 752 1872 802 inter
1907 755 2086 802 arduos

340 837 549 887 montes,
578 830 687 878 loca
729 840 937 893 angusta
976 841 1024 880 et
1066 832 1246 894 brevia,
1280 835 1412 883 dicta
1441 852 1470 883 a
1502 836 1718 884 faucium
1749 834 2086 894 similitudine,

252 921 314 970 27
338 910 477 973 quasi
504 912 652 960 foces.
726 913 996 977 Confrages
1031 916 1141 964 loca
1174 916 1224 964 in
1259 933 1357 979 qua
1393 918 1614 981 undique
1638 917 1771 967 venti
1796 927 1996 966 currunt
2029 934 2086 966 ac

339 1009 445 1042 sese
471 994 712 1056 frangunt.
786 997 853 1043 Vt
880 997 1098 1046 Naevius
1123 997 1190 1046 ait
1215 997 1354 1063 (trag.
1383 999 1496 1064 58):
2124 1016 2173 1044 10

643 1077 701 1123 In
741 1086 934 1127 montes
973 1079 1058 1127 ubi
1096 1079 1229 1129 venti
1265 1081 1554 1145 frangebant
1591 1083 1770 1130 locum.

251 1159 315 1206 28
339 1156 524 1205 Scabra
557 1166 672 1206 sunt
704 1160 813 1207 loca
844 1159 938 1208 situ
969 1177 1151 1224 aspera.
1225 1165 1374 1212 Vnde
1407 1172 1455 1212 et
1489 1163 1679 1213 scabies
1710 1162 1900 1224 dicitur,
1927 1181 1956 1211 a
1985 1180 2085 1212 cor-

243 1254 312 1301 29
337 1240 468 1301 poris
494 1239 770 1302 asperitate.
845 1244 1021 1291 Lustra
1057 1244 1267 1293 obscura
1303 1244 1507 1294 latibula
1543 1246 1752 1295 ferarum
1783 1254 1831 1294 et
1855 1247 2083 1309 luporum

336 1320 518 1369 cubilia
543 1331 669 1371 sunt.
724 1325 872 1372 Vnde
897 1334 945 1373 et
970 1325 1223 1388 lupanaria
1247 1329 1398 1376 lustra
1413 1327 1656 1387 dicuntur,
1682 1326 2079 1391 percontrarium

244 1417 311 1463 30
338 1402 580 1465 videlicet,
605 1404 720 1467 quia
745 1422 917 1469 parum
943 1406 1274 1457 inlustrantur.
1313 1422 1315 1424 ’
1351 1412 1514 1459 Lucus
1545 1418 1618 1458 est
1648 1411 1785 1458 locus
1811 1409 1976 1458 densis
2011 1426 2080 1458 ar·
2107 1424 2153 1465 15

335 1484 539 1534 boribus
566 1496 749 1550 septus,
775 1490 882 1536 solo
908 1491 1069 1538 lucem
1095 1492 1372 1540 detrahens.
1448 1495 1615 1541 Potest
1641 1501 1690 1541 et
1714 1509 1742 1540 a
1767 1493 2080 1541 conlucendo

339 1566 520 1616 crebris
558 1568 828 1619 luminibus
863 1570 974 1630 dici,
1012 1589 1140 1635 quae
1173 1571 1241 1621 ibi
1271 1582 1469 1636 propter
1501 1573 1787 1636 religionem
1824 1573 2080 1636 gentilium

259 1664 314 1710 31
338 1651 628 1713 cultumque
663 1651 863 1700 fiebant.
940 1655 1148 1702 Deserta
1174 1665 1349 1703 vocata
1377 1656 1493 1718 quia
1519 1672 1622 1704 non
1647 1664 1872 1704 seruntur
1897 1665 1944 1704 et
1970 1657 2083 1705 ideo

338 1732 477 1796 quasi
498 1734 789 1782 deseruntur
810 1753 822 1795 3
858 1744 911 1783 ut
937 1745 1050 1784 sunt
1075 1737 1183 1784 loca
1209 1736 1438 1785 silvarum
1473 1745 1521 1785 et
1554 1736 1813 1796 montium,
1842 1738 2082 1786 contraria

250 1828 314 1875 32
338 1814 693 1864 uberrimarum
737 1824 988 1878 terrarum,
1028 1835 1155 1880 quae
1194 1828 1307 1867 sunt
1344 1818 1620 1868 uberrimae
1655 1819 1841 1882 glebae.
1924 1822 2082 1869 Devia
2108 1837 2159 1866 20

337 1907 450 1946 sunt
492 1899 602 1946 loca
645 1908 832 1947 secreta
873 1908 920 1947 et
956 1899 1138 1960 abdita,
1175 1900 1316 1963 quasi
1355 1910 1489 1949 extra
1521 1902 1663 1948 viam.
1740 1903 1854 1963 Ipsa
1884 1911 1997 1950 sunt
2033 1912 2081 1951 et

341 1979 483 2028 invia.
546 1981 674 2029 Inde
700 1990 747 2029 et
772 1980 951 2029 aviaria
977 1991 1163 2031 secreta
1186 1985 1295 2031 loca
1322 1991 1370 2031 et
1394 2000 1423 2030 a
1447 1981 1526 2030 via
1550 1991 1752 2042 remota,
1780 1991 1864 2031 aut
1889 1992 2079 2032 tantum

337 2061 538 2110 adibilia
562 2063 751 2112 avibus.
822 2065 972 2112 Vnde
997 2074 1070 2113 est
1095 2064 1216 2113 illud
1243 2063 1399 2128 (Virg.
1417 2065 1595 2127 Georg.
1619 2082 1659 2124 2,
1679 2063 1798 2127 430)
1823 2082 1832 2112 :

802 2147 997 2194 Inculta
1031 2146 1210 2195 rubent
1244 2145 1424 2195 aviaria
1458 2145 1607 2195 bacis.

249 2234 313 2281 33
337 2227 567 2274 Amoena
592 2228 700 2274 loca
725 2228 881 2275 Varro
907 2226 1039 2276 dicta
1063 2228 1130 2275 ait
1155 2244 1215 2275 eo
1241 2229 1377 2290 quod
1404 2229 1564 2276 solum
1588 2242 1809 2276 amorem
1834 2233 2080 2290 praestant
2106 2244 2154 2285 25

341 2315 389 2355 et
408 2309 472 2356 ad
500 2324 551 2356 se
576 2309 790 2357 amanda
814 2307 1062 2357 adliciant.
1115 2309 1315 2357 Verrius
1338 2310 1556 2368 Flaccus,
1586 2310 1722 2371 quod
1747 2308 1852 2357 sine
1877 2323 2079 2356 munere

336 2388 432 2438 sint
458 2406 552 2438 nec
577 2389 844 2454 quicquam
870 2391 946 2438 his
972 2390 1145 2450 officia,
1165 2390 1305 2453 quasi
1325 2392 1537 2451 amunia,
1561 2392 1657 2439 hoc
1682 2399 1755 2439 est
1781 2389 1886 2438 sine
1905 2391 2078 2447 fructu,

392 2533 410 2558 1
443 2533 554 2571 porr.
579 2520 630 2559 ia.
660 2520 698 2558 T
830 2534 854 2560 2
885 2520 980 2574 χα.]
1002 2521 1109 2559 cami
1130 2519 1241 2561 codd.
1354 2521 1525 2560 brevem
1546 2521 1593 2559 K
1698 2534 1725 2571 3
1754 2520 1900 2572 omne]
1920 2534 2077 2560 nomen

339 2574 377 2612 T
481 2588 506 2624 4
535 2580 576 2613 et
597 2589 678 2614 om.
708 2574 743 2614 C
849 2575 908 2614 ait
927 2589 1008 2615 om.
1033 2576 1074 2613 Β
1185 2589 1206 2624 7
1237 2575 1391 2614 itinera
1413 2606 1422 2615 .
1446 2605 1455 2615 .
1479 2605 1488 2614 .
1513 2576 1570 2615 in.
1594 2577 1699 2615 duos
1719 2588 1800 2616 rno.
1821 2575 1957 2615 locata
1977 2588 2073 2626 ang.

333 2635 374 2668 et
395 2629 542 2679 pervia
562 2629 677 2669 Serv.
701 2629 761 2669 ad
777 2630 884 2670 Aen.
907 2643 970 2678 11,
985 2632 1066 2680 516
1178 2632 1203 2668 8
1231 2629 1344 2680 loca]
1362 2630 1498 2669 locata
1518 2629 1605 2668 BT
1707 2635 1931 2681 angustate
1951 2632 2012 2669 br.
2035 2630 2081 2668 K

330 2698 357 2734 9
385 2696 512 2723 voces
541 2684 601 2723 T:
630 2685 775 2724 fauces
795 2684 843 2722 K
954 2698 1002 2724 10
1031 2684 1148 2736 sese]
1171 2698 1274 2735 sepe
1295 2683 1342 2722 K
1449 2685 1586 2724 nivius
1607 2685 1652 2724 K
1761 2698 1806 2723 11
1840 2691 2025 2724 montem
2043 2684 2079 2723 C

332 2739 437 2790 (non
457 2738 595 2787 Mon.)
713 2752 760 2777 12
790 2739 909 2791 sunt]
932 2746 1021 2779 ster
1041 2739 1087 2778 K
1102 2743 1197 2790 (pro
1218 2737 1270 2780 st.
1292 2739 1318 2778 i.
1335 2753 1366 2778 e.
1390 2741 1505 2793 sunt)
1687 2752 1734 2791 15
1765 2739 2013 2778 inlustratur
2031 2737 2079 2776 K

336 2796 384 2832 16
413 2794 518 2832 situs
553 2793 604 2832 C1
741 2795 821 2833 soli
857 2794 893 2833 C
1087 2807 1133 2843 17
1165 2795 1236 2844 qui
1269 2794 1326 2832 ibi
1364 2793 1423 2833 T:
1451 2794 1600 2844 quibus
1635 2795 1676 2833 Β
1812 2795 1999 2843 gentium
2031 2792 2079 2831 K

334 2850 383 2886 18
411 2854 608 2888 serantur
631 2847 665 2886 C
790 2862 839 2898 19
870 2850 1123 2889 deserentur
1141 2848 1189 2887 K
1295 2850 1503 2888 contrarie
1530 2849 1589 2888 T:
1621 2848 1817 2888 contrarii
1837 2847 1927 2886 ΒΚ
1939 2862 1948 2886 :
1978 2861 2073 2887 con-

330 2903 484 2943 trariae
507 2903 543 2942 C
694 2916 748 2941 20
779 2903 912 2943 Devie
939 2904 977 2942 T
1134 2916 1183 2942 21
1215 2908 1300 2942 ext.
1322 2904 1393 2942 via
1414 2903 1502 2942 BT
1659 2916 1710 2942 22
1738 2902 1870 2942 viaria
1888 2916 1972 2942 sec.
1993 2902 2081 2941 ΒΚ

329 2971 382 3007 24
411 2958 526 2998 vacis
559 2958 626 2998 B:
658 2957 778 3008 vagis
809 2957 938 2996 KNP
1097 2970 1149 3008 25
1179 2959 1272 2997 solo
1293 2957 1422 2997 KOP
1435 2957 1539 3009 (non
1557 2957 1703 3007 NDF)
1832 2970 1975 2996 amore
1998 2957 2078 2997 ΟΡ

330 3018 554 3062 praestent
573 3013 698 3053 Arev.
883 3015 935 3052 26
965 3014 1175 3053 adliceant
1196 3026 1246 3051 ex
1263 3013 1484 3053 adiaceant
1505 3019 1552 3053 ut
1562 3012 1644 3053 vid.
1674 3011 1712 3050 T
1841 3011 1984 3051 verius
2004 3011 2082 3050 CT

332 3079 383 3117 27
414 3068 500 3107 sint
521 3068 563 3108 id
584 3073 649 3108 est
670 3068 764 3108 sine
784 3067 922 3108 officio
943 3068 1063 3118 quasi
1081 3067 1116 3107 C
1134 3069 1236 3121 (non
1257 3067 1357 3120 DF)
