2228 3444
479 148 1114 198 ETYMOLOGIARVM
1155 152 1285 199 LIB.
1326 150 1420 199 III.
1456 150 1549 198 lxxi

138 278 338 328 crinitae
357 279 678 343 appellantur,
702 277 817 341 quia
843 278 891 325 in
917 278 1124 326 modum
1145 279 1353 327 crinium
1376 281 1598 329 flammas
1625 290 1857 345 spargunt
1877 300 1889 341 ς

136 377 256 423 quas
283 359 434 410 Stoici
454 360 626 409 dicunt
652 376 758 409 esse
785 360 908 408 ultra
927 359 1134 422 triginta,
1158 377 1365 423 quarum
1391 361 1595 410 nomina
1614 370 1663 410 et
1681 364 1884 412 effectus

135 444 338 505 quidam
375 441 624 506 Astrologi
661 443 971 505 scripserunt.
1048 441 1244 491 Lucifer
1280 442 1441 492 dictus
1485 459 1545 492 eo
1585 444 1721 506 quod
1757 446 1882 494 inter
1906 435 1962 485 18

135 523 301 573 omnia
338 522 498 572 sidera
536 525 644 587 plus
684 525 847 572 lucem
884 525 1036 584 ferat,
1083 533 1155 573 est
1191 533 1358 573 autem
1399 542 1526 574 unus
1564 541 1622 574 ex
1658 527 1881 588 planetis.

89 626 109 666 5
137 606 237 655 Hic
262 607 453 670 proprie
486 614 534 654 et
566 604 706 653 iubar
731 603 909 654 dicitur
946 621 1006 653 eo
1033 607 1169 668 quod
1198 605 1339 655 iubas
1374 605 1496 656 lucis
1529 609 1764 667 effundat,
1790 611 1878 657 sed

134 696 182 735 et
202 688 436 750 splendor
455 685 570 735 solis
589 703 648 735 ac
667 687 813 734 lunae
829 694 876 734 et
893 687 1143 736 stellarum
1163 687 1304 736 iubar
1323 698 1538 747 vocatur,
1556 690 1693 752 quod
1709 690 1759 736 in
1779 705 1880 737 mo-

135 770 255 817 dum
277 768 421 817 iubae
441 767 562 816 radii
579 767 798 830 ipsorum
815 769 1155 818 extendantur.
1194 770 1442 833 Vesperus
1461 772 1600 819 stella
1618 768 1737 838 [est]
1757 769 1881 818 occi-
1904 774 1965 821 19

136 851 359 908 dentalis,
383 866 531 913 quam
558 847 960 912 cognominatam
980 850 1244 912 perhibent
1269 852 1332 900 ab
1355 853 1586 916 Hespero
1607 851 1882 915 Hispaniae

136 949 259 996 rege.
323 934 412 980 Est
430 940 596 981 autem
617 940 664 980 et
690 932 795 993 ipsa
825 947 883 978 ex
908 932 1130 995 quinque
1156 934 1306 981 stellis
1333 935 1556 996 planetis,
1577 943 1776 982 noctem
1797 935 1883 982 du-

64 1034 112 1062 10
137 1027 252 1060 cens
270 1019 317 1060 et
334 1011 489 1059 solem
510 1026 735 1072 sequens.
775 1011 946 1058 Fertur
955 1020 1122 1059 autem
1139 1013 1275 1074 quod
1295 1014 1418 1061 haec
1435 1013 1575 1061 stella
1590 1012 1751 1061 oriens
1768 1011 1884 1060 luci-

134 1096 304 1152 ferum,
325 1091 559 1141 occidens
579 1108 837 1154 vesperum
858 1091 985 1141 facit.
1052 1095 1130 1142 De
1151 1110 1248 1156 qua
1268 1094 1450 1143 Statius
1469 1092 1651 1158 (Theb.
1672 1097 1715 1154 6,
1739 1094 1879 1160 241):

472 1176 534 1222 Et
569 1176 758 1223 alterno
795 1175 1095 1237 dependitur
1131 1193 1257 1224 unus
1293 1176 1344 1224 in
1379 1186 1502 1225 ortu.

134 1259 367 1307 Planetae
393 1257 561 1304 stellae
587 1265 700 1304 sunt
730 1272 857 1319 quae
882 1273 986 1306 non
1020 1267 1132 1306 sunt
1166 1259 1290 1307 fixae
1314 1257 1364 1306 in
1391 1260 1543 1317 caelo,
1571 1268 1624 1307 ut
1650 1257 1878 1322 reliquae,
1905 1258 1976 1295 20

134 1339 222 1387 sed
246 1337 296 1386 in
322 1354 432 1388 aere
457 1339 688 1386 feruntur.
745 1339 923 1387 Dictae
947 1348 1111 1388 autem
1138 1342 1365 1403 planetae
1391 1343 1481 1389 ἀπὸ
1505 1344 1587 1404 τῆς
1611 1342 1804 1404 πλάνης,
1831 1339 1882 1389 id

63 1443 108 1482 15
135 1429 206 1470 est
231 1420 294 1469 ab
321 1436 494 1469 errore.
555 1421 686 1470 Nam
720 1419 969 1470 interdurn
996 1420 1046 1469 in
1071 1431 1303 1480 austrum,
1334 1422 1582 1472 interdum
1610 1422 1659 1471 in
1692 1431 1882 1485 septen-

133 1502 356 1562 trionem,
381 1503 670 1565 plerumque
690 1510 860 1551 contra
880 1505 1137 1564 mundum,
1160 1521 1538 1567 nonnumquam
1559 1522 1672 1553 cum
1693 1505 1883 1553 mundo

135 1586 366 1634 feruntur.
442 1584 664 1645 Quarum
702 1586 904 1633 nomina
941 1586 1131 1635 Graeca
1169 1595 1282 1635 sunt
1317 1588 1592 1646 Phaethon,
1626 1589 1879 1646 Phaenon,

136 1665 327 1727 Pyrion‚
367 1667 638 1728 Hesperus,
672 1665 880 1716 Stilbon.
955 1669 1063 1716 Has
1098 1670 1315 1717 Romani
1353 1668 1637 1718 nominibus
1674 1671 1879 1718 deorum
1903 1676 1957 1714 21

135 1762 349 1804 suorum,
384 1746 435 1795 id
468 1757 541 1796 est
573 1746 719 1806 Iovis,
753 1747 961 1807 Saturni,
996 1749 1183 1810 MartiS,
1211 1751 1434 1810 Veneris,
1465 1759 1614 1814 atque
1653 1751 1884 1799 Mercurii

59 1852 111 1880 20
135 1837 458 1876 sacraverunt.
523 1828 732 1891 Decepti
754 1831 885 1877 enim
905 1838 952 1879 et
970 1829 1199 1894 decipere
1219 1834 1439 1881 volentes
1459 1831 1509 1880 in
1530 1849 1701 1881 eorum
1720 1834 1885 1881 adula-

133 1907 334 1968 tionem,
358 1910 442 1972 qui
467 1908 560 1959 sibi
585 1909 773 1973 aliquid
799 1913 1071 1961 secundum
1094 1929 1314 1962 amorem
1334 1913 1701 1977 praestitissent,
1725 1915 1885 1962 sidera

133 1991 463 2040 ostendebant
497 1993 548 2039 in
581 1994 733 2052 caelo,
762 1991 984 2042 dicentes
1018 1996 1155 2056 quod
1186 1996 1319 2044 Iovis
1353 2004 1482 2044 esset
1514 1995 1636 2044 illud
1670 1994 1804 2044 sidus
1835 2005 1883 2044 et

132 2071 254 2120 illud
281 2072 543 2122 Mercurii:
583 2082 630 2122 et
655 2082 897 2137 concepta
923 2083 996 2124 est
1021 2077 1190 2139 opinio
1216 2075 1458 2125 vanitatis.
1521 2078 1670 2125 Hanc
1696 2076 1883 2140 opinio-

134 2170 246 2202 nem
286 2153 457 2203 erroris
496 2154 723 2205 diabolus
760 2156 1083 2215 confirmavit,
1113 2157 1339 2208 Christus
1374 2157 1559 2207 evertit.
1634 2160 1741 2206 Iam
1767 2175 1882 2207 vero
1905 2173 1969 2210 22

62 2260 109 2300 25
134 2236 228 2295 illa,
253 2252 378 2299 quae
398 2237 461 2285 ab
482 2236 598 2301 ipsis
619 2237 883 2300 gentilibus
906 2239 1042 2302 signa
1062 2239 1305 2299 dicuntur,
1329 2239 1380 2288 in
1400 2239 1579 2302 quibus
1600 2249 1648 2288 et
1666 2238 1884 2288 animan-

134 2317 255 2365 tium
294 2317 457 2381 imago
491 2319 554 2367 de
589 2319 739 2368 stellis
773 2321 1021 2379 formatur,
1051 2330 1103 2369 ut
1129 2323 1330 2380 Arcton,
1361 2318 1460 2388 [ut]
1488 2322 1643 2380 Aries,
1671 2323 1879 2380 Taurus,

138 2398 285 2447 Libra
317 2409 365 2448 et
398 2401 683 2449 huiusmodi
717 2400 811 2449 alia
830 2419 841 2461 3
878 2401 940 2461 hi,
971 2401 1055 2464 qui
1090 2403 1249 2451 sidera
1273 2403 1602 2465 perviderunt,
1631 2401 1680 2449 in
1714 2419 1881 2450 nume-

192 2541 215 2565 2
247 2533 289 2566 et
310 2541 391 2567 om.
420 2528 456 2566 T
573 2541 597 2578 3
628 2530 797 2578 quidem
819 2529 864 2568 K
988 2543 1011 2578 4
1043 2530 1177 2570 lucem
1200 2531 1307 2569 ferat
1327 2530 1480 2570 ABT:
1510 2531 1617 2569 lucis
1639 2531 1793 2569 habeat
1812 2531 1879 2569 K:

136 2581 242 2621 lucis
263 2582 391 2621 habet
414 2581 449 2620 C
553 2588 616 2622 est
638 2613 646 2622 .
673 2614 682 2623 .
709 2616 717 2624 .
740 2586 910 2635 proprie
932 2598 1013 2624 om.
1042 2584 1119 2623 CK
1135 2587 1238 2636 (non
1260 2585 1320 2635 A)
1490 2597 1513 2633 5
1545 2591 1586 2624 et
1613 2583 1774 2636 (primi
1798 2599 1881 2624 om.

137 2636 178 2674 Β
195 2637 299 2687 (non
312 2636 375 2687 A)
466 2638 642 2677 effundit
658 2637 714 2676 Β1
838 2640 864 2677 6
892 2646 1098 2679 vocantur
1117 2639 1202 2678 BT
1306 2641 1349 2678 in
1366 2652 1446 2679 om.
1467 2639 1562 2678 ClK
1655 2652 1676 2689 7
1708 2640 1827 2683 iubar
1852 2638 1889 2677 T

138 2692 426 2731 extenduntur
444 2691 487 2730 Β
679 2699 742 2733 est
763 2692 855 2733 Izab.
885 2693 961 2731 CK
979 2707 989 2743 ;
1018 2708 1098 2733 om.
1125 2693 1206 2732 ΒΤ
1374 2695 1400 2732 8
1430 2695 1483 2732 ab
1503 2707 1655 2744 espere
1679 2693 1727 2731 Cl
1749 2709 1756 2733 :
1785 2707 1881 2732 ave-

138 2759 289 2796 sperae
303 2746 375 2786 K:
402 2759 613 2797 avespero
630 2746 716 2785 BT
819 2762 845 2798 9
865 2755 1006 2788 autem
1026 2748 1134 2788 BT:
1163 2761 1245 2788 om.
1267 2748 1340 2789 Cl:
1373 2748 1486 2787 enim
1502 2749 1547 2788 K
1661 2761 1709 2787 10
1728 2748 1881 2799 solem]

138 2805 306 2839 noctem
333 2800 371 2839 T
446 2801 550 2841 haec
571 2815 652 2842 om.
679 2802 716 2839 T
824 2816 869 2842 11
903 2804 956 2843 de
978 2816 1059 2853 quo
1079 2802 1125 2841 K
1236 2816 1284 2842 12
1315 2804 1458 2853 -perd-
1479 2803 1543 2843 B:
1574 2804 1747 2853 -prend-
1769 2801 1876 2840 Stat.

143 2867 190 2904 15
219 2855 262 2893 in
282 2868 371 2895 auS.
393 2885 403 2896 .
422 2887 430 2896 .
447 2887 456 2896 .
475 2857 555 2906 ple.
571 2870 653 2896 om.
674 2855 725 2894 Cl
822 2871 868 2908 17
891 2859 1112 2909 phenonta
1126 2857 1261 2897 BCT:
1283 2859 1458 2897 senonta
1472 2857 1518 2896 K
1616 2859 1663 2895 18
1685 2857 1881 2907 phiriona

138 2909 280 2949 BCT:
318 2910 467 2950 firiona
494 2910 540 2949 K
703 2912 840 2964 nom.]
869 2913 912 2952 in
943 2913 1135 2952 omnibus
1165 2911 1217 2950 Cl
1385 2925 1434 2962 19
1463 2919 1589 2961 atque
1609 2911 1714 2950 BT:
1742 2916 1785 2949 et
1808 2909 1886 2949 CK

140 2976 187 3000 21
209 2963 307 3016 sibi]
323 2965 364 3003 in
386 2964 423 3003 T
500 2978 623 3005 secus
640 2964 690 3003 C1
802 2981 853 3006 22
875 2968 990 3018 quod
1006 2981 1088 3007 om.
1113 2967 1150 3004 T
1235 2980 1287 3015 23
1310 2967 1486 3006 unitatis
1503 2966 1554 3004 Cl
1638 2965 1769 3017 hanc]
1783 2977 1830 3003 ac
1851 2963 1890 3002 T

141 3029 192 3067 24
221 3018 474 3059 formavitK
486 3036 493 3060 :
527 3020 721 3060 formabit
737 3019 787 3058 Cl
953 3023 1005 3060 26
1034 3027 1079 3060 ut
1098 3021 1190 3060 hab.
1213 3021 1319 3061 BT:
1348 3034 1429 3062 om.
1454 3020 1530 3058 CK
1709 3033 1759 3072 27
1791 3021 1882 3057 eius

141 3072 251 3111 modi
273 3072 310 3111 T
413 3075 712 3124 praeviderunt
732 3073 777 3112 K

213 3148 314 3186 1182
679 3161 685 3166 “
990 3167 1027 3198 Μ
