2176 3424
71 999 120 1026 10

77 1815 127 1842 20

434 102 1063 158 ETYMOLOGIARVM
1105 101 1233 146 LIB.
1274 98 1392 144 XII.
1434 95 1482 153 ii,
1520 93 1568 142 iii

259 245 342 290 DE
359 253 574 289 M1NVT1s
591 246 965 284 ANlMANTfflvs.
1008 231 1124 277 Mus
1140 225 1372 290 pusillum
1389 223 1584 271 animal.
1627 222 1872 270 Graecum
1900 229 1962 269 111

135 325 202 373 illi
229 340 411 373 nomen
437 330 545 380 est3
581 315 825 382 quidquid
861 330 975 363 vero
1012 329 1071 360 ex
1104 326 1164 358 eo
1198 307 1344 356 trahit
1369 303 1602 352 Latinum
1637 303 1703 350 fit.
1777 298 1877 348 Alii

137 406 308 456 dicunt
328 420 490 452 mures
507 402 644 465 quod
669 417 728 448 ex
751 400 959 446 humore
979 403 1134 442 terrae
1152 396 1415 438 nascantur
1432 404 1445 446 3
1470 401 1584 433 narn
1606 399 1715 431 mus
1735 392 1877 442 terra,

137 490 270 537 unde
295 487 562 535 ethumus.
634 481 730 530 His
756 482 807 527 in
826 474 1098 541 plenilunio
1123 472 1256 520 iecur
1282 467 1466 526 crescit,
1487 466 1612 515 sicut
1632 465 1878 528 quaedam

139 568 380 618 maritima
403 574 656 629 augentur,
677 578 803 626 quae
822 574 985 607 rursus
1008 555 1262 604 minuente
1286 553 1403 599 luna
1428 547 1678 598 deficiunt.
1728 547 1879 594 Sorex
1901 558 1933 593 2

138 650 370 699 Latinum
391 658 477 708 est,
496 664 557 695 eo
573 645 709 709 quod
726 643 866 691 rodat
882 649 931 688 et
947 638 999 686 in
1016 638 1223 685 modum
1242 648 1399 681 serrae
1416 629 1681 694 praecidat.
1744 625 1882 674 Anti-

139 732 224 796 qui
244 740 408 780 autern
429 728 636 778 soricem
658 725 896 774 sauricem
918 719 1164 776 dicebant,
1189 715 1314 764 sicut
1334 723 1382 763 et
1402 713 1604 761 clodum
1630 710 1878 758 claudum.

143 816 360 863 Mustela
401 813 547 870 dicta,
591 806 730 871 quasi
772 821 882 853 mus
924 804 1101 864 longus
1119 818 1133 860 3
1169 814 1285 846 narn
1322 797 1475 844 telum
1512 811 1541 842 a
1574 789 1883 855 longitudine
1907 794 1938 841 3

142 897 343 946 dictum.
420 896 563 941 Haec
588 889 786 953 ingenio
816 885 1027 935 subdola
1052 884 1102 930 in
1134 879 1380 938 domibus,
1408 876 1494 926 ubi
1519 874 1670 924 nutrit
1696 873 1884 921 catulos

144 996 273 1038 suos,
313 977 536 1025 transfert
574 980 831 1032 mutatque
868 967 1054 1016 sedem.
1141 964 1403 1024 Serpentes
1447 957 1596 1007 etiam
1639 967 1686 1006 et
1723 972 1886 1004 mures

144 1061 461 1124 persequitur.
550 1058 666 1103 Duo
701 1062 868 1101 autem
905 1057 1019 1098 sunt
1055 1061 1233 1109 genera
1270 1042 1589 1090 mustelarum
1610 1058 1622 1099 3
1679 1040 1885 1087 alterum

143 1142 274 1192 enim
317 1140 534 1189 silvestre
582 1146 655 1184 est
697 1133 883 1182 distans
926 1125 1281 1191 magnitudine,
1324 1124 1460 1186 quod
1499 1120 1675 1171 Graeci
1718 1121 1889 1170 ἵκτιδας

143 1232 320 1272 vocant
342 1241 354 1283 3
390 1222 595 1269 alterum
622 1217 671 1264 in
698 1213 930 1264 domibus
956 1211 1204 1259 oberrans.
1262 1207 1407 1254 Falso
1432 1214 1598 1252 autem
1625 1202 1889 1266 opinantur

144 1308 226 1370 qui
267 1304 438 1354 dicunt
481 1301 741 1349 mustelam
784 1312 867 1344 ore
903 1291 1176 1355 concipere,
1219 1304 1334 1336 aure
1380 1287 1631 1335 effundere
1678 1293 1888 1347 partum.

147 1391 263 1436 Mus
306 1400 554 1440 araneum,
599 1380 738 1430 cuius
781 1394 946 1426 morsu
985 1389 1177 1422 aranea.
1250 1372 1339 1418 Est
1369 1369 1419 1416 in
1454 1367 1677 1418 Sardinia
1707 1367 1945 1420 animal4

146 1468 479 1533 perexiguum,
516 1462 680 1512 aranei
717 1463 886 1518 forma,
933 1473 1059 1520 quae
1100 1454 1305 1515 solifuga
1346 1452 1537 1509 dicitur,
1578 1449 1715 1512 quod
1757 1447 1890 1496 diem

146 1550 308 1614 fugiat.
384 1550 446 1596 In
470 1543 678 1595 metallis
703 1538 985 1605 argentariis
1005 1535 1213 1600 plurima
1239 1542 1326 1593 est,
1349 1533 1583 1581 occultim
1610 1539 1821 1594 reptans,
1845 1538 1893 1578 et

148 1650 232 1696 per
261 1629 627 1694 inprudentiam
661 1619 1096 1687 supersedentibus
1130 1625 1321 1679 pestem
1354 1615 1484 1662 facit.
1556 1613 1720 1675 Talpa>
1743 1610 1889 1669 dicta,
1915 1618 1944 1668 5

150 1715 284 1778 quod
305 1712 363 1760 sit
381 1704 621 1760 vdamnata
644 1705 879 1755 caecitate
899 1710 1136 1767 perpetua
1155 1697 1383 1747 tenebris.
1442 1699 1531 1744 Est
1551 1694 1683 1744 enim
1703 1694 1892 1756 absque

150 1796 318 1854 oculis,
347 1809 538 1855 semper
562 1801 739 1838 terram
766 1785 904 1845 fodit,
933 1793 982 1833 et
1006 1784 1214 1830 humum
1246 1778 1411 1842 egerit,
1440 1787 1488 1826 et
1513 1778 1701 1826 radices
1727 1776 1895 1824 subter

151 1875 368 1939 frugibus
394 1874 611 1923 comedit
631 1890 643 1932 3
680 1885 828 1933 quam
849 1865 1027 1916 Graeci
1054 1865 1315 1926 ἀσφάλακα
1332 1870 1525 1910 vocant.
1590 1858 1749 1907 Glires
1775 1856 1894 1906 dicti
1919 1860 1954 1907 6

152 1968 264 2008 sunt
306 1956 421 2020 quia
462 1957 667 2018 pingues
711 1969 795 2001 eos
832 1948 980 1999 efficit
1017 1963 1254 2006 somnus;
1291 1960 1407 1991 nam
1443 1942 1646 2005 gliscere
1683 1939 1893 1989 dicimus

152 2056 382 2089 crescere.
456 2036 640 2084 Hieme
667 2033 799 2082 enim
830 2040 933 2079 tota
963 2029 1214 2078 dormiunt
1245 2035 1291 2074 et
1317 2023 1580 2072 inmobiles
1607 2021 1746 2085 quasi
1772 2039 1895 2070 mor-

152 2121 222 2170 tui
248 2121 422 2178 iacent,
451 2128 673 2180 tempore
697 2112 883 2163 aestivo
908 2109 1216 2160 reviviscunt.
1292 2105 1509 2155 Ericium
1534 2103 1716 2153 animal
1742 2102 1896 2167 spinis
1918 2110 1948 2160 7

153 2211 456 2266 coopertum,
489 2199 624 2262 quod
655 2196 831 2245 exinde
864 2192 1042 2242 dicitur
1074 2189 1401 2248 nominatum,
1436 2205 1496 2235 eo
1526 2187 1662 2250 quod
1693 2185 1897 2249 subrigit

209 2348 232 2372 2
263 2332 329 2384 fit]
353 2338 417 2370 est
436 2331 477 2369 Β
584 2342 609 2377 3
638 2334 777 2366 terrae
797 2339 879 2363 om.
910 2323 948 2361 T
1107 2333 1130 2370 5
1162 2320 1290 2358 marla
1310 2333 1405 2368 aug.
1430 2318 1475 2356 K
1584 2330 1646 2356 ru.
1666 2322 1709 2354 et
1730 2316 1830 2354 min.
1853 2315 1900 2353 K

154 2391 180 2426 6
209 2393 318 2426 rotat
338 2387 383 2424 K
565 2398 586 2434 7
617 2381 724 2421 sicut
741 2382 793 2421 cl.
816 2376 914 2418 ΚΜ
1055 2377 1249 2416 claudum
1273 2385 1389 2426 gcorr.
1414 2373 1601 2424 clodum>
1625 2371 1834 2410 claudium
1863 2370 1901 2408 T

155 2444 179 2481 8
211 2443 322 2481 dicta
341 2455 424 2479 om.
451 2438 486 2478 C
590 2439 716 2486 longa
732 2435 778 2474 K
910 2447 936 2483 9
965 2431 1144 2471 subdolo
1169 2430 1204 2468 C
1340 2441 1385 2466 11
1419 2434 1517 2466 sunt
1537 2441 1601 2465 au.
1634 2426 1671 2463 T
1687 2439 1789 2475 gnon
1809 2424 1895 2471 U):

155 2503 253 2536 sunt
277 2496 310 2535 C
474 2507 522 2532 12
551 2494 711 2532 distans
732 2503 814 2529 om.
842 2488 892 2527 C1
1020 2484 1150 2536 quod]
1173 2496 1299 2534 quem
1335 2482 1372 2520 T
1535 2495 1582 2530 14
1614 2481 1814 2519 dicuntur
1835 2478 1893 2516 Kl

158 2551 377 2590 mustelam
398 2563 479 2588 om.
501 2548 546 2586 K
654 2557 918 2594 concoepere
947 2542 996 2581 C1
1111 2551 1158 2589 15
1188 2539 1284 2577 Mus
1304 2550 1487 2576 araneus
1508 2536 1597 2575 dett.
1627 2537 1727 2586 (non
1749 2534 1893 2583 OPU)

157 2619 314 2645 arenea
333 2604 375 2642 B
393 2605 494 2655 (non
513 2602 653 2653 OPU)
676 2615 686 2640 ι
701 2601 803 2650 fort.
824 2611 882 2637 ar.
903 2599 948 2649 (i.
967 2610 997 2636 e.
1022 2596 1128 2634 eutis
1150 2593 1344 2644 morbus)
1366 2598 1432 2631 est
1546 2593 1595 2630 16
1623 2583 1804 2629 araneae
1825 2589 1866 2626 Β
1886 2602 1895 2626 :

157 2661 322 2700 araneis
340 2659 386 2697 K
563 2670 609 2705 17
641 2655 848 2694 occultum
873 2653 960 2691 ΒΚ
1125 2662 1173 2698 19
1203 2650 1270 2687 da.
1292 2647 1347 2686 sit
1367 2647 1402 2686 C
1527 2646 1656 2695 enirn]
1679 2645 1835 2684 etenim
1856 2643 1897 2680 B

159 2729 212 2754 20
242 2726 410 2764 semper
425 2725 509 2751 om.
533 2711 590 2749 Β1
701 2714 847 2758 ereget
864 2708 910 2746 K
1017 2705 1181 2754 frugum
1203 2703 1351 2742 subter
1378 2702 1416 2740 T
1541 2713 1588 2738 21
1623 2699 1768 2750 quam]
1791 2709 1897 2747 quos

166 2770 227 2809 T:
257 2770 356 2820 quia
379 2767 428 2807 C1
452 2766 580 2816 <quod
604 2764 655 2804 C2
674 2777 765 2802 cum
784 2763 956 2801 Hieron.
976 2761 1019 2798 in
1038 2760 1094 2798 Is.
1125 2771 1159 2807 1,
1182 2759 1225 2808 2)
1359 2769 1486 2806 grece
1509 2755 1543 2794 C
1669 2753 1897 2803 asphalaca

163 2824 267 2863 CK:
297 2822 534 2862 asfallacam
555 2834 603 2859 ex
619 2819 802 2858 asfa1a÷2a
823 2822 871 2856 ut
889 2815 969 2855 vid.
990 2815 1029 2852 Β
1049 2829 1057 2853 :
1087 2813 1300 2852 hassalaca
1327 2811 1365 2849 T
1552 2822 1603 2848 22
1633 2814 1732 2848 sunt
1751 2821 1835 2846 om.
1864 2806 1899 2845 C

161 2879 299 2929 gliscit
330 2877 367 2915 T
523 2888 574 2924 24
604 2875 825 2912 vivescunt
854 2872 922 2910 B:
954 2884 1040 2909 rev.
1072 2869 1185 2906 unde
1217 2867 1382 2916 quidam
1415 2865 1601 2914 (Auson.
1632 2863 1802 2913 Eplaeem.
1836 2863 1893 2912 5),

163 2937 172 2954 ‘
195 2933 420 2972 Dormiunt
440 2930 570 2980 glires
588 2930 739 2967 iemem
761 2926 1022 2977 peoennem'
1055 2923 1092 2962 T
1107 2924 1209 2972 <non
1235 2922 1290 2973 U)
1422 2919 1603 2958 Ericium
1626 2918 1696 2955 K:
1728 2917 1897 2955 Iricium

162 2987 308 3027 BCU:
339 2985 560 3032 Hyricium
589 2984 626 3022 T
733 2995 797 3022 an.
823 2995 877 3019 ex
898 2993 959 3030 sp.
988 2979 1022 3018 C
1131 2988 1181 3026 25
1211 2975 1343 3027 quod]
1365 2975 1463 3024 quia
1486 2972 1534 3011 Cl
1643 2972 1778 3023 quod]
1802 2971 1916 3020 quia*

167 3042 215 3080 Cl
323 3040 540 3088 suberiget
558 3039 604 3076 K
