2176 3424
495 93 1125 142 ETYMOLOGIARVM
1167 95 1299 141 LIB.
1337 95 1445 140 XX.
1486 93 1513 151 i,
1555 92 1586 139 ii

166 221 372 270 nimium
399 222 708 271 exuberantis
726 222 897 270 effusio
923 225 1047 270 ultra
1072 238 1220 285 quam
1247 223 1363 270 satis
1389 232 1475 280 est,
1505 223 1782 285 modusque
1808 240 1908 270 non

164 312 250 351 est.
324 303 590 366 Opulentia
606 304 670 352 ab
691 320 786 367 ope
806 303 937 352 dicta
953 313 1040 364 est,
1064 320 1211 367 quam
1230 303 1269 352 si
1289 302 1537 362 discutias,
1562 302 1781 352 invenies
1799 319 1907 351 eam
1932 308 1964 355 4

164 393 330 433 tenere
367 387 585 434 modum.
660 387 789 434 Nam
824 386 1080 447 quomodo
1110 384 1378 448 opitulatur
1406 385 1544 447 quod
1574 383 1785 432 nimium
1817 393 1904 443 est,

163 483 314 528 quum
352 465 719 516 incommodius
746 467 806 515 sit
840 483 986 530 saepe
1020 483 1169 530 quarn
1200 468 1413 530 parum?
1486 467 1675 529 Epulae
1700 465 1764 514 ab
1789 482 1906 528 opu·
1930 474 1960 522 5

116 568 137 606 5
162 547 311 596 lentia
337 561 495 597 rerum
522 548 695 597 dictae.
771 549 960 611 Epulae
979 557 1142 597 autem
1166 547 1413 611 simplices
1440 549 1488 596 in
1510 549 1611 596 duo
1632 546 1906 596 necessaria

161 628 460 690 dividuntur,
500 646 679 693 panem
717 639 764 678 et
799 629 983 690 vinum,
1022 638 1071 678 et
1108 631 1209 679 duo
1246 630 1504 694 superflua,
1545 645 1671 692 quae
1701 637 1827 676 terra
1857 638 1904 677 et

162 710 280 758 mari
322 711 553 760 vescendi
592 728 738 760 causa
780 711 1058 774 exquirunt.
1147 712 1311 774 Dapes
1350 720 1517 760 autem
1560 727 1728 773 regum
1773 719 1898 769 sunt,
1927 710 1961 757 6

161 795 334 857 epulae
360 795 669 857 privatorum.
748 793 969 843 Deliciae
989 804 1304 857 nuncupatae
1330 794 1466 856 quod
1493 792 1567 840 his
1595 794 1904 842 delectentur

160 875 400 935 homines,
446 893 626 939 easque
664 878 875 925 suaviter
921 885 1168 940 appetant.
1244 878 1560 924 Pulmentum
1604 884 1834 924 vocatum
1879 892 1906 923 a
1933 890 1959 938 7

89 972 136 1000 ¹0
159 959 294 1020 pulte
312 976 324 1018 3
361 959 460 1006 sive
486 957 616 1006 enim
649 959 753 1006 sola
787 959 949 1020 pultis,
987 957 1086 1006 sive
1121 959 1241 1020 quid
1274 958 1408 1005 aliud
1442 956 1546 1005 eius
1580 955 1905 1019 permixtione

158 1048 388 1098 sumatur,
410 1041 720 1102 pulmentum
738 1040 931 1101 proprie
950 1039 1141 1087 dicitur.
1203 1037 1408 1087 Satietas
1425 1047 1590 1087 autem
1611 1047 1659 1086 et
1676 1036 1901 1086 saturitas
1928 1038 1958 1084 8

157 1120 249 1169 sibi
286 1122 548 1169 differunt:
586 1137 698 1169 nam
736 1122 932 1170 satietas
970 1138 1027 1170 ex
1064 1138 1165 1169 uno
1202 1120 1315 1169 cibo
1353 1119 1451 1169 dici
1489 1129 1664 1183 potest,
1709 1136 1795 1182 pro
1839 1136 1899 1167 eo

156 1203 290 1265 quod
308 1202 422 1250 satis
439 1202 499 1250 sit
517 1220 529 1263 3
566 1202 790 1251 saturitas
815 1211 979 1252 autem
1006 1220 1035 1251 a
1054 1212 1216 1251 satura
1241 1219 1425 1251 nomen
1445 1201 1648 1265 accepit,
1670 1203 1806 1265 quod
1827 1211 1900 1250 est

155 1285 287 1332 vario
313 1282 659 1332 alimentorum
685 1285 921 1347 adparatu
947 1285 1278 1347 conpositum.
1353 1285 1567 1347 Crapula
1588 1292 1660 1332 est
1680 1282 1903 1332 inmode-
1929 1294 1962 1339 9

82 1380 128 1420 15
155 1375 256 1414 rata
285 1365 537 1426 voracitas,
572 1366 710 1429 quasi
750 1368 902 1415 cruda
934 1367 1093 1428 epula,
1120 1366 1260 1414 cuius
1290 1366 1532 1414 cruditate
1564 1375 1789 1428 gravatur
1819 1382 1903 1415 cor

154 1456 202 1496 et
233 1449 516 1496 stomachus
547 1447 819 1511 indigestus
852 1448 1071 1497 efficitur.
1146 1449 1464 1497 Inmoderata
1494 1447 1626 1496 enim
1662 1447 1902 1497 voracitas

152 1529 322 1577 vitium
361 1540 447 1590 est,
487 1532 575 1579 sed
612 1540 801 1578 tantum
838 1530 888 1579 id
928 1528 1046 1596 [est]
1079 1530 1247 1579 salutis
1278 1539 1519 1593 quantum
1551 1529 1899 1579 sustentationi

152 1621 453 1675 naturaeque
480 1611 698 1660 sufficiat.
776 1614 1089 1660 Iantaculum
1117 1622 1189 1661 est
1215 1613 1429 1675 primurn
1456 1611 1624 1660 cibum
1653 1628 1754 1674 quo
1782 1611 1898 1660 ieiu-
1925 1616 1984 1650 10

150 1695 284 1742 nium
331 1694 561 1754 solvitur3
598 1695 732 1744 unde
766 1704 814 1743 et
845 1703 1204 1758 nuncupatum.
1279 1693 1508 1757 Nigidius
1544 1692 1719 1758 (109):
1759 1696 1894 1743 ‘Nos

77 1786 125 1814 20
148 1775 240 1840 ipsi
265 1776 447 1826 ieiunia
472 1776 730 1825 iantaculis
768 1776 958 1826 levibus
988 1776 1286 1840 polluimus.'
1360 1777 1630 1825 Prandium
1656 1775 1719 1824 ab
1745 1793 1892 1839 appa·
1917 1789 1965 1821 11

148 1868 252 1907 ratu
270 1857 451 1907 edendi
476 1857 679 1906 dictum.
756 1857 955 1921 Proprie
971 1867 1136 1906 autem
1157 1867 1344 1906 veteres
1364 1858 1628 1921 prandium
1645 1857 1891 1906 vocabant

147 1940 372 1989 omnium
407 1938 618 1987 militum
654 1939 821 1988 cibum
857 1948 972 1988 ante
1011 1956 1227 2002 pugnam
1247 1957 1259 1999 3
1310 1940 1444 1988 unde
1479 1947 1552 1988 est
1589 1938 1711 1986 illud
1749 1938 1890 1987 ducis

146 2021 437 2085 adloquium
458 2042 465 2070 ε
507 2025 517 2046 ‘
539 2022 875 2070 Prandeamus
896 2030 1149 2084 tamquam
1174 2023 1238 2070 ad
1259 2021 1438 2070 inferos
1459 2020 1712 2070 cenaturi.'
1786 2023 1890 2068 Me·
1917 2028 1970 2062 12

147 2105 298 2153 renda
324 2112 395 2152 est
420 2102 560 2151 cibus
590 2101 675 2165 qui
705 2101 986 2151 declinante
1019 2101 1100 2151 die
1134 2101 1356 2163 sumitur,
1393 2103 1536 2165 quasi
1567 2101 1891 2165 postmeridie

75 2198 120 2238 ²5
146 2185 343 2235 edenda
379 2193 426 2233 et
464 2183 687 2247 proximo
724 2199 907 2232 cenae:
962 2184 1095 2232 unde
1132 2193 1179 2232 et
1221 2183 1481 2233 antecenia
1521 2200 1551 2231 a
1592 2182 1891 2246 quibusdam

203 2329 220 2354 1
254 2315 378 2354 nimia
401 2315 446 2353 K
608 2314 715 2366 non]
737 2326 890 2352 nomen
921 2313 957 2352 T
1169 2328 1192 2352 2
1223 2314 1415 2353 invenias
1437 2314 1478 2352 B
1639 2327 1663 2363 4
1695 2313 1769 2365 sit]
1792 2314 1838 2352 fit
1861 2313 1895 2352 C

143 2370 286 2422 quam]
309 2370 422 2420 quod
444 2368 484 2406 B
627 2369 705 2418 Ep.
727 2399 735 2408 .
753 2399 761 2407 .
778 2400 786 2408 .
806 2369 886 2409 dic.
908 2382 990 2407 om.
1016 2369 1064 2409 Cl
1204 2368 1396 2419 Aepulae
1418 2368 1508 2407 KT
1618 2368 1831 2418 epulantia
1851 2367 1893 2406 Β

144 2438 169 2476 5
199 2426 310 2464 dicta
335 2424 372 2462 T
533 2424 712 2474 aepulae
742 2423 779 2462 T
929 2424 1011 2462 dua
1034 2437 1124 2463 nec.
1153 2423 1190 2461 T
1375 2437 1396 2472 7
1429 2423 1656 2474 exquirunt
1676 2422 1786 2461 BK:
1817 2436 1888 2461 ex-

144 2481 363 2530 quiruntur
386 2478 464 2519 CT
649 2483 800 2528 regunt
830 2476 876 2516 K
902 2479 1005 2530 (non
1034 2478 1096 2531 N)
1288 2479 1314 2516 8
1342 2478 1548 2517 dilectent
1580 2477 1670 2516 KN
1697 2478 1801 2529 (non
1830 2479 1891 2527 E)

143 2548 170 2585 9
198 2534 373 2586 easque]
396 2539 522 2583 atque
543 2533 582 2571 Β
605 2535 707 2584 (non
728 2532 825 2583 FN)
911 2539 1103 2572 vocatum
1125 2531 1238 2572 KN:
1265 2539 1440 2572 vocatur
1459 2531 1621 2572 BCET
1757 2544 1806 2571 10
1833 2532 1886 2572 al.

143 2597 209 2630 est
229 2601 362 2640 perm.
386 2589 478 2627 eius
499 2586 545 2626 K
764 2601 779 2626 Ι
793 2601 808 2626 1
843 2594 1064 2627 sumantur
1085 2587 1135 2626 C1
1301 2588 1471 2638 proprie
1493 2601 1574 2627 om.
1599 2586 1689 2625 ΚΝ
1705 2587 1809 2639 (non
1829 2586 1890 2637 E)

147 2658 194 2693 14
225 2645 529 2684 elementorum
553 2641 598 2680 K
731 2655 854 2693 conp.
878 2658 962 2682 om.
984 2643 1074 2681 ΚΝ
1090 2644 1193 2694 (non
1221 2643 1279 2694 U)
1445 2654 1492 2692 15
1523 2642 1708 2693 graviter
1723 2641 1770 2680 K
1789 2641 1891 2692 (pro

142 2701 385 2749 graveturtt)
622 2698 670 2734 16
699 2699 961 2737 stomachum
984 2697 1029 2736 K
1045 2703 1140 2737 ante
1158 2712 1255 2738 corr.
1461 2698 1641 2736 afficitur
1661 2696 1789 2748 (adst)
1812 2695 1892 2735 BC

147 2768 193 2804 17
225 2763 290 2793 est
327 2753 419 2792 hab.
463 2751 571 2791 BT:
620 2764 700 2792 om.
744 2751 823 2791 CK
1015 2755 1063 2791 18
1094 2753 1343 2792 Ianticulum
1384 2752 1493 2792 BK:
1546 2751 1809 2790 Ientaculurn
1855 2750 1894 2787 V

142 2810 253 2858 quod
296 2807 333 2847 T
575 2820 623 2856 19
651 2805 836 2846 solvatur
868 2808 903 2847 C
1133 2822 1187 2847 20
1214 2805 1426 2846 iactaculis
1461 2805 1529 2845 B:
1573 2805 1782 2847 ianticulis
1814 2804 1887 2843 K:

143 2864 375 2902 iantaculus
416 2860 476 2901 T:
524 2861 745 2900 ientaculis
788 2860 826 2899 V
1024 2861 1251 2912 polluimus
1289 2861 1407 2900 BCF
1409 2861 1445 2899 T
1449 2861 1488 2898 V
1500 2874 1509 2899 ε
1556 2860 1760 2899 solvimus
1799 2859 1890 2898 KN

141 2931 190 2956 21
221 2918 377 2957 dictum
397 2930 482 2955 om.
510 2914 686 2967 T(T²3)
811 2929 861 2954 22
892 2915 1024 2955 dulcis
1052 2916 1088 2955 T
1207 2929 1260 2966 23
1289 2916 1540 2966 alloquimus
1562 2914 1613 2953 Cl
1738 2927 1789 2964 24
1819 2921 1885 2954 est

141 2985 224 3012 om.
253 2969 290 3010 T
393 2982 499 3021 quae
521 2969 627 3009 decl.
648 2968 688 3006 Β
799 2976 895 3021 post
916 2971 1132 3010 meridiem
1155 2969 1234 3010 BC

201 3077 303 3115 1182
333 3087 364 3114 ιι
1003 3079 1028 3113 Ζ
