2228 3444
487 127 1121 175 ETYMOLOGIARVM
1166 127 1292 174 LIB.
1337 129 1435 175 ΙΙΙ.
1475 126 1638 175 vi-viii

186 256 615 320 quinqueangulus
641 259 717 305 vel
751 258 1013 305 circulatus
1047 255 1255 316 numeri,
1285 265 1334 305 et
1367 256 1529 316 ceteri,
1559 254 1643 318 qui
1669 273 1862 318 semper
1888 257 1937 304 in

185 340 335 402 plano
358 340 500 402 pede,
529 340 580 387 id
617 347 690 387 est
722 339 981 402 superficie
1017 337 1348 387 continentur.
1422 338 1668 401 Trigonus
1705 354 1938 386 numerus

185 431 258 470 est
284 421 353 475 ita,
375 421 484 486 (seq.
504 420 714 484 figura).
790 421 1072 482 Quadratus
1106 437 1338 469 numerus
1373 429 1445 469 est
1482 419 1548 468 ita
1585 419 1696 483 (seq.
1725 419 1934 484 figura).

188 504 632 566 Quinqueangulus
667 501 735 550 ita
772 502 880 567 (seq.
901 501 1111 566 figura).
1187 501 1447 552 Circularis
1486 517 1719 550 numerus
1754 511 1826 550 est
1856 503 1935 561 ita,
1962 515 1992 565 5

140 605 161 645 5
186 584 270 648 qui
295 586 415 634 dum
442 584 662 633 similiter
688 584 1039 648 multiplicatus
1074 584 1229 644 fuerit,
1258 601 1287 632 a
1316 601 1368 632 se
1394 583 1634 631 inchoans
1660 584 1724 631 ad
1750 599 1802 631 se
1827 600 1941 631 con-

185 666 398 727 vertitur,
438 676 490 714 ut
526 665 661 715 verbi
697 665 849 729 gratia
878 665 1143 728 quinquies
1182 665 1320 728 quini
1354 681 1476 725 XXV,
1506 664 1574 713 ita
1603 664 1715 729 (seq.
1729 663 1937 728 figura).

186 748 381 797 Solidus
407 764 640 796 numerus
666 757 752 807 est,
776 747 861 810 qui
880 747 1189 811 longitudine
1221 756 1269 796 et
1295 746 1554 795 latitudine
1579 748 1655 795 vel
1682 745 1941 795 altitudine

186 830 477 890 continetur,
507 839 560 878 ut
585 839 699 878 sunt
733 828 1023 893 pyramides,
1053 829 1137 892 qui
1171 831 1222 877 in
1256 830 1463 878 modum
1489 829 1718 876 flammae
1744 844 1940 876 consur-

185 922 320 975 gunt,
343 912 409 960 ita
435 910 543 976 (seq.
560 911 767 975 figura).
831 911 1018 970 Cubus,
1048 921 1100 959 ut
1127 920 1240 959 sunt
1265 920 1490 969 tesserae,
1520 909 1587 958 ita
1606 908 1937 973 (seq.figura>.
1964 909 1998 955 6

117 1013 164 1040 10
187 996 444 1057 Sphaerae,
491 994 671 1056 quibus
714 1002 787 1042 est
836 993 1054 1055 aequalis
1104 992 1326 1055 undique
1374 991 1664 1049 rotunditas,
1714 990 1780 1038 ita
1829 990 1937 1053 (seq.

171 1078 379 1140 figura).
431 1077 723 1138 Sphaericus
749 1085 915 1124 autem
943 1092 1176 1123 numerus
1203 1084 1290 1134 est,
1310 1074 1393 1137 qui
1420 1090 1447 1122 a
1474 1073 1709 1122 circulato
1735 1089 1942 1122 numero

186 1157 536 1221 multiplicatus
585 1175 614 1205 a
660 1174 712 1206 se
755 1158 956 1205 inchoat
1000 1166 1046 1205 et
1090 1156 1139 1204 in
1185 1173 1236 1205 se
1274 1155 1586 1204 convertitur.
1662 1152 1940 1215 Quinquies

185 1239 322 1302 quini
348 1254 471 1287 xxv.
548 1238 648 1287 Hic
674 1238 882 1287 circulus
909 1240 1028 1287 dum
1056 1237 1106 1285 in
1133 1254 1184 1286 se
1208 1237 1372 1301 ipsum
1401 1235 1753 1299 multiplicatus
1781 1234 1937 1293 fuerit,

184 1317 299 1366 facit
323 1319 595 1380 sphaeram,
624 1317 675 1365 id
702 1327 774 1365 est
801 1316 1064 1379 quinquies
1093 1332 1201 1363 xxv
1228 1331 1384 1364 cxxv.

115 1420 160 1461 15
320 1402 404 1447 DE
441 1413 797 1446 DIFFERENTIA
822 1401 1254 1457 ARITHMETICAE,
1282 1399 1644 1446 GEOMETRIAE
1682 1410 1745 1444 ET
1783 1397 1941 1443 Mvs1-
1964 1395 2068 1434 VIII

185 1497 295 1531 CAE.
374 1484 508 1530 Inter
534 1479 910 1529 Arithmeticam
939 1478 1150 1546 [autem]
1178 1489 1226 1529 et
1252 1477 1591 1528 Geometriam
1617 1487 1666 1526 et
1693 1476 1939 1525 Musicani

184 1566 280 1613 hoc
328 1562 542 1622 interest,
570 1572 624 1611 ut
672 1562 838 1612 media
885 1561 1121 1611 invenias.
1198 1564 1259 1609 In
1297 1559 1622 1609 Arithmetica
1669 1559 1829 1622 primo
1872 1558 1941 1607 sic

185 1644 390 1709 quaeris.
478 1645 753 1707 Coniungis
801 1653 1030 1703 extrema,
1082 1652 1130 1691 et
1179 1642 1371 1702 dividis,
1424 1652 1477 1691 et·
1520 1641 1639 1690 facis
1689 1640 1940 1690 medium:

185 1737 360 1791 utputa
392 1728 468 1775 fac
497 1736 713 1775 extrema
743 1742 849 1774 esse
882 1741 931 1772 vl
965 1734 1013 1773 et
1045 1740 1136 1782 XII,
1165 1724 1311 1775 simul
1342 1723 1501 1787 iungis
1532 1733 1580 1772 et
1611 1724 1797 1771 faciunt
1827 1737 1862 1769 X
1893 1731 1939 1770 et

111 1830 165 1857 20
187 1826 310 1871 v1114:
344 1808 534 1873 partiris
565 1808 729 1858 media
758 1818 807 1856 et
840 1807 958 1856 facis
996 1820 1065 1865 uc,
1089 1807 1226 1868 quod
1256 1815 1330 1854 est
1365 1804 1677 1869 analogicum
1714 1803 1942 1852 arithme-

185 1892 323 1951 ticae,
346 1901 398 1939 ut
425 1890 618 1940 medius
644 1898 766 1953 quot
793 1886 1091 1938 mon-adibus
1117 1899 1312 1952 superat
1338 1887 1566 1950 primum,
1589 1886 1664 1934 his
1686 1894 1941 1948 superetur

184 1974 247 2023 ab
282 1983 513 2023 extremo.
588 1975 830 2035 Superant
855 1970 988 2020 enim
1016 1985 1070 2018 lx
1097 1985 1148 2018 vl
1176 1970 1330 2018 tribus
1357 1969 1670 2027 monadibus,
1700 1967 1774 2015 his
1801 1983 1940 2029 supe-

185 2065 315 2105 ratur
339 2073 367 2104 a
392 2070 484 2102 X11.
547 2055 833 2104 Secundum
858 2051 1178 2115 geometriam
1205 2068 1319 2100 vero
1345 2051 1411 2099 ita
1437 2049 1643 2113 quaeris.
1707 2051 1939 2097 Extrema
1962 2064 1993 2098 2

188 2136 509 2200 multiplicata
546 2145 739 2184 tantum
777 2134 976 2193 faciunt,
1005 2142 1246 2196 quantum
1283 2142 1331 2182 et
1369 2132 1533 2181 media
1568 2130 1832 2194 duplicata,
1869 2140 1939 2179 ut-

115 2247 162 2288 25
187 2230 306 2284 puta
332 2235 382 2268 vl
417 2228 464 2268 et
494 2234 571 2266 XII
603 2217 926 2280 multiplicata
951 2215 1130 2264 facient
1155 2214 1430 2278 septuagies
1463 2212 1746 2277 dipondius,
1776 2212 1940 2261 media

188 2318 281 2350 vm
320 2311 367 2350 et
406 2317 460 2349 IX
498 2299 822 2363 multiplicata
863 2299 1155 2347 tantundem
1190 2296 1389 2345 faciunt.
1467 2296 1751 2344 Secundum
1797 2294 1940 2343 musi·
1963 2309 1993 2355 3

247 2446 263 2470 1
297 2431 654 2482 quinqueangolis
674 2429 743 2468 K:
773 2427 1177 2479 quinqueangularis
1205 2426 1242 2464 T
1348 2433 1387 2465 et
1408 2433 1551 2465 cetera
1570 2425 1616 2463 K
1754 2437 1778 2461 2
1808 2423 1937 2462 conti·

189 2493 313 2525 netur
333 2486 379 2524 K
486 2485 700 2535 trigonius
722 2496 922 2522 numerus
942 2482 999 2520 ita
1027 2482 1064 2519 T
1205 2497 1229 2531 4
1261 2480 1618 2531 quinqueangulis
1646 2478 1704 2518 T:
1733 2478 1938 2528 quinque-

189 2541 412 2591 angulatus
437 2540 515 2579 CK
675 2551 699 2588 5
730 2539 856 2577 simili
885 2537 922 2575 T
1027 2537 1255 2575 revertitur
1276 2536 1322 2574 K
1484 2539 1510 2574 6
1539 2534 1646 2585 xxv]
1669 2534 1800 2572 vicies
1819 2533 1939 2581 quin-

189 2597 309 2645 quies
324 2596 393 2634 K:
422 2596 512 2633 vies
528 2594 727 2644 quinquis
743 2594 784 2632 Β
802 2607 810 2631 :
840 2592 928 2631 vies
949 2591 1174 2641 quinquies
1191 2592 1248 2630 C:
1278 2591 1421 2629 sexies
1442 2591 1540 2642 (pro
1554 2589 1664 2640 vies)
1688 2588 1885 2638 quinquis
1907 2586 1945 2624 T

191 2657 233 2689 et
253 2657 318 2690 est
338 2651 396 2689 ita
415 2650 461 2687 K
479 2665 488 2689 :
519 2656 561 2688 et
581 2649 638 2687 ita
666 2649 703 2686 T
826 2661 847 2697 7
881 2653 922 2686 et
944 2647 1012 2685 lat.
1034 2647 1101 2684 vel
1122 2645 1192 2684 alt.
1221 2645 1491 2684 Cassiodorus
1509 2660 1517 2684 :
1548 2651 1590 2683 et
1611 2644 1680 2682 lat.
1702 2643 1770 2681 K:
1801 2647 1842 2680 et
1862 2641 1932 2680 alt.

191 2705 313 2743 BCT
325 2705 406 2744 Col.
524 2717 574 2742 10
603 2704 754 2754 quibus
774 2715 866 2752 aeq.
886 2701 932 2739 K
1012 2701 1153 2750 equali
1174 2700 1357 2750 undique
1378 2699 1571 2738 runditas
1594 2699 1630 2738 C
1742 2709 1789 2735 12
1821 2701 1863 2733 et
1883 2695 1936 2733 ad

191 2772 238 2797 se
259 2760 484 2798 revertitur
505 2759 550 2796 K
744 2771 792 2807 13
823 2769 911 2795 xxv
935 2755 1116 2807 (prz'us)]
1140 2755 1269 2794 vicies
1289 2755 1511 2805 quinquies
1532 2753 1600 2792 K:
1629 2753 1719 2791 vies
1739 2749 1936 2800 quinquis

191 2813 293 2853 BC:
322 2815 412 2853 bies
431 2813 630 2863 quinquis
656 2812 693 2850 T
814 2815 863 2850 16
892 2817 1033 2850 autem
1054 2809 1146 2849 hab.
1169 2809 1274 2848 BT:
1304 2823 1386 2850 om.
1415 2808 1493 2846 CK
1617 2820 1664 2856 17
1697 2805 1877 2844 mediam
1904 2803 1943 2842 T

191 2868 384 2908 invenies
404 2867 491 2906 BT
595 2867 773 2918 primum
793 2867 839 2904 K
945 2866 980 2904 si
1001 2878 1071 2915 qu.
1089 2864 1130 2902 Β
1241 2865 1290 2902 18
1320 2864 1451 2902 facies
1471 2863 1581 2902 med.
1605 2862 1650 2899 K
1759 2872 1808 2910 19
1837 2858 1936 2897 insi-

193 2923 274 2962 mul
295 2922 337 2962 K
451 2936 480 2961 x
499 2935 582 2961 vlu
604 2922 649 2960 K
828 2934 881 2960 20
910 2920 1091 2959 mediam
1111 2924 1154 2957 et
1174 2918 1334 2957 faciunt
1353 2918 1399 2956 K
1519 2914 1848 2965 analogiaticum
1872 2914 1939 2964 (ex

193 2978 337 3030 anag—)
360 2977 428 3016 K:
457 2978 697 3026 analogium
720 2975 810 3014 ΒΕ]
989 2988 1038 3013 21
1072 2973 1336 3024 monadibus]
1359 2972 1577 3012 monadies
1596 2969 1702 3008 BT:
1731 2968 1936 3007 nonadies

195 3031 273 3071 C1:
303 3033 510 3071 monadae
531 3032 576 3070 K
684 3031 845 3082 primus
866 3029 976 3069 codd.
1116 3042 1167 3076 24
1198 3034 1359 3067 tantum
1383 3057 1391 3067 .
1412 3057 1422 3067 .
1448 3058 1456 3067 .
1479 3025 1755 3074 multiplicata
1775 3037 1858 3062 om.
1884 3020 1935 3061 C¹

193 3087 329 3138 dupL]
349 3087 626 3137 multiplicata
641 3086 732 3125 dett.
803 3097 853 3134 25
882 3083 1098 3124 facientK
1114 3098 1123 3122 :
1152 3083 1276 3122 faciet
1288 3082 1385 3122 BC:
1415 3082 1572 3120 faciunt
1595 3079 1632 3117 T
1701 3077 1935 3128 depondies

193 3141 238 3180 K
399 3143 452 3180 26
480 3154 580 3180 vnn
599 3146 641 3180 et
661 3152 760 3179 vnn
787 3139 825 3178 T
