2176 3424
396 113 1026 162 ETYMOLOGIARVM
1066 112 1194 158 LIB.
1233 112 1403 158 XVII.
1440 111 1503 158 vii

79 246 251 309 legitur
286 247 349 295 de
377 261 560 308 quercu
595 243 838 303 Mambre,
865 243 958 291 sub
991 259 1088 305 qua
1120 241 1357 290 habitavit
1390 242 1657 302 Abraham,
1693 258 1820 305 quae

78 330 227 376 fertur
258 343 414 390 usque
449 327 514 375 ad
546 324 833 376 Constantis
866 326 990 387 regis
1027 323 1286 387 imperium
1323 340 1409 387 per
1442 325 1595 372 multa
1625 326 1821 373 saecula

79 411 381 473 perdurasse.
454 409 619 456 Huius
658 409 842 455 fructus
877 407 1003 470 galla
1037 406 1323 469 appellatur.
1396 407 1469 453 Ex
1506 405 1686 468 quibus
1723 422 1822 454 una

79 491 280 555 agrestis
314 491 573 554 ὀμφακίτης
601 488 747 548 dicta,
772 505 918 551 parva
943 489 1113 546 forma,
1141 489 1229 537 sed
1265 489 1408 536 firmo
1439 503 1644 551 corpore
1673 496 1823 550 atque

34 591 59 633 5
82 575 288 633 nodoso,
328 589 454 636 quae
502 569 915 621 medicaminibus
958 578 1007 619 et
1047 569 1281 618 incaustis
1328 568 1620 628 adhibetur;
1673 571 1825 618 altera

80 658 304 718 βάλανος,
330 656 454 704 lenis
478 670 536 703 ac
560 653 679 703 levis
705 661 753 702 et
777 651 987 700 nimium
1012 653 1268 715 perforata,
1295 652 1604 700 lucernarum
1631 660 1822 700 tantum

81 738 251 787 usibus
277 736 563 786 necessaria.
621 734 855 784 Fraxinus
881 733 1042 783 vocari
1068 735 1216 783 fertur
1236 735 1371 796 quod
1398 733 1551 797 magis
1578 735 1627 781 in
1653 750 1824 797 aspera
1848 749 1917 796 39

81 822 189 868 loca
204 828 538 881 montanaque
553 818 684 880 fraga
699 825 942 865 nascatur.
971 817 1108 864 Hinc
1124 832 1210 879 per
1224 814 1578 864 derivationem
1595 815 1823 875 fraxinus,

82 902 206 950 sicut
230 918 259 949 a
283 909 452 949 monte
478 908 755 948 montanus.
831 901 909 947 De
934 914 1034 960 quo
1060 897 1268 947 Ovidius
1297 896 1523 961 (Metam.
1551 915 1621 956 10,
1643 915 1671 960 9
1677 898 1755 963 3):

9 995 46 1023 (ο
617 983 680 1030 Et
716 979 929 1028 fraxinus
966 979 1097 1028 utilis
1133 979 1297 1028 hastis.

81 1068 244 1114 Taxus
271 1074 510 1114 venenata
535 1064 692 1124 arbor,
714 1063 848 1111 unde
873 1071 921 1110 et
946 1061 1107 1111 toxica
1132 1078 1323 1111 venena
1349 1060 1699 1125 exprimuntur.
1752 1064 1827 1110 Ex
1849 1075 1919 1122 40

82 1149 172 1195 hac
202 1164 341 1195 arcus
376 1147 541 1194 Parthi
568 1155 615 1194 et
650 1144 773 1193 aliae
802 1153 972 1208 gentes
1006 1143 1218 1193 faciunt:
1257 1145 1391 1192 unde
1422 1153 1470 1192 et
1500 1153 1647 1206 poeta
1674 1142 1828 1207 (Virg.

83 1230 256 1292 Georg.
281 1247 320 1289 2,
341 1227 459 1293 448)
482 1247 490 1275 z

470 1312 687 1371 Ityraeos
724 1307 821 1357 taxi
858 1316 1148 1371 torquentur
1183 1307 1233 1355 in
1269 1323 1423 1356 arcus.

15 1409 48 1450 '5
85 1394 302 1455 Ityraeos
321 1400 486 1441 autem
511 1391 630 1440 dicit
657 1392 923 1439 Parthicos.
998 1393 1126 1438 Acer
1151 1390 1398 1438 coloribus
1424 1389 1575 1453 inpar.
1651 1390 1826 1438 Robur
1848 1399 1904 1446 41

82 1484 247 1523 autem
273 1473 559 1537 generaliter
578 1472 756 1522 dicitur
781 1490 838 1521 ex
863 1471 1000 1521 omni
1026 1471 1230 1521 materia
1250 1471 1497 1535 quidquid
1517 1480 1589 1520 est
1615 1471 1834 1520 firmissi—

85 1574 233 1604 mum.
306 1558 462 1604 Alnus
488 1564 689 1604 vocatur
714 1556 849 1618 quod
874 1557 1030 1603 alatur
1054 1571 1201 1602 amne
1220 1572 1232 1614 3
1268 1553 1489 1616 proxime
1516 1554 1648 1602 enim
1673 1570 1831 1617 aquae
1854 1568 1920 1615 42

83 1638 308 1698 nascitur,
354 1654 446 1687 nec
487 1636 629 1686 facile
668 1646 801 1686 extra
842 1637 1002 1685 undas
1041 1635 1171 1684 vivit.
1258 1635 1395 1684 Hinc
1438 1633 1529 1701 [et]
1570 1645 1736 1685 tenera
1779 1646 1827 1685 et

85 1721 258 1780 mollis,
286 1719 401 1783 quia
431 1721 480 1766 in
505 1721 739 1767 humecto
772 1720 883 1767 loco
915 1717 1139 1766 nutritur.
1211 1719 1387 1765 Vlmus
1421 1734 1606 1766 nomen
1634 1720 1826 1781 accepit
1848 1730 1914 1777 43

7 1823 67 1851 ³20
86 1804 220 1866 quod
238 1801 488 1865 uliginosis
505 1800 625 1849 locis
643 1810 690 1849 et
706 1799 923 1848 humidis
941 1801 1115 1847 melius
1134 1800 1327 1862 proficit
1338 1818 1350 1860 3
1377 1801 1558 1848 namin
1579 1800 1828 1849 montanis

85 1894 132 1934 et
164 1883 346 1947 asperis
377 1883 539 1931 minus
575 1885 702 1932 laeta
738 1891 823 1931 est.
898 1884 1068 1942 Larex,
1100 1881 1180 1929 cui
1217 1883 1312 1930 hoc
1349 1898 1533 1930 nornen
1566 1899 1594 1930 a
1627 1884 1829 1931 castello
1851 1895 1920 1942 44

87 1965 312 2014 Laricino
343 1965 553 2014 inditum
588 1974 674 2025 est,
703 1982 760 2013 ex
793 1980 891 2026 qua
924 1963 1121 2012 tabulae
1151 1963 1325 2026 tegulis
1355 1965 1547 2012 adfixae
1577 1966 1828 2012 flammam

86 2050 341 2111 repellunt,
368 2063 530 2110 neque
555 2063 614 2095 ex
639 2063 690 2095 se
726 2045 994 2095 carbonem
1019 2045 1277 2094 ambustae
1303 2046 1535 2094 efficiunt.
1611 2049 1829 2110 Populus
1852 2062 1918 2110 45

86 2130 217 2178 dicta
255 2130 392 2193 quod
434 2145 491 2178 ex
530 2128 633 2177 eius
673 2129 806 2177 calce
849 2127 1115 2177 multitudo
1155 2137 1395 2176 nascatur.
1481 2127 1637 2178 Cuius
1675 2145 1830 2191 genus

9 2227 64 2269 25
87 2212 268 2274 duplex
310 2219 413 2259 est:
458 2226 572 2258 nam
611 2210 761 2258 altera
799 2218 872 2257 est
913 2210 1040 2268 alba,
1079 2210 1228 2257 altera
1269 2208 1419 2272 nigra.
1493 2210 1623 2258 Alba
1664 2220 1829 2260 autem

87 2294 298 2356 populus
324 2292 455 2341 dicta
480 2291 594 2354 quia
619 2292 734 2340 folia
759 2290 864 2340 eius
890 2307 988 2339 una
1013 2299 1148 2354 parte
1174 2299 1288 2339 sunt
1313 2291 1438 2351 alba,
1467 2292 1618 2340 altera
1642 2291 1828 2341 viridia.

90 2377 233 2423 Haec
274 2390 388 2437 ergo
430 2374 630 2433 bicolor,
675 2373 864 2422 habens
907 2372 1047 2435 quasi
1084 2373 1243 2421 noctis
1283 2382 1330 2422 et
1368 2372 1464 2422 diei
1505 2383 1661 2433 notas,
1702 2391 1830 2437 quae

87 2466 309 2520 tempora
334 2465 442 2505 ortu
467 2455 583 2504 solis
609 2471 887 2518 occasuque
907 2463 1148 2503 constant.
1201 2456 1417 2503 Generat
1442 2454 1591 2504 etiam
1616 2455 1828 2505 resinam

87 2539 214 2586 circa
239 2537 513 2587 Eridanum
533 2536 736 2586 fluvium
761 2538 851 2596 vel,
877 2546 931 2585 ut
956 2536 1037 2584 alii
1057 2546 1345 2597 memorant,
1369 2536 1419 2585 in
1445 2537 1628 2587 finibus
1649 2538 1828 2601 Syriae.

146 2682 163 2708 1
197 2670 273 2708 sub
295 2682 377 2719 quo
397 2667 487 2707 DT
656 2682 680 2707 2
710 2669 762 2706 ad
782 2681 864 2707 om.
895 2667 931 2705 T
1036 2668 1296 2706 constantini
1318 2668 1361 2706 D
1517 2681 1542 2718 5
1572 2668 1641 2708 alt.
1666 2668 1828 2708 balanis

88 2737 136 2764 ac
157 2723 263 2763 lebis
285 2730 326 2763 et
347 2723 444 2762 nim.
474 2722 527 2764 T:
561 2721 630 2762 alt.
651 2722 813 2762 balanis
832 2722 936 2762 levis
955 2734 1002 2761 ac
1024 2722 1133 2761 lenis
1153 2728 1195 2761 et
1213 2724 1311 2762 nim.
1334 2722 1377 2760 D
1458 2725 1483 2761 8
1513 2723 1611 2763 hinc
1633 2737 1680 2762 ex
1698 2724 1769 2762 hin
1797 2722 1835 2762 T

90 2779 304 2818 fraxianus
319 2779 428 2818 sicut
443 2777 488 2816 D
594 2789 642 2816 10
672 2783 713 2816 et
729 2791 810 2816 om.
830 2777 876 2815 K
989 2789 1037 2826 14
1068 2777 1296 2816 istireosK
1312 2792 1320 2816 :
1350 2778 1504 2817 stireos
1526 2777 1584 2816 T:
1615 2779 1768 2817 sterius
1784 2779 1829 2817 D

94 2845 142 2882 15
171 2833 338 2872 istireos
358 2832 427 2871 K:
457 2833 609 2873 stireos
635 2830 695 2871 T:
724 2833 880 2871 sterius
900 2831 944 2870 D
1190 2832 1272 2871 dici
1301 2832 1337 2870 T
1581 2833 1766 2884 partiens
1785 2833 1829 2872 D

94 2890 143 2927 16
172 2888 227 2927 di.
249 2901 343 2937 gen.
368 2886 412 2925 D
574 2887 801 2937 quodquod
820 2887 867 2925 K
1067 2898 1114 2935 17
1143 2893 1318 2926 vocatus
1337 2886 1427 2926 DT
1574 2887 1766 2937 proxima
1785 2888 1830 2926 D

95 2944 143 2981 18
171 2943 286 2982 nasci
306 2941 350 2980 D
514 2955 592 2981 nec
613 2954 660 2980 ex
678 2954 732 2980 ne
759 2942 797 2981 T
951 2941 1048 2980 hinc
1070 2947 1154 2982 ten.
1176 2940 1267 2980 DK
1444 2955 1492 2992 19
1523 2943 1765 2981 humectum
1786 2942 1828 2981 D

91 2997 229 3037 locum
249 2995 359 3036 DT:
387 2997 427 3035 lo
447 2995 491 3035 K
611 3009 663 3046 23
692 2996 868 3035 abustae
889 2995 932 3034 D
1054 3008 1105 3045 27
1135 2995 1241 3048 bic.]
1265 2996 1379 3037 color
1405 2996 1442 3034 T
1547 2997 1605 3035 28
1635 3003 1826 3048 tempore

91 3052 136 3091 D
217 3057 392 3101 generat
414 3051 479 3095 (ex
497 3052 576 3103 ·ra)
600 3057 741 3090 autem
763 3063 822 3090 re.
846 3051 889 3088 D
988 3063 1040 3100 29
1069 3051 1179 3090 circa
1198 3064 1249 3090 ex
1267 3052 1368 3091 circi
1397 3050 1434 3089 T
1514 3051 1764 3091 aedrianum
1784 3053 1828 3092 D
