2228 3444
397 188 1029 238 ETYMOLOGIARVM
1070 188 1199 235 LIB.
1242 190 1278 236 I.
1318 186 1587 234 xxix--xxxii

112 313 305 363 adiecta
330 308 616 369 differentia,
646 308 766 372 quid
792 317 998 372 uterque
1025 308 1085 358 sit
1111 309 1359 369 definitur,
1386 318 1440 358 ut
1468 313 1576 358 ‘rex
1601 311 1854 358 modestus

111 401 496 458 ettemperatus,
533 400 767 455 tyrannus
793 406 908 440 vero
942 390 1186 440 crudelis!
1257 393 1393 439 Inter
1425 392 1548 440 haec
1585 393 1716 440 enim
1753 393 1854 440 duo

110 476 384 526 differentia
426 491 540 523 cum
579 471 739 537 posita
768 471 924 531 fuerit,
964 471 1086 535 quid
1125 471 1186 522 sit
1223 481 1489 536 utrumque
1527 473 1851 536 cognoscitur.

109 557 189 608 Sic
213 567 262 607 et
287 565 460 606 cetera.

62 654 85 694 5
244 641 327 687 DE
348 650 695 686 BARBAR1SMO.
771 634 1111 684 Barbarismus
1133 645 1205 684 est
1225 636 1430 685 verbum
1450 645 1677 699 corrupta
1697 635 1854 685 littera
1878 644 2050 684 XXXII

108 723 184 770 vel
201 737 324 770 sono
344 721 668 770 enuntiatum.
742 716 939 777 Littera,
960 727 1013 766 ut
1042 722 1053 742 ‘
1069 718 1257 777 floriet,'
1278 720 1399 767 dum
1424 718 1644 766 ‘florebit
1660 720 1670 739 ⁷
1690 717 1853 767 dicere

109 811 331 867 oporteat
351 820 363 862 3
399 817 536 861 sono,
561 799 599 848 si
624 816 712 863 pro
732 799 897 848 media
913 801 1099 862 syllaba
1118 799 1276 862 prima
1295 801 1609 863 producatur,
1632 807 1685 847 ut
1714 801 1855 848 ‘late-

110 885 255 945 brae,'
298 883 585 932 ‘tenebrae’
668 883 960 944 Appellatus
999 891 1165 931 autem
1205 881 1541 930 barbarismus
1581 899 1609 930 a
1634 880 1852 930 barbaris

107 966 350 1030 gentibus,
364 967 483 1014 dum
500 965 681 1012 latinae
698 963 932 1012 orationis
950 963 1279 1027 integritatem
1295 964 1556 1013 nescirent.
1594 966 1853 1026 Vnaquae-

38 1068 84 1095 10
109 1066 204 1112 que
221 1047 352 1096 enim
378 1063 497 1110 gens
524 1048 651 1094 facta
677 1047 1021 1094 Romanorum
1048 1062 1160 1094 cum
1183 1046 1361 1109 opibus
1388 1045 1486 1094 suis
1512 1044 1628 1093 vitia
1653 1061 1853 1108 quoque

109 1140 156 1180 et
175 1131 434 1179 verborum
456 1137 503 1178 et
528 1145 721 1177 morum
741 1131 957 1177 Romam
978 1127 1260 1177 transmisit.
1334 1131 1468 1177 Inter
1494 1128 1852 1177 barbarismum
1878 1139 1908 1173 2

107 1221 273 1261 autem
298 1221 346 1260 et
370 1210 729 1260 barbarolexim
750 1212 846 1259 hoc
872 1210 1084 1271 interest,
1109 1212 1246 1274 quod
1270 1210 1601 1259 barbarismus
1629 1209 1677 1257 in
1705 1210 1854 1258 verbo

107 1294 259 1343 latino
290 1294 356 1354 fit,
385 1294 505 1342 dum
532 1292 889 1356 corrumpitur,
926 1294 1128 1355 quando
1153 1301 1319 1341 autem
1345 1291 1552 1341 barbara
1577 1292 1726 1340 verba
1755 1291 1856 1340 lati-

107 1376 182 1424 nis
209 1374 415 1439 eloquiis
451 1374 735 1435 inferuntur,
765 1374 1096 1423 barbarolexis
1133 1374 1324 1423 dicitur.
1400 1376 1527 1422 Item
1567 1374 1768 1436 quando
1807 1373 1856 1420 in

39 1473 81 1515 15
107 1474 252 1522 prosa
276 1457 447 1506 vitium
474 1458 527 1506 fit
553 1456 807 1517 sermonis,
831 1455 1162 1505 barbarismus
1188 1464 1420 1517 vocatur,
1456 1457 1658 1518 quando
1684 1455 1734 1502 in
1760 1471 1857 1503 me·

108 1549 195 1600 tro,
219 1541 569 1603 metaplasmus
591 1538 782 1587 dicitur.
858 1537 1198 1587 Barbarismus
1218 1547 1383 1587 autem
1406 1538 1459 1586 fit
1479 1537 1662 1600 scripto
1683 1546 1730 1585 et
1750 1554 1855 1600 pro·
1882 1545 1910 1592 3

108 1620 429 1670 nuntiatione.
494 1619 686 1684 Scripto
712 1628 943 1683 quattuor
968 1619 1159 1669 modis:
1199 1622 1237 1668 si
1264 1619 1372 1683 quis
1398 1618 1448 1667 in
1469 1620 1620 1668 verbo
1645 1618 1855 1668 litteram

108 1706 184 1753 vel
210 1703 446 1767 syllabam
467 1702 660 1763 adiciat,
681 1711 852 1761 mutet,
870 1711 1176 1762 transmutet,
1199 1704 1276 1751 vel
1302 1701 1504 1750 minuat.
1569 1700 1857 1750 Pronuntia-

109 1786 243 1834 tione
277 1794 442 1834 autem
470 1786 522 1833 fit
558 1784 609 1833 in
639 1785 959 1848 temporibus,
991 1784 1134 1845 tonis,
1162 1783 1542 1848 aspirationibus
1578 1792 1626 1832 et
1659 1782 1856 1844 reliquis

37 1886 89 1914 20
111 1883 238 1930 quae
271 1875 556 1929 sequuntur.
632 1868 725 1914 Per
756 1875 980 1929 tempora
1013 1864 1196 1929 quippe
1230 1866 1282 1914 fit
1316 1864 1665 1924 barbarismus,
1700 1863 1739 1911 si
1768 1879 1856 1926 pro
1880 1873 1912 1921 4

107 1950 253 2012 longa
283 1948 468 2012 syllaba
496 1947 656 1997 brevis
687 1956 910 2011 ponatur,
944 1957 1027 1996 aut
1057 1964 1145 2011 pro
1176 1947 1310 1996 brevi
1339 1949 1498 2010 longa.
1574 1949 1666 1994 Per
1695 1954 1854 2005 tonos,

110 2029 148 2078 si
181 2039 413 2079 accentus
446 2029 497 2077 in
531 2029 625 2078 alia
656 2029 840 2093 syllaba
871 2039 1216 2078 commutetur.
1292 2031 1384 2077 Per
1417 2029 1780 2090 aspirationem,
1818 2026 1856 2074 si

109 2111 347 2161 adiciatur
388 2114 439 2159 H
480 2113 639 2159 littera
681 2111 767 2159 ubi
810 2128 912 2159 non
962 2111 1125 2170 debet,
1171 2119 1255 2159 aut
1304 2111 1586 2158 detrahatur
1625 2108 1710 2156 ubi
1751 2125 1857 2157 esse

110 2202 317 2256 oportet.
376 2195 468 2240 Per
493 2191 699 2252 hiatum,
729 2191 958 2255 quotiens
986 2193 1035 2239 in
1062 2191 1466 2254 pronuntiatione
1494 2189 1733 2238 scinditur
1758 2206 1858 2238 ver·
1882 2202 1912 2252 5

37 2293 56 2320 2
65 2292 86 2332 5
111 2292 190 2323 sus
216 2284 483 2337 antequam
511 2275 810 2337 conpleatur,
841 2275 942 2322 sive
966 2274 1196 2335 quotiens
1221 2273 1404 2322 vocalis
1440 2274 1662 2321 vocalem
1701 2273 1858 2334 sequi-

110 2367 200 2417 tur,
229 2366 282 2404 ut
311 2358 518 2406 ‘Musae
543 2357 797 2404 Aonides.⁷
870 2355 947 2404 Fit
979 2355 1310 2404 barbarismus
1337 2364 1385 2404 et
1410 2372 1495 2419 per
1521 2353 1852 2413 motacismos,

111 2435 435 2504 [iotacismos]
458 2446 506 2486 et
525 2437 869 2486 labdacismos.
945 2436 1272 2486 Motacismus
1293 2447 1378 2496 est,
1403 2435 1632 2499 quotiens
1654 2437 1710 2482 M
1731 2434 1855 2483 litte·
1880 2430 1914 2478 6

111 2537 212 2568 ram
229 2519 411 2569 vocalis
445 2521 677 2583 sequitur,
697 2527 750 2568 ut
771 2520 987 2568 ‘bonum
1008 2521 1212 2579 aurum,’
1236 2518 1446 2567 ‘iustum
1467 2519 1681 2566 amicum
1699 2518 1711 2540 '
1729 2535 1741 2577 3
1771 2517 1858 2564 sed

166 2664 191 2690 2
221 2650 404 2690 crudelis
423 2650 731 2701 interpretetur
750 2650 790 2688 Β
1020 2649 1132 2687 enim
1149 2662 1230 2689 om.
1257 2648 1360 2690 K1C
1592 2660 1616 2696 3
1646 2647 1802 2685 fuerint
1831 2646 1867 2684 T

113 2707 165 2745 sit
195 2706 307 2745 inter
334 2710 558 2754 utrumque
597 2705 634 2742 T
874 2719 895 2753 4
929 2705 987 2743 sic
1016 2710 1059 2743 et
1090 2709 1232 2743 cetera
1261 2717 1343 2743 om.
1377 2703 1411 2742 C
1653 2703 1680 2738 6
1711 2702 1791 2740 dici
1821 2700 1862 2738 B

113 2762 138 2798 8
169 2759 465 2810 appellaturK
631 2772 681 2798 10
713 2758 1026 2810 Romanorum]
1050 2759 1234 2798 romanis
1255 2759 1421 2797 subdita
1446 2759 1482 2796 T
1605 2754 1863 2806 operibusK

118 2828 160 2853 11
197 2814 398 2866 Romam]
418 2815 579 2854 romani
602 2814 638 2852 T
772 2827 820 2852 12
850 2819 991 2853 autem
1009 2826 1092 2854 om.
1111 2813 1157 2850 K
1295 2826 1341 2862 13
1373 2813 1438 2863 fit]
1455 2813 1509 2850 sit
1530 2811 1590 2848 Kl
1698 2808 1858 2859 autem]

113 2882 215 2908 vero
258 2869 295 2907 T
511 2883 558 2918 14
587 2870 833 2908 inseruntur
864 2867 942 2907 CT
1113 2867 1401 2906 barbarolexis
1435 2872 1499 2905 est
1533 2865 1630 2916 (seq.
1667 2864 1769 2915 ras.)
1800 2862 1861 2900 K1

119 2926 167 2963 16
195 2929 335 2963 autem
356 2937 439 2964 om.
461 2924 507 2962 K
636 2924 684 2962 18
715 2924 874 2962 minuet
903 2922 941 2961 T
1066 2935 1114 2971 19
1144 2927 1283 2961 autem
1306 2922 1352 2960 fit
1373 2935 1456 2961 om.
1479 2920 1539 2958 Κ1
1641 2917 1859 2967 aspiratio·

116 2978 258 3030 nibus]
280 2978 674 3018 adnuntiationibus
704 2978 740 3016 T
856 2990 910 3017 20
938 2976 1116 3028 quippe]
1140 2976 1307 3026 quidem
1329 2975 1374 3014 K
1554 2988 1606 3023 23
1635 2970 1859 3022 adiciatur]

115 3033 294 3071 addatur
327 3033 373 3071 K
547 3046 598 3082 24
629 3034 672 3072 in
700 3046 782 3072 om.
803 3031 865 3070 K1
1030 3044 1080 3080 27
1112 3031 1353 3070 iotacismos
1382 3032 1443 3083 <et
1471 3031 1541 3069 iot.
1572 3028 1647 3078 132)
1674 3027 1764 3067 hab.
1794 3024 1835 3063 Β
1852 3039 1861 3064 :

114 3100 197 3125 om.
223 3086 348 3126 CKT
