2228 3444
1113 217 1387 266 ISIDORI

279 368 344 415 23
366 347 551 407 tabant,
574 347 624 396 in
642 348 864 397 secundo
882 363 1052 396 mense
1071 348 1255 411 pascha
1275 347 1534 397 celebrare.
1589 346 1927 398 Embolismus
1946 356 2111 398 autem

367 446 553 478 nomen
588 430 834 479 Graecum
869 439 956 490 est,
984 431 1120 493 quod
1153 428 1498 494 interpretatur
1532 428 1707 480 Latine
1733 446 2114 495 superaugmen-

368 521 473 560 tum
493 530 506 573 ,·
539 529 599 561 eo
626 514 762 576 quod
788 514 980 577 expleat
999 529 1261 561 numerum
1282 528 1524 561 annorum
1547 511 1904 571 communium,
1933 511 2116 577 quibus

278 602 346 650 24
369 593 604 643 undecim
647 596 841 644 lunares
885 593 990 643 dies
1033 596 1206 643 deesse
1254 603 1535 643 cernuntur.
1607 593 1905 643 Embolismi
1947 603 2115 643 autem

367 674 485 725 anni
511 685 558 724 et
583 692 876 725 communes
903 675 973 725 sic
998 675 1328 725 inveniuntur.
1404 676 1453 725 Si
1487 675 1619 725 enim
1653 693 1683 725 a
1718 686 1890 741 quarta
1922 675 2117 727 decima
2144 693 2166 733 5

365 759 483 807 luna
503 759 715 821 paschae
733 757 1075 821 praecedentis
1096 775 1253 823 usque
1271 760 1336 808 ad
1356 767 1580 822 quartam
1601 758 1847 809 decimam
1865 758 2116 824 sequentis

365 854 666 890 cchxxxw
691 839 797 890 dies
817 842 1010 902 fuerint,
1034 840 1359 891 embolismus
1385 857 1546 891 annus
1566 850 1639 891 est
1657 860 1670 904 3
1699 843 1738 891 si
1764 854 1961 901 CCCLIV,
1984 857 2117 890 com-

277 935 341 983 25
366 921 529 971 munis
575 920 710 989 [est]
803 922 1054 972 Bissextus
1100 932 1173 973 est
1215 940 1302 988 per
1348 940 1506 973 annos
1554 932 1786 988 quattuor
1834 939 1962 972 unus
2011 923 2116 972 dies

362 1003 603 1054 adiectus.
678 1004 866 1054 Crescit
897 1005 1030 1055 enim
1068 1023 1154 1070 per
1187 1004 1405 1070 singulos
1435 1022 1592 1056 annos
1624 1016 1799 1070 quarta
1833 1023 1943 1069 pars
1977 1004 2114 1056 assis.

366 1088 432 1135 At
457 1085 544 1135 ubi
578 1096 752 1150 quarto
788 1105 922 1136 anno
953 1104 1114 1137 assem
1149 1088 1467 1152 conpleverit,
1495 1087 1766 1138 bissextum
1802 1105 1957 1136 unum
1983 1088 2112 1136 facit.
2144 1110 2193 1139 10

271 1170 341 1217 26
366 1167 543 1218 Dictus
582 1178 750 1218 autem
793 1169 1036 1219 bissextus
1076 1170 1193 1233 quia
1234 1170 1309 1219 bis
1352 1170 1508 1219 sexies
1556 1172 1735 1219 ductus
1783 1187 1942 1219 assem
1983 1169 2114 1229 facit,

364 1252 501 1314 quod
528 1261 600 1300 est
631 1268 759 1301 unus
794 1252 931 1314 dies;
975 1252 1099 1301 sicut
1130 1262 1176 1301 et
1208 1254 1534 1316 quadrantem
1565 1262 1764 1317 propter
1797 1261 1969 1316 quater
1999 1253 2117 1302 duc-

363 1343 467 1381 tum
486 1351 499 1394 3
538 1336 674 1396 quod
708 1342 780 1382 est
807 1334 1050 1383 bissextus
1085 1351 1234 1399 quem
1269 1352 1414 1399 super
1444 1335 1636 1384 dierum
1672 1351 1869 1384 cursum
1899 1333 1951 1382 in
1983 1350 2115 1383 anno

363 1416 435 1463 sol
452 1414 581 1464 facit.
641 1414 765 1482 [sive
787 1418 922 1479 quod
940 1426 1154 1480 nequeat
1171 1434 1304 1466 anno
1324 1419 1413 1466 suo
1434 1416 1695 1477 introduci,
1714 1415 1807 1464 nisi
1829 1415 1903 1465 bis
1925 1425 2114 1465 sextum

364 1515 520 1546 nonas
549 1498 753 1546 Martias
780 1500 1140 1562 conputaveris,
1170 1501 1266 1549 hoc
1304 1509 1376 1548 est
1408 1509 1455 1548 et
1489 1499 1647 1563 primo
1682 1499 1763 1548 die
1797 1507 1933 1547 sexto
1959 1514 2117 1546 nonas
2144 1520 2191 1560 15

366 1580 571 1629 Martias
598 1591 658 1640 et,
687 1580 860 1630 addito
887 1580 961 1630 bis
988 1591 1138 1640 sexto,
1168 1581 1265 1630 alio
1292 1581 1372 1630 die
1399 1591 1536 1631 sexto
1562 1598 1720 1631 nonas
1749 1579 1954 1629 Martias
1981 1579 2118 1629 itera-

276 1675 339 1723 27
363 1661 528 1729 veris]
602 1666 648 1711 A
675 1678 725 1710 vr
752 1672 919 1712 autem
947 1665 1079 1713 Non.
1104 1665 1250 1712 Mart.
1275 1680 1431 1727 usque
1458 1663 1507 1711 in
1534 1663 1667 1713 diem
1694 1662 1817 1727 prid.
1848 1664 1959 1711 Kal.
1992 1663 2113 1720 Ian„

272 1751 340 1800 28
364 1745 414 1794 in
440 1747 585 1794 lunae
607 1763 751 1794 cursu
772 1747 1016 1795 bissextus
1035 1745 1303 1809 adponitur
1321 1755 1470 1809 atque
1489 1745 1607 1795 inde
1628 1743 1912 1794 detrahitur.
1966 1747 2117 1794 Inter-

363 1829 547 1876 calares
594 1837 761 1877 autem
810 1827 916 1877 dies
959 1827 1144 1876 idcirco
1187 1838 1438 1889 vocantur,
1485 1827 1601 1891 quia
1643 1826 2023 1891 interponuntur
2063 1836 2116 1874 ut

364 1909 487 1959 ratio
523 1911 669 1959 lunae
707 1909 924 1973 solisque
962 1910 1239 1958 conveniat.
1314 1909 1489 1959 Calare
1527 1909 1659 1958 enim
1698 1925 1884 1972 ponere
1921 1907 2112 1967 dicitur,
2141 1927 2192 1957 20

273 2006 340 2052 29
364 1991 651 2042 intercalare
687 1991 1015 2056 interponere.
1089 1991 1303 2055 Epactas
1341 1989 1519 2040 Graeci
1552 1999 1744 2050 vocant,
1784 1989 1948 2039 Latini
1985 1989 2115 2039 adie—

364 2073 554 2123 ctiones
579 2089 768 2123 annuas
803 2075 1013 2133 lunares,
1044 2090 1171 2137 quae
1197 2090 1283 2138 per
1308 2074 1637 2123 undenarium
1669 2089 1931 2122 numerum
1958 2088 2114 2136 usque

363 2157 428 2204 ad
453 2156 768 2204 tricenarium
794 2154 845 2203 in
871 2172 922 2204 se
942 2157 1272 2205 revolvuntur.
1331 2155 1469 2215 Quas
1490 2154 1604 2205 ideo
1624 2153 1853 2219 Aegyptii
1876 2153 2112 2213 adiciunt,

273 2258 342 2305 30
365 2248 418 2287 ut
457 2237 640 2286 lunaris
680 2237 902 2287 emensio
940 2236 1117 2286 rationi
1154 2237 1270 2286 solis
1307 2246 1560 2302 aequetur.
1635 2239 1777 2285 Luna
1813 2235 1945 2285 enim
1982 2234 2114 2284 iuxta

364 2336 560 2369 cursum
602 2337 746 2369 suum
784 2318 954 2383 viginti
990 2336 1171 2368 novem
1211 2320 1358 2368 semis
1395 2318 1501 2370 dies
1539 2320 1702 2367 lucere
1739 2317 2025 2377 dinoscitur,
2067 2326 2114 2366 et
2139 2334 2187 2376 25

363 2403 487 2451 fiunt
521 2402 571 2450 in
597 2419 731 2451 anno
758 2404 953 2452 lunares
988 2401 1094 2452 dies
1122 2416 1306 2451 cccmv
1324 2420 1337 2463 ,-
1373 2409 1631 2451 remanent
1666 2402 1731 2450 ad
1765 2417 1962 2450 cursum
1995 2402 2111 2450 anni

415 2547 439 2572 2
471 2540 774 2585 superamento
808 2532 845 2572 T
847 2533 857 2556 ¹
973 2547 997 2583 4
1029 2533 1317 2573 Embolismus
1343 2546 1410 2573 au.
1435 2538 1478 2573 et
1498 2545 1650 2573 comm.
1674 2530 1721 2570 K
1827 2544 1851 2583 5
1881 2530 2114 2574 communis

360 2589 401 2627 Β
486 2590 576 2629 dec.
595 2602 663 2638 qu.
682 2587 728 2626 K
820 2601 841 2637 7
875 2587 967 2628 dies
983 2588 1156 2628 fuerunt
1183 2587 1242 2627 T:
1273 2588 1428 2627 fuerint
1443 2587 1536 2627 dies
1552 2585 1599 2626 K
1610 2590 1711 2635 (non
1731 2587 1795 2634 A)
1881 2589 1907 2627 8
1936 2593 2002 2627 est
2020 2587 2112 2627 hab.

362 2642 442 2681 CK
457 2657 467 2682 :
498 2657 579 2683 om.
594 2642 682 2681 ΒΤ
759 2643 855 2695 per]
874 2649 969 2692 post
993 2643 1028 2682 C
1134 2657 1161 2693 9
1189 2642 1382 2683 adiectus
1403 2648 1469 2682 est
1487 2641 1537 2682 C1
1558 2656 1566 2680 :
1598 2643 1736 2682 dictus
1758 2640 1805 2679 K
1915 2655 1964 2682 10
1983 2655 2114 2681 unum

362 2696 439 2737 CT
452 2712 461 2740 :
481 2710 637 2737 annum
652 2697 740 2735 ΒΚ
851 2710 896 2736 11
921 2711 999 2737 sex
1015 2699 1107 2738 dies
1120 2697 1166 2735 K
1180 2713 1188 2738 :
1208 2703 1358 2737 sextus
1373 2697 1409 2736 C
1532 2710 1579 2736 12
1599 2696 1733 2749 quod]
1746 2709 1829 2747 quo
1857 2694 1896 2734 T
1971 2710 2030 2736 an
2049 2709 2114 2747 pr.

358 2760 427 2792 ter
441 2766 509 2803 qu⁴
528 2754 540 2797 Ξ
653 2753 811 2792 dictum
830 2751 924 2791 CK1
1050 2765 1099 2802 13
1130 2754 1173 2792 in
1194 2766 1352 2792 annum
1368 2750 1558 2791 BCTU:
1579 2752 1622 2791 in
1642 2764 1776 2791 annos
1791 2749 1837 2789 K
1947 2764 1996 2801 14
2024 2752 2112 2791 sive

360 2809 475 2858 quod
495 2838 502 2847 .
522 2837 530 2847 .
548 2836 557 2846 .
578 2807 799 2846 iteraveris
820 2806 911 2848 hab.
937 2806 1074 2847 CTU:
1109 2822 1192 2847 om.
1207 2807 1293 2846 BD
1317 2806 1424 2846 Trin.
1442 2805 1535 2846 ΚΜ
1617 2807 1731 2857 quod
1751 2819 1835 2846 om.
1861 2805 1899 2845 T
1985 2806 2113 2845 intra-

360 2863 456 2902 duci
482 2861 520 2904 T
531 2863 635 2913 (non
655 2862 709 2913 U)
796 2862 987 2914 sextum]
1002 2869 1125 2902 sexto
1146 2862 1259 2903 codd.
1376 2874 1424 2912 15
1447 2861 1699 2912 conputabis
1721 2859 1839 2912 T(U
1849 2862 1882 2910 Ζ)
1999 2863 2049 2900 16
2069 2866 2112 2900 et

359 2918 456 2959 add.
480 2946 489 2957 .
515 2947 525 2958 .
550 2947 559 2957 .
584 2916 758 2958 Martias
781 2920 822 2966 (ς
841 2918 916 2968 227)
936 2930 1017 2957 om.
1043 2917 1084 2956 U
1189 2917 1408 2957 iteraveris
1428 2930 1509 2956 om.
1539 2916 1578 2955 T
1688 2928 1734 2966 17
1765 2927 1899 2956 nonas
1915 2921 2059 2954 autem
2081 2914 2120 2953 T

365 2974 414 3012 18
442 2972 624 3012 trahitur
645 2971 694 3011 Cl
826 2985 878 3011 22
909 2985 1018 3022 quae
1039 2986 1120 3012 om.
1142 2971 1188 3010 Κ
1315 2971 1622 3011 duodenarium
1644 2968 1690 3009 K
1815 2983 1867 3020 23
1895 2969 2017 3009 adici.
2043 2969 2110 3020 ut]

360 3026 506 3066 dicunt
526 3027 638 3077 quod
659 3025 705 3067 K
910 3040 962 3076 24
993 3026 1078 3066 lun.
1103 3032 1145 3066 et
1165 3039 1304 3067 emen.
1327 3026 1378 3065 C¹
1543 3025 1749 3065 rationem
1771 3037 1830 3064 so.
1856 3024 2049 3074 sequitur
2069 3023 2114 3063 K

360 3081 472 3120 enim
493 3094 576 3120 om.
603 3080 637 3119 C
842 3094 892 3131 25
924 3093 1009 3121 cur.
1033 3081 1117 3133 su.]
1140 3093 1337 3120 cursuum
1367 3079 1404 3122 T
1607 3079 1691 3128 vig,
1712 3092 1778 3120 no.
1802 3078 1909 3120 enim
1932 3091 2035 3119 sem.
2061 3077 2111 3117 C1

361 3138 413 3174 26
443 3135 486 3174 in
507 3148 666 3174 annum
688 3134 832 3175 BC1T
