2176 3424
322 150 956 199 ETYMOLOGIARVM
996 150 1124 197 LIB.
1165 150 1304 195 XVI.
1344 147 1571 196 xvi-xviii

71 279 301 343 antiquos
326 277 573 342 peculium
591 277 848 326 dicebatur
866 294 895 325 a
914 277 1203 340 pecudibus,
1226 277 1276 324 in
1302 276 1482 340 quibus
1508 293 1679 326 eorum
1706 295 1816 327 con-

71 361 231 410 stabat
267 362 494 409 universa
530 359 810 408 substantia
827 378 841 420 3
883 361 1017 408 unde
1053 368 1102 408 et
1137 358 1395 422 pecuarius
1431 359 1700 408 vocabatur
1735 360 1819 423 qui

70 452 172 492 erat
195 442 346 502 dives,
374 443 527 491 modo
552 457 668 490 vero
696 439 1007 504 pecuniosus.
1077 440 1423 503 Antiquissimi
1448 442 1673 490 nondum
1700 459 1820 491 auro
1842 459 1874 506 5

69 531 372 588 argentoque
396 523 611 582 invent0‚
639 538 750 572 aere
774 522 1055 572 utebantur.
1129 524 1260 570 Nam
1285 521 1418 586 prius
1443 539 1586 572 aerea
1610 523 1821 587 pecunia

25 621 46 661 5
71 606 121 654 in
151 623 243 654 usu
276 607 379 665 fuit,
408 614 520 668 post
547 612 792 668 argentea,
821 605 1005 653 deinde
1036 621 1183 653 aurea
1220 603 1483 653 subsecuta
1520 614 1605 666 est,
1633 607 1723 654 sed
1758 606 1821 654 ab

72 703 141 747 ea,
171 704 269 750 qua
293 689 469 751 coepit,
499 696 547 735 et
583 703 768 734 nomen
797 685 1010 734 retinuit.
1079 687 1230 735 Vnde
1264 694 1312 733 et
1345 686 1584 734 aerarium
1616 686 1820 747 dictum,

72 770 188 831 quia
212 768 345 832 prius
370 785 452 817 aes
477 777 669 816 tantum
690 767 741 815 in
767 784 859 816 usu
885 769 988 828 fuit,
1012 777 1059 816 et
1084 767 1231 831 ipsud
1257 769 1416 815 solum
1442 768 1819 828 recondebatur,

72 867 192 899 auro
216 860 517 914 argentoque
542 851 766 898 nondum
793 851 984 912 signato
1002 868 1015 910 3
1052 867 1110 898 ex
1129 866 1341 912 quorum
1364 849 1571 898 metallis
1598 850 1823 913 quamvis

74 941 246 994 postea
270 931 438 980 fuisset
463 933 590 980 facta
614 931 838 995 pecunia,
867 948 1051 980 nomen
1077 941 1246 980 tamen
1269 931 1439 980 aerarii
1463 931 1735 994 permansit
1759 933 1823 981 ab

10 1034 50 1062 <0
76 1029 136 1061 eo
157 1015 356 1062 metallo
382 1014 517 1061 unde
542 1012 736 1061 initium
771 1013 994 1077 sumpsit.
1066 1014 1377 1061 Thesaurum
1415 1013 1547 1062 iuxta
1581 1014 1823 1063 Graecam
1848 1015 1882 1061 6

77 1094 422 1158 proprietatem
466 1096 556 1144 ἀπὸ
594 1099 675 1158 τῆς
717 1095 900 1154 θέσεως,
936 1112 964 1143 a
999 1094 1261 1158 positione,
1299 1096 1396 1144 hoc
1430 1104 1503 1144 est
1531 1112 1560 1143 a
1593 1096 1822 1160 reposito,

74 1178 373 1225 nominatur.
444 1178 579 1225 Num
607 1177 734 1229 θέσις
756 1177 936 1240 positio
961 1176 1154 1237 dicitur,
1177 1186 1224 1225 et
1250 1185 1323 1225 est
1348 1194 1533 1226 nomen
1559 1195 1616 1226 ex
1633 1180 1827 1228 Graeco

78 1258 355 1322 Latinoque
392 1276 619 1308 sermone
661 1258 992 1322 conpositum.
1065 1261 1196 1308 Nam
1235 1260 1308 1311 θες
1344 1259 1522 1309 Graeci
1558 1260 1826 1323 repositum

78 1342 263 1402 dicunt,
300 1341 462 1390 Latini
491 1358 679 1402 aurum,
713 1343 850 1405 quod
887 1341 1111 1390 iunctum
1149 1351 1292 1390 sonat
1328 1341 1596 1406 repositum
1636 1359 1827 1391 aurum.

0 1439 53 1478 ¹55
79 1423 283 1471 Auraria
311 1440 496 1473 nomen
534 1423 683 1472 habet
712 1424 777 1472 ab
811 1439 947 1471 auro.
1018 1423 1226 1472 Tributa
1262 1441 1391 1483 vero,
1420 1441 1480 1473 eo
1514 1427 1650 1487 quod
1683 1434 1827 1474 antea
1849 1441 1878 1490 7

79 1521 163 1567 per
198 1504 353 1553 tribus
390 1506 604 1568 singulas
641 1505 972 1568 exigebantur,
1001 1503 1144 1553 sicuti
1181 1522 1314 1553 nunc
1351 1522 1437 1568 per
1472 1505 1663 1569 singula
1699 1507 1829 1556 terri-

76 1585 210 1634 toria.
284 1586 363 1634 Sic
410 1594 575 1635 autem
623 1586 673 1634 in
722 1595 817 1634 tres
866 1594 1027 1649 partes
1075 1585 1287 1634 divisum
1336 1587 1486 1637 fuisse
1534 1590 1824 1638 Romanum

79 1669 318 1731 populum
358 1677 565 1727 constat,
604 1677 657 1716 ut
694 1669 842 1717 etiam
881 1667 965 1730 qui
1002 1677 1260 1731 praeerant
1293 1668 1343 1716 in
1377 1669 1579 1733 singulis
1608 1671 1829 1734 partibus

80 1749 263 1798 tribuni
288 1748 599 1798 dicerentur:
637 1751 770 1799 unde
807 1749 954 1799 etiam
993 1758 1230 1812 sumptus,
1261 1767 1386 1813 quos
1421 1751 1608 1800 dabant
1641 1753 1826 1816 populi,

0 1848 58 1876 uo
81 1830 262 1879 tributa
290 1830 621 1881 nominarunt.
691 1832 964 1894 Vectigalia
994 1840 1107 1880 sunt
1137 1831 1333 1891 tributa,
1362 1850 1390 1881 a
1415 1835 1646 1883 vehendo
1679 1834 1827 1884 dicta.
1852 1841 1882 1887 8

82 1911 393 1975 Stipendium
441 1913 504 1961 ab
552 1912 677 1976 stipe
729 1914 996 1976 pendenda
1044 1915 1355 1962 nominatum
1378 1933 1391 1975 ;
1449 1915 1639 1979 antiqui
1696 1916 1827 1964 enim

80 1994 364 2056 adpendere
419 1995 681 2056 pecuniam
730 1994 858 2042 soliti
907 2003 1043 2043 erant
1092 1997 1244 2058 magis
1289 2012 1440 2058 quam
1487 1998 1827 2048 adnumerare.

84 2077 293 2123 Moneta
315 2077 555 2138 appellata
585 2085 658 2124 est
679 2075 794 2138 quia
818 2084 989 2124 monet
1014 2092 1077 2125 ne
1095 2093 1193 2139 qua
1218 2078 1346 2125 fraus
1373 2077 1423 2125 in
1451 2081 1650 2127 metallo
1675 2082 1751 2129 vel
1778 2080 1828 2128 in

83 2157 303 2219 pondere
336 2157 436 2205 fiat.
509 2158 769 2205 Nomisma
799 2166 872 2205 est
906 2156 1090 2206 solidus
1119 2174 1295 2207 aureus
1325 2160 1402 2208 vel
1434 2169 1693 2224 argenteus
1726 2161 1826 2211 sive
1851 2176 1886 2223 9

0 2255 58 2296 225
83 2254 267 2298 aereus,
306 2239 390 2301 qui
426 2237 540 2287 ideo
576 2238 821 2287 nomisma
862 2237 1040 2287 dicitur
1075 2238 1191 2302 quia
1226 2239 1513 2290 nominibus
1549 2242 1827 2307 principum

84 2319 353 2383 effigiisque
378 2319 606 2383 signatur.
660 2319 797 2368 Prius
822 2337 1056 2368 nummus
1082 2323 1277 2387 ἄργυρος
1300 2323 1692 2386 nuncupabatur,
1717 2326 1832 2388 quia

85 2417 234 2464 quam
273 2401 536 2464 plurimum
575 2418 632 2450 ex
668 2411 870 2464 argento
908 2401 1284 2464 percutiebatur.
1359 2404 1566 2452 Nummi
1601 2415 1767 2453 autern
1804 2417 1911 2453 a10

87 2485 255 2532 Numa
296 2485 637 2531 Romanorum
681 2499 793 2546 rege
833 2483 993 2531 vocati
1036 2493 1162 2543 sunt,
1203 2486 1286 2547 qui
1327 2502 1411 2534 eos
1448 2486 1661 2549 primum
1699 2487 1832 2549 apud

148 2625 164 2649 1
197 2611 434 2650 dicibantur
453 2610 498 2648 K
550 2612 775 2662 pecoribus
797 2610 842 2649 K
948 2624 973 2661 3
1002 2626 1105 2651 vero
1125 2626 1209 2653 om.
1238 2613 1266 2651 1
1389 2629 1414 2665 4
1443 2615 1588 2666 aerea]
1611 2617 1775 2657 aeraria
1796 2618 1836 2656 Β

90 2677 115 2715 5
145 2667 220 2705 sed
241 2665 317 2717 ab]
336 2666 414 2705 sub
441 2665 479 2703 T
529 2668 555 2703 6
582 2679 688 2716 quae
706 2667 820 2717 cepit
838 2665 926 2704 ΒΚ
997 2680 1041 2705 11
1075 2666 1148 2705 ἀπὸ
1169 2683 1207 2707 τ.
1229 2669 1286 2721 9.]
1307 2669 1386 2708 atis
1406 2676 1550 2710 tereos
1570 2670 1617 2709 K
1668 2672 1749 2710 hoc
1767 2702 1776 2712 .
1795 2703 1803 2712 .
1823 2703 1832 2711 .

91 2733 181 2771 rep.
204 2733 287 2760 om.
316 2719 354 2758 T
459 2733 508 2770 13
537 2721 632 2760 thes
659 2720 717 2760 T:
745 2728 811 2760 tes
831 2720 919 2759 ΒΚ
1005 2721 1078 2762 Gr.
1102 2725 1366 2773 conpositum
1394 2723 1432 2762 T
1540 2739 1588 2776 15
1618 2739 1670 2765 eo
1690 2739 1772 2766 om.
1804 2726 1832 2764 Ἰ

94 2788 140 2826 17
170 2775 235 2826 in]
257 2787 334 2824 per
360 2774 397 2812 T
532 2776 580 2813 18
609 2776 731 2814 etiam
748 2777 818 2825 qui
831 2775 944 2815 Serv.
962 2776 1021 2815 ad
1028 2777 1135 2816 Aen.
1156 2788 1193 2828 5,
1211 2780 1292 2828 560
1310 2793 1319 2818 :
1339 2792 1390 2818 ea
1402 2792 1509 2829 quae
1520 2780 1610 2819 ΒΚ
1626 2795 1634 2819 :
1655 2794 1833 2831 eequam

93 2830 163 2879 qui
186 2828 223 2867 T
277 2835 448 2880 preerat
475 2828 534 2868 T:
562 2835 685 2868 erant
705 2828 793 2867 ΒΚ
871 2844 924 2869 22
955 2832 1132 2881 pecunia
1152 2845 1249 2883 app.
1274 2831 1320 2870 K
1334 2834 1438 2886 (non
1456 2834 1507 2887 C)
1564 2836 1834 2874 adnumerari

94 2883 179 2922 ΒΚ
196 2885 300 2934 (non
325 2882 376 2935 C)
512 2896 565 2933 23
595 2883 713 2935 quia]
735 2898 817 2934 qua
837 2885 942 2924 B¹K
961 2887 1064 2938 (non
1086 2885 1140 2938 C)
1278 2901 1328 2937 24
1358 2895 1430 2928 aut
1448 2902 1538 2939 arg.
1559 2888 1606 2927 K
1624 2891 1727 2942 (non
1751 2889 1806 2943 C)
1825 2906 1833 2929 ε

95 2951 178 2979 om.
206 2937 244 2975 T
393 2949 445 2988 25
474 2938 568 2978 ideo
589 2968 599 2978 .
627 2970 635 2978 .
658 2969 666 2978 .
687 2939 785 2988 quia
804 2952 886 2978 om.
907 2939 954 2977 K
973 2941 1075 2992 (non
1097 2940 1149 2993 C)
1286 2942 1396 2982 idem
1423 2943 1466 2982 U
1602 2945 1732 2994 princ.
1760 2976 1768 2984 .
1791 2975 1799 2983 .
1823 2976 1834 2985 .

94 2992 185 3042 ἇργ.
210 3005 293 3034 om.
314 2991 370 3030 Β1
499 2993 751 3043 principium
776 2993 813 3031 T
962 2996 1016 3033 26
1044 2996 1237 3044 signatur
1255 2997 1378 3036 etiam
1404 2997 1439 3035 C
1553 3003 1628 3048 pro
1648 2997 1835 3049 ἀργύριον

96 3053 362 3097 nuncupatur
383 3046 418 3085 C
434 3052 528 3086 ante
546 3060 669 3087 corn:
699 3055 967 3098 nuncupatus
987 3055 1053 3088 est
1072 3050 1117 3088 K
1243 3051 1340 3100 quia
1360 3051 1507 3103 quam]
1527 3065 1778 3103 quamquam
1795 3053 1837 3092 Β
