<?xml version="1.0" encoding="UTF-8"?>
<!DOCTYPE html PUBLIC "-//W3C//DTD XHTML 1.0 Transitional//EN"
    "http://www.w3.org/TR/xhtml1/DTD/xhtml1-transitional.dtd">
<html xmlns="http://www.w3.org/1999/xhtml" xml:lang="en" lang="en">
 <head>
  <title>
</title>
<meta http-equiv="Content-Type" content="text/html;charset=utf-8" />
  <meta name='ocr-system' content='tesseract 3.04.00' />
  <meta name='ocr-capabilities' content='ocr_page ocr_carea ocr_par ocr_line ocrx_word'/>
</head>
<body>
  <div class='ocr_page' id='page_1' title='image "./isidori01isiduoft/isidori01isiduoft_0475.png"; bbox 0 0 2176 3424; ppageno 0'>
   <div class='ocr_carea' id='block_1_1' title="bbox 439 91 1454 142">
    <p class='ocr_par' dir='ltr' id='par_1_1' title="bbox 439 91 1454 142">
     <span class='ocr_line' id='line_1_1' title="bbox 439 91 1454 142; baseline -0.003 -1"><span class='ocrx_word' id='word_1_1' title='bbox 439 94 1071 142; x_wconf 76' lang='lat' dir='ltr'><strong>ETYMOLOGIARVM</strong></span> <span class='ocrx_word' id='word_1_2' title='bbox 1114 94 1240 140; x_wconf 88' lang='lat' dir='ltr'><strong>LIB.</strong></span> <span class='ocrx_word' id='word_1_3' title='bbox 1281 94 1401 140; x_wconf 92' lang='lat' dir='ltr'>XII.</span> <span class='ocrx_word' id='word_1_4' title='bbox 1441 91 1454 138; x_wconf 94' lang='lat' dir='ltr'>i</span> 
     </span>
    </p>
   </div>
   <div class='ocr_carea' id='block_1_2' title="bbox 0 222 1918 2334">
    <p class='ocr_par' dir='ltr' id='par_1_2' title="bbox 74 222 1902 521">
     <span class='ocr_line' id='line_1_2' title="bbox 77 222 1807 290; baseline -0.003 -16"><span class='ocrx_word' id='word_1_5' title='bbox 77 236 223 289; x_wconf 85' lang='lat' dir='ltr'>atque</span> <span class='ocrx_word' id='word_1_6' title='bbox 255 225 525 290; x_wconf 87' lang='lat' dir='ltr'>gregarium</span> <span class='ocrx_word' id='word_1_7' title='bbox 568 227 631 274; x_wconf 90' lang='lat' dir='ltr'>ad</span> <span class='ocrx_word' id='word_1_8' title='bbox 674 226 970 284; x_wconf 86' lang='lat' dir='ltr'>vehendum,</span> <span class='ocrx_word' id='word_1_9' title='bbox 1011 241 1111 273; x_wconf 91' lang='lat' dir='ltr'>non</span> <span class='ocrx_word' id='word_1_10' title='bbox 1145 225 1210 273; x_wconf 91' lang='lat' dir='ltr'>ad</span> <span class='ocrx_word' id='word_1_11' title='bbox 1240 222 1565 287; x_wconf 87' lang='lat' dir='ltr'>equitandum</span> <span class='ocrx_word' id='word_1_12' title='bbox 1608 231 1807 286; x_wconf 88' lang='lat' dir='ltr'>aptum;</span> 
     </span>
     <span class='ocr_line' id='line_1_3' title="bbox 77 304 1816 370; baseline -0.001 -16"><span class='ocrx_word' id='word_1_13' title='bbox 77 306 270 355; x_wconf 90' lang='lat' dir='ltr'>tertium</span> <span class='ocrx_word' id='word_1_14' title='bbox 297 325 354 356; x_wconf 90' lang='lat' dir='ltr'>ex</span> <span class='ocrx_word' id='word_1_15' title='bbox 378 306 702 370; x_wconf 86' lang='lat' dir='ltr'>permixtione</span> <span class='ocrx_word' id='word_1_16' title='bbox 722 307 896 356; x_wconf 90' lang='lat' dir='ltr'>diversi</span> <span class='ocrx_word' id='word_1_17' title='bbox 916 306 1106 370; x_wconf 89' lang='lat' dir='ltr'>generis</span> <span class='ocrx_word' id='word_1_18' title='bbox 1124 315 1304 366; x_wconf 89' lang='lat' dir='ltr'>ortum,</span> <span class='ocrx_word' id='word_1_19' title='bbox 1321 306 1457 368; x_wconf 87' lang='lat' dir='ltr'>quod</span> <span class='ocrx_word' id='word_1_20' title='bbox 1473 304 1620 353; x_wconf 89' lang='lat' dir='ltr'>etiam</span> <span class='ocrx_word' id='word_1_21' title='bbox 1639 306 1816 353; x_wconf 90' lang='lat' dir='ltr'>dicitur</span> 
     </span>
     <span class='ocr_line' id='line_1_4' title="bbox 75 389 1902 453; baseline -0.002 -15"><span class='ocrx_word' id='word_1_22' title='bbox 75 389 359 453; x_wconf 84' lang='lat' dir='ltr'>bigenerum</span> <span class='ocrx_word' id='word_1_23' title='bbox 388 389 504 452; x_wconf 86' lang='lat' dir='ltr'>quia</span> <span class='ocrx_word' id='word_1_24' title='bbox 529 405 587 438; x_wconf 85' lang='lat' dir='ltr'>ex</span> <span class='ocrx_word' id='word_1_25' title='bbox 613 390 815 438; x_wconf 90' lang='lat' dir='ltr'>diversis</span> <span class='ocrx_word' id='word_1_26' title='bbox 842 390 1070 448; x_wconf 90' lang='lat' dir='ltr'>nascitur,</span> <span class='ocrx_word' id='word_1_27' title='bbox 1110 397 1163 437; x_wconf 93' lang='lat' dir='ltr'>ut</span> <span class='ocrx_word' id='word_1_28' title='bbox 1199 390 1376 438; x_wconf 63' lang='lat' dir='ltr'>mulus</span> <span class='ocrx_word' id='word_1_29' title='bbox 1454 389 1623 435; x_wconf 91' lang='lat' dir='ltr'>Mulus</span> <span class='ocrx_word' id='word_1_30' title='bbox 1649 396 1814 435; x_wconf 86' lang='lat' dir='ltr'>autem</span> <span class='ocrx_word' id='word_1_31' title='bbox 1841 404 1902 453; x_wconf 90' lang='lat'>57</span> 
     </span>
     <span class='ocr_line' id='line_1_5' title="bbox 74 469 1817 521; baseline -0.002 -2"><span class='ocrx_word' id='word_1_32' title='bbox 74 488 103 519; x_wconf 86' lang='lat' dir='ltr'>a</span> <span class='ocrx_word' id='word_1_33' title='bbox 142 473 584 521; x_wconf 81' lang='lat' dir='ltr'>Graeco&#39;tractum</span> <span class='ocrx_word' id='word_1_34' title='bbox 627 471 924 520; x_wconf 88' lang='lat' dir='ltr'>vocabulum</span> <span class='ocrx_word' id='word_1_35' title='bbox 966 472 1130 520; x_wconf 91' lang='lat' dir='ltr'>habet.</span> <span class='ocrx_word' id='word_1_36' title='bbox 1206 472 1394 519; x_wconf 82' lang='lat' dir='ltr'>Graece</span> <span class='ocrx_word' id='word_1_37' title='bbox 1432 470 1564 518; x_wconf 90' lang='lat' dir='ltr'>enirn</span> <span class='ocrx_word' id='word_1_38' title='bbox 1609 470 1705 517; x_wconf 90' lang='lat' dir='ltr'>hoc</span> <span class='ocrx_word' id='word_1_39' title='bbox 1741 469 1817 516; x_wconf 92' lang='lat' dir='ltr'>vel</span> 
     </span>
    </p>

    <p class='ocr_par' dir='ltr' id='par_1_3' title="bbox 14 551 1820 942">
     <span class='ocr_line' id='line_1_6' title="bbox 14 551 1819 617; baseline -0.001 -16"><span class='ocrx_word' id='word_1_40' title='bbox 14 574 52 615; x_wconf 84' lang='lat'>:5</span> <span class='ocrx_word' id='word_1_41' title='bbox 77 554 211 616; x_wconf 87' lang='lat' dir='ltr'>quod</span> <span class='ocrx_word' id='word_1_42' title='bbox 247 553 361 617; x_wconf 92' lang='lat' dir='ltr'>iugo</span> <span class='ocrx_word' id='word_1_43' title='bbox 398 553 636 617; x_wconf 87' lang='lat' dir='ltr'>pistorum</span> <span class='ocrx_word' id='word_1_44' title='bbox 675 554 907 602; x_wconf 89' lang='lat' dir='ltr'>subactus</span> <span class='ocrx_word' id='word_1_45' title='bbox 945 555 1107 602; x_wconf 90' lang='lat' dir='ltr'>tardas</span> <span class='ocrx_word' id='word_1_46' title='bbox 1151 554 1387 602; x_wconf 87' lang='lat' dir='ltr'>molendo</span> <span class='ocrx_word' id='word_1_47' title='bbox 1431 553 1579 600; x_wconf 90' lang='lat' dir='ltr'>ducat</span> <span class='ocrx_word' id='word_1_48' title='bbox 1618 551 1667 599; x_wconf 92' lang='lat' dir='ltr'>in</span> <span class='ocrx_word' id='word_1_49' title='bbox 1702 567 1819 614; x_wconf 90' lang='lat' dir='ltr'>gyro</span> 
     </span>
     <span class='ocr_line' id='line_1_7' title="bbox 76 635 1814 698; baseline -0.002 -16"><span class='ocrx_word' id='word_1_50' title='bbox 76 636 245 683; x_wconf 88' lang='lat' dir='ltr'>molas.</span> <span class='ocrx_word' id='word_1_51' title='bbox 319 635 493 684; x_wconf 87' lang='lat' dir='ltr'>Iudaei</span> <span class='ocrx_word' id='word_1_52' title='bbox 532 644 753 684; x_wconf 90' lang='lat' dir='ltr'>asserunt</span> <span class='ocrx_word' id='word_1_53' title='bbox 792 637 927 698; x_wconf 87' lang='lat' dir='ltr'>quod</span> <span class='ocrx_word' id='word_1_54' title='bbox 968 637 1078 683; x_wconf 90' lang='lat' dir='ltr'>Ana</span> <span class='ocrx_word' id='word_1_55' title='bbox 1117 635 1341 698; x_wconf 80' lang='lat' dir='ltr'>abnepos</span> <span class='ocrx_word' id='word_1_56' title='bbox 1402 636 1534 682; x_wconf 90' lang='lat' dir='ltr'>Esau</span> <span class='ocrx_word' id='word_1_57' title='bbox 1579 649 1814 696; x_wconf 86' lang='lat' dir='ltr'>equarum</span> 
     </span>
     <span class='ocr_line' id='line_1_8' title="bbox 75 716 1820 780; baseline -0.002 -16"><span class='ocrx_word' id='word_1_58' title='bbox 75 732 242 779; x_wconf 78' lang='lat' dir='ltr'>greges</span> <span class='ocrx_word' id='word_1_59' title='bbox 290 717 353 765; x_wconf 91' lang='lat' dir='ltr'>ab</span> <span class='ocrx_word' id='word_1_60' title='bbox 393 716 540 765; x_wconf 90' lang='lat' dir='ltr'>asinis</span> <span class='ocrx_word' id='word_1_61' title='bbox 584 716 635 764; x_wconf 92' lang='lat' dir='ltr'>in</span> <span class='ocrx_word' id='word_1_62' title='bbox 678 718 872 765; x_wconf 92' lang='lat' dir='ltr'>deserto</span> <span class='ocrx_word' id='word_1_63' title='bbox 915 716 1019 780; x_wconf 91' lang='lat' dir='ltr'>ipse</span> <span class='ocrx_word' id='word_1_64' title='bbox 1061 718 1229 766; x_wconf 88' lang='lat' dir='ltr'>fecerit</span> <span class='ocrx_word' id='word_1_65' title='bbox 1272 718 1456 779; x_wconf 88' lang='lat' dir='ltr'>primus</span> <span class='ocrx_word' id='word_1_66' title='bbox 1504 716 1720 774; x_wconf 83' lang='lat' dir='ltr'>ascendi,</span> <span class='ocrx_word' id='word_1_67' title='bbox 1767 723 1820 761; x_wconf 90' lang='lat' dir='ltr'>ut</span> 
     </span>
     <span class='ocr_line' id='line_1_9' title="bbox 77 799 1814 847; baseline -0.001 -3"><span class='ocrx_word' id='word_1_68' title='bbox 77 800 321 846; x_wconf 89' lang='lat' dir='ltr'>mulorum</span> <span class='ocrx_word' id='word_1_69' title='bbox 370 799 486 847; x_wconf 91' lang='lat' dir='ltr'>inde</span> <span class='ocrx_word' id='word_1_70' title='bbox 540 815 667 846; x_wconf 86' lang='lat' dir='ltr'>nova</span> <span class='ocrx_word' id='word_1_71' title='bbox 714 808 885 847; x_wconf 92' lang='lat' dir='ltr'>contra</span> <span class='ocrx_word' id='word_1_72' title='bbox 933 808 1156 847; x_wconf 90' lang='lat' dir='ltr'>naturam</span> <span class='ocrx_word' id='word_1_73' title='bbox 1206 799 1435 846; x_wconf 88' lang='lat' dir='ltr'>animalia</span> <span class='ocrx_word' id='word_1_74' title='bbox 1484 805 1814 845; x_wconf 90' lang='lat' dir='ltr'>nascerentur.</span> 
     </span>
     <span class='ocr_line' id='line_1_10' title="bbox 78 879 1816 942; baseline -0.002 -14"><span class='ocrx_word' id='word_1_75' title='bbox 78 880 301 942; x_wconf 89' lang='lat' dir='ltr'>Onagros</span> <span class='ocrx_word' id='word_1_76' title='bbox 345 896 543 942; x_wconf 85' lang='lat' dir='ltr'>quoque</span> <span class='ocrx_word' id='word_1_77' title='bbox 582 882 645 928; x_wconf 88' lang='lat' dir='ltr'>ad</span> <span class='ocrx_word' id='word_1_78' title='bbox 689 881 784 929; x_wconf 93' lang='lat' dir='ltr'>hoc</span> <span class='ocrx_word' id='word_1_79' title='bbox 820 882 1062 928; x_wconf 85' lang='lat' dir='ltr'>admissos</span> <span class='ocrx_word' id='word_1_80' title='bbox 1101 896 1207 929; x_wconf 88' lang='lat' dir='ltr'>esse</span> <span class='ocrx_word' id='word_1_81' title='bbox 1246 881 1310 928; x_wconf 92' lang='lat' dir='ltr'>ad</span> <span class='ocrx_word' id='word_1_82' title='bbox 1342 881 1536 928; x_wconf 88' lang='lat' dir='ltr'>asinas:</span> <span class='ocrx_word' id='word_1_83' title='bbox 1575 888 1622 927; x_wconf 92' lang='lat' dir='ltr'>et</span> <span class='ocrx_word' id='word_1_84' title='bbox 1655 879 1816 942; x_wconf 88' lang='lat' dir='ltr'>ipsum</span> 
     </span>
    </p>

    <p class='ocr_par' dir='ltr' id='par_1_4' title="bbox 0 960 1907 1354">
     <span class='ocr_line' id='line_1_11' title="bbox 0 960 1817 1024; baseline -0.001 -15"><span class='ocrx_word' id='word_1_85' title='bbox 0 981 55 1011; x_wconf 72' lang='grc' dir='ltr'>ιιο</span> <span class='ocrx_word' id='word_1_86' title='bbox 77 960 357 1009; x_wconf 84' lang='lat' dir='ltr'>istiusmodi</span> <span class='ocrx_word' id='word_1_87' title='bbox 394 963 664 1024; x_wconf 88' lang='lat' dir='ltr'>repperisse</span> <span class='ocrx_word' id='word_1_88' title='bbox 698 963 1034 1023; x_wconf 87' lang='lat' dir='ltr'>concubitum,</span> <span class='ocrx_word' id='word_1_89' title='bbox 1073 971 1125 1010; x_wconf 91' lang='lat' dir='ltr'>ut</span> <span class='ocrx_word' id='word_1_90' title='bbox 1159 963 1453 1011; x_wconf 89' lang='lat' dir='ltr'>velocissimi</span> <span class='ocrx_word' id='word_1_91' title='bbox 1488 979 1546 1010; x_wconf 88' lang='lat' dir='ltr'>ex</span> <span class='ocrx_word' id='word_1_92' title='bbox 1582 962 1658 1009; x_wconf 91' lang='lat' dir='ltr'>his</span> <span class='ocrx_word' id='word_1_93' title='bbox 1694 961 1817 1008; x_wconf 90' lang='lat' dir='ltr'>asini</span> 
     </span>
     <span class='ocr_line' id='line_1_12' title="bbox 76 1040 1907 1108; baseline -0.002 -18"><span class='ocrx_word' id='word_1_94' title='bbox 76 1052 402 1091; x_wconf 90' lang='lat' dir='ltr'>nascerentur.</span> <span class='ocrx_word' id='word_1_95' title='bbox 492 1045 740 1093; x_wconf 89' lang='lat' dir='ltr'>Industria</span> <span class='ocrx_word' id='word_1_96' title='bbox 777 1046 960 1108; x_wconf 89' lang='lat' dir='ltr'>quippe</span> <span class='ocrx_word' id='word_1_97' title='bbox 1011 1047 1228 1093; x_wconf 88' lang='lat' dir='ltr'>humana</span> <span class='ocrx_word' id='word_1_98' title='bbox 1266 1046 1513 1094; x_wconf 88' lang='lat' dir='ltr'>diversum</span> <span class='ocrx_word' id='word_1_99' title='bbox 1556 1045 1738 1092; x_wconf 90' lang='lat' dir='ltr'>animal</span> <span class='ocrx_word' id='word_1_100' title='bbox 1770 1042 1818 1090; x_wconf 88' lang='lat' dir='ltr'>in</span> <span class='ocrx_word' id='word_1_101' title='bbox 1843 1040 1907 1101; x_wconf 90' lang='lat'>58</span> 
     </span>
     <span class='ocr_line' id='line_1_13' title="bbox 78 1124 1820 1190; baseline 0.001 -18"><span class='ocrx_word' id='word_1_102' title='bbox 78 1124 208 1172; x_wconf 89' lang='lat' dir='ltr'>coitu</span> <span class='ocrx_word' id='word_1_103' title='bbox 247 1126 419 1188; x_wconf 83' lang='lat' dir='ltr'>coegit,</span> <span class='ocrx_word' id='word_1_104' title='bbox 448 1124 617 1188; x_wconf 83' lang='lat' dir='ltr'>sicque</span> <span class='ocrx_word' id='word_1_105' title='bbox 653 1126 928 1176; x_wconf 90' lang='lat' dir='ltr'>adulterina</span> <span class='ocrx_word' id='word_1_106' title='bbox 965 1127 1319 1176; x_wconf 80' lang='lat' dir='ltr'>commixtione</span> <span class='ocrx_word' id='word_1_107' title='bbox 1355 1144 1509 1190; x_wconf 90' lang='lat' dir='ltr'>genus</span> <span class='ocrx_word' id='word_1_108' title='bbox 1546 1126 1681 1174; x_wconf 91' lang='lat' dir='ltr'>aliud</span> <span class='ocrx_word' id='word_1_109' title='bbox 1718 1142 1820 1188; x_wconf 89' lang='lat' dir='ltr'>rep—</span> 
     </span>
     <span class='ocr_line' id='line_1_14' title="bbox 77 1207 1820 1270; baseline 0.001 -17"><span class='ocrx_word' id='word_1_110' title='bbox 77 1208 235 1270; x_wconf 79' lang='lat' dir='ltr'>perit3</span> <span class='ocrx_word' id='word_1_111' title='bbox 274 1208 399 1255; x_wconf 90' lang='lat' dir='ltr'>sicut</span> <span class='ocrx_word' id='word_1_112' title='bbox 438 1216 486 1255; x_wconf 90' lang='lat' dir='ltr'>et</span> <span class='ocrx_word' id='word_1_113' title='bbox 532 1209 683 1257; x_wconf 88' lang='lat' dir='ltr'>Iacob</span> <span class='ocrx_word' id='word_1_114' title='bbox 728 1218 897 1258; x_wconf 87' lang='lat' dir='ltr'>contra</span> <span class='ocrx_word' id='word_1_115' title='bbox 941 1219 1165 1258; x_wconf 89' lang='lat' dir='ltr'>naturam</span> <span class='ocrx_word' id='word_1_116' title='bbox 1206 1211 1429 1258; x_wconf 90' lang='lat' dir='ltr'>colorum</span> <span class='ocrx_word' id='word_1_117' title='bbox 1474 1207 1820 1257; x_wconf 88' lang='lat' dir='ltr'>similitudines</span> 
     </span>
     <span class='ocr_line' id='line_1_15' title="bbox 76 1288 1819 1354; baseline 0.002 -19"><span class='ocrx_word' id='word_1_118' title='bbox 76 1288 363 1350; x_wconf 89' lang='lat' dir='ltr'>procuravit.</span> <span class='ocrx_word' id='word_1_119' title='bbox 440 1291 569 1338; x_wconf 92' lang='lat' dir='ltr'>Nam</span> <span class='ocrx_word' id='word_1_120' title='bbox 595 1292 715 1338; x_wconf 86' lang='lat' dir='ltr'>tales</span> <span class='ocrx_word' id='word_1_121' title='bbox 742 1292 901 1339; x_wconf 89' lang='lat' dir='ltr'>foetus</span> <span class='ocrx_word' id='word_1_122' title='bbox 939 1308 1055 1340; x_wconf 92' lang='lat' dir='ltr'>oves</span> <span class='ocrx_word' id='word_1_123' title='bbox 1093 1291 1221 1340; x_wconf 91' lang='lat' dir='ltr'>illius</span> <span class='ocrx_word' id='word_1_124' title='bbox 1258 1291 1620 1354; x_wconf 86' lang='lat' dir='ltr'>concipiebant,</span> <span class='ocrx_word' id='word_1_125' title='bbox 1650 1292 1819 1353; x_wconf 85' lang='lat' dir='ltr'>quales</span> 
     </span>
    </p>

    <p class='ocr_par' dir='ltr' id='par_1_5' title="bbox 0 1369 1914 1765">
     <span class='ocr_line' id='line_1_16' title="bbox 0 1369 1819 1436; baseline 0.001 -19"><span class='ocrx_word' id='word_1_126' title='bbox 0 1382 58 1432; x_wconf 60' lang='grc' dir='ltr'>[με</span> <span class='ocrx_word' id='word_1_127' title='bbox 77 1370 275 1418; x_wconf 90' lang='lat' dir='ltr'>umbras</span> <span class='ocrx_word' id='word_1_128' title='bbox 316 1369 522 1418; x_wconf 88' lang='lat' dir='ltr'>arietum</span> <span class='ocrx_word' id='word_1_129' title='bbox 563 1372 775 1435; x_wconf 90' lang='lat' dir='ltr'>desuper</span> <span class='ocrx_word' id='word_1_130' title='bbox 816 1375 1193 1422; x_wconf 86' lang='lat' dir='ltr'>ascendentium</span> <span class='ocrx_word' id='word_1_131' title='bbox 1235 1373 1285 1421; x_wconf 91' lang='lat' dir='ltr'>in</span> <span class='ocrx_word' id='word_1_132' title='bbox 1329 1390 1566 1436; x_wconf 84' lang='lat' dir='ltr'>aquarum</span> <span class='ocrx_word' id='word_1_133' title='bbox 1616 1373 1819 1436; x_wconf 89' lang='lat' dir='ltr'>speculo</span> 
     </span>
     <span class='ocr_line' id='line_1_17' title="bbox 77 1452 1914 1520; baseline 0.002 -21"><span class='ocrx_word' id='word_1_134' title='bbox 77 1452 553 1515; x_wconf 86' lang='lat' dir='ltr'>contemplabantur.</span> <span class='ocrx_word' id='word_1_135' title='bbox 632 1454 863 1518; x_wconf 88' lang='lat' dir='ltr'>Denique</span> <span class='ocrx_word' id='word_1_136' title='bbox 888 1465 936 1504; x_wconf 88' lang='lat' dir='ltr'>et</span> <span class='ocrx_word' id='word_1_137' title='bbox 961 1458 1057 1504; x_wconf 92' lang='lat' dir='ltr'>hoc</span> <span class='ocrx_word' id='word_1_138' title='bbox 1083 1458 1228 1519; x_wconf 90' lang='lat' dir='ltr'>ipsud</span> <span class='ocrx_word' id='word_1_139' title='bbox 1254 1457 1305 1504; x_wconf 94' lang='lat' dir='ltr'>in</span> <span class='ocrx_word' id='word_1_140' title='bbox 1331 1473 1567 1520; x_wconf 86' lang='lat' dir='ltr'>equarum</span> <span class='ocrx_word' id='word_1_141' title='bbox 1592 1454 1820 1519; x_wconf 88' lang='lat' dir='ltr'>gregibus</span> <span class='ocrx_word' id='word_1_142' title='bbox 1845 1463 1914 1512; x_wconf 89' lang='lat'>59</span> 
     </span>
     <span class='ocr_line' id='line_1_18' title="bbox 80 1535 1818 1601; baseline 0.002 -20"><span class='ocrx_word' id='word_1_143' title='bbox 80 1535 181 1583; x_wconf 86' lang='lat' dir='ltr'>fieri</span> <span class='ocrx_word' id='word_1_144' title='bbox 207 1535 367 1593; x_wconf 88' lang='lat' dir='ltr'>fertur,</span> <span class='ocrx_word' id='word_1_145' title='bbox 397 1545 449 1583; x_wconf 93' lang='lat' dir='ltr'>ut</span> <span class='ocrx_word' id='word_1_146' title='bbox 486 1552 750 1599; x_wconf 86' lang='lat' dir='ltr'>generosos</span> <span class='ocrx_word' id='word_1_147' title='bbox 777 1538 995 1586; x_wconf 90' lang='lat' dir='ltr'>obiciant</span> <span class='ocrx_word' id='word_1_148' title='bbox 1022 1554 1178 1601; x_wconf 89' lang='lat' dir='ltr'>equos</span> <span class='ocrx_word' id='word_1_149' title='bbox 1204 1539 1388 1586; x_wconf 88' lang='lat' dir='ltr'>visibus</span> <span class='ocrx_word' id='word_1_150' title='bbox 1416 1537 1818 1601; x_wconf 90' lang='lat' dir='ltr'>concipientium,</span> 
     </span>
     <span class='ocr_line' id='line_1_19' title="bbox 81 1616 1822 1684; baseline 0.003 -21"><span class='ocrx_word' id='word_1_151' title='bbox 81 1632 179 1678; x_wconf 83' lang='lat' dir='ltr'>quo</span> <span class='ocrx_word' id='word_1_152' title='bbox 205 1632 373 1664; x_wconf 90' lang='lat' dir='ltr'>eorum</span> <span class='ocrx_word' id='word_1_153' title='bbox 395 1616 576 1666; x_wconf 88' lang='lat' dir='ltr'>similes</span> <span class='ocrx_word' id='word_1_154' title='bbox 601 1618 862 1682; x_wconf 91' lang='lat' dir='ltr'>concipere</span> <span class='ocrx_word' id='word_1_155' title='bbox 889 1628 936 1668; x_wconf 93' lang='lat' dir='ltr'>et</span> <span class='ocrx_word' id='word_1_156' title='bbox 962 1636 1125 1669; x_wconf 91' lang='lat' dir='ltr'>creare</span> <span class='ocrx_word' id='word_1_157' title='bbox 1151 1622 1354 1684; x_wconf 90' lang='lat' dir='ltr'>possint.</span> <span class='ocrx_word' id='word_1_158' title='bbox 1404 1623 1534 1670; x_wconf 92' lang='lat' dir='ltr'>Nam</span> <span class='ocrx_word' id='word_1_159' title='bbox 1562 1630 1609 1669; x_wconf 91' lang='lat' dir='ltr'>et</span> <span class='ocrx_word' id='word_1_160' title='bbox 1636 1622 1822 1669; x_wconf 92' lang='lat' dir='ltr'>colum-</span> 
     </span>
     <span class='ocr_line' id='line_1_20' title="bbox 81 1696 1819 1765; baseline 0.002 -20"><span class='ocrx_word' id='word_1_161' title='bbox 81 1696 254 1745; x_wconf 86' lang='lat' dir='ltr'>barum</span> <span class='ocrx_word' id='word_1_162' title='bbox 274 1699 532 1747; x_wconf 90' lang='lat' dir='ltr'>dilectores</span> <span class='ocrx_word' id='word_1_163' title='bbox 554 1700 774 1763; x_wconf 88' lang='lat' dir='ltr'>depictas</span> <span class='ocrx_word' id='word_1_164' title='bbox 795 1711 987 1763; x_wconf 92' lang='lat' dir='ltr'>ponunt</span> <span class='ocrx_word' id='word_1_165' title='bbox 1007 1704 1360 1765; x_wconf 90' lang='lat' dir='ltr'>pulcherrimas</span> <span class='ocrx_word' id='word_1_166' title='bbox 1377 1703 1635 1752; x_wconf 90' lang='lat' dir='ltr'>columbas</span> <span class='ocrx_word' id='word_1_167' title='bbox 1662 1701 1819 1750; x_wconf 89' lang='lat' dir='ltr'>isdem</span> 
     </span>
    </p>

    <p class='ocr_par' dir='ltr' id='par_1_6' title="bbox 2 1779 1918 2093">
     <span class='ocr_line' id='line_1_21' title="bbox 2 1779 1816 1848; baseline 0.002 -21"><span class='ocrx_word' id='word_1_168' title='bbox 2 1802 58 1830; x_wconf 36' lang='grc' dir='ltr'>κιο</span> <span class='ocrx_word' id='word_1_169' title='bbox 80 1781 213 1840; x_wconf 90' lang='lat' dir='ltr'>locis,</span> <span class='ocrx_word' id='word_1_170' title='bbox 243 1779 421 1842; x_wconf 88' lang='lat' dir='ltr'>quibus</span> <span class='ocrx_word' id='word_1_171' title='bbox 449 1780 558 1830; x_wconf 89' lang='lat' dir='ltr'>illae</span> <span class='ocrx_word' id='word_1_172' title='bbox 583 1792 847 1843; x_wconf 88' lang='lat' dir='ltr'>versantur,</span> <span class='ocrx_word' id='word_1_173' title='bbox 869 1801 968 1846; x_wconf 87' lang='lat' dir='ltr'>quo</span> <span class='ocrx_word' id='word_1_174' title='bbox 988 1786 1208 1848; x_wconf 88' lang='lat' dir='ltr'>rapiente</span> <span class='ocrx_word' id='word_1_175' title='bbox 1229 1786 1334 1834; x_wconf 91' lang='lat' dir='ltr'>visu</span> <span class='ocrx_word' id='word_1_176' title='bbox 1361 1785 1543 1834; x_wconf 90' lang='lat' dir='ltr'>similes</span> <span class='ocrx_word' id='word_1_177' title='bbox 1568 1792 1816 1848; x_wconf 90' lang='lat' dir='ltr'>generent.</span> 
     </span>
     <span class='ocr_line' id='line_1_22' title="bbox 83 1862 1918 1927; baseline 0.002 -18"><span class='ocrx_word' id='word_1_178' title='bbox 83 1862 208 1910; x_wconf 93' lang='lat' dir='ltr'>Inde</span> <span class='ocrx_word' id='word_1_179' title='bbox 245 1871 316 1909; x_wconf 89' lang='lat' dir='ltr'>est</span> <span class='ocrx_word' id='word_1_180' title='bbox 352 1864 487 1924; x_wconf 88' lang='lat' dir='ltr'>quod</span> <span class='ocrx_word' id='word_1_181' title='bbox 513 1865 715 1926; x_wconf 84' lang='lat' dir='ltr'>quidam</span> <span class='ocrx_word' id='word_1_182' title='bbox 741 1865 963 1927; x_wconf 89' lang='lat' dir='ltr'>gravidas</span> <span class='ocrx_word' id='word_1_183' title='bbox 991 1868 1219 1916; x_wconf 90' lang='lat' dir='ltr'>mulieres</span> <span class='ocrx_word' id='word_1_184' title='bbox 1257 1867 1430 1917; x_wconf 89' lang='lat' dir='ltr'>iubent</span> <span class='ocrx_word' id='word_1_185' title='bbox 1457 1869 1617 1916; x_wconf 89' lang='lat' dir='ltr'>nullos</span> <span class='ocrx_word' id='word_1_186' title='bbox 1643 1866 1822 1915; x_wconf 91' lang='lat' dir='ltr'>intueri</span> <span class='ocrx_word' id='word_1_187' title='bbox 1846 1868 1918 1914; x_wconf 90' lang='lat'>60</span> 
     </span>
     <span class='ocr_line' id='line_1_23' title="bbox 80 1942 1821 2012; baseline 0.003 -22"><span class='ocrx_word' id='word_1_188' title='bbox 80 1942 383 2006; x_wconf 87' lang='lat' dir='ltr'>turpissimos</span> <span class='ocrx_word' id='word_1_189' title='bbox 419 1943 707 1992; x_wconf 86' lang='lat' dir='ltr'>animalium</span> <span class='ocrx_word' id='word_1_190' title='bbox 744 1948 919 2006; x_wconf 83' lang='lat' dir='ltr'>vultus,</span> <span class='ocrx_word' id='word_1_191' title='bbox 961 1957 1014 1995; x_wconf 89' lang='lat' dir='ltr'>ut</span> <span class='ocrx_word' id='word_1_192' title='bbox 1050 1950 1415 2012; x_wconf 89' lang='lat' dir='ltr'>cynocephalos</span> <span class='ocrx_word' id='word_1_193' title='bbox 1453 1959 1500 1998; x_wconf 89' lang='lat' dir='ltr'>et</span> <span class='ocrx_word' id='word_1_194' title='bbox 1537 1949 1718 2009; x_wconf 89' lang='lat' dir='ltr'>simios,</span> <span class='ocrx_word' id='word_1_195' title='bbox 1759 1966 1821 1997; x_wconf 91' lang='lat' dir='ltr'>ne</span> 
     </span>
     <span class='ocr_line' id='line_1_24' title="bbox 80 2023 1822 2093; baseline 0.004 -22"><span class='ocrx_word' id='word_1_196' title='bbox 80 2023 263 2072; x_wconf 90' lang='lat' dir='ltr'>visibus</span> <span class='ocrx_word' id='word_1_197' title='bbox 289 2035 598 2074; x_wconf 89' lang='lat' dir='ltr'>occurrentes</span> <span class='ocrx_word' id='word_1_198' title='bbox 637 2027 818 2076; x_wconf 88' lang='lat' dir='ltr'>similes</span> <span class='ocrx_word' id='word_1_199' title='bbox 856 2030 1015 2077; x_wconf 89' lang='lat' dir='ltr'>foetus</span> <span class='ocrx_word' id='word_1_200' title='bbox 1052 2031 1255 2093; x_wconf 90' lang='lat' dir='ltr'>pariant.</span> <span class='ocrx_word' id='word_1_201' title='bbox 1333 2033 1482 2079; x_wconf 89' lang='lat' dir='ltr'>Hanc</span> <span class='ocrx_word' id='word_1_202' title='bbox 1519 2032 1651 2080; x_wconf 88' lang='lat' dir='ltr'>enirn</span> <span class='ocrx_word' id='word_1_203' title='bbox 1688 2030 1822 2080; x_wconf 88' lang='lat' dir='ltr'>femi-</span> 
     </span>
    </p>

    <p class='ocr_par' dir='ltr' id='par_1_7' title="bbox 2 2112 1824 2175">
     <span class='ocr_line' id='line_1_25' title="bbox 2 2112 1824 2175; baseline 0.005 -23"><span class='ocrx_word' id='word_1_204' title='bbox 2 2158 3 2162; x_wconf 12' lang='lat'><em>*</em></span> <span class='ocrx_word' id='word_1_205' title='bbox 84 2122 256 2154; x_wconf 90' lang='lat' dir='ltr'>narum</span> <span class='ocrx_word' id='word_1_206' title='bbox 299 2122 405 2155; x_wconf 83' lang='lat' dir='ltr'>esse</span> <span class='ocrx_word' id='word_1_207' title='bbox 443 2117 666 2156; x_wconf 89' lang='lat' dir='ltr'>naturam</span> <span class='ocrx_word' id='word_1_208' title='bbox 709 2119 761 2157; x_wconf 90' lang='lat' dir='ltr'>ut</span> <span class='ocrx_word' id='word_1_209' title='bbox 800 2112 968 2172; x_wconf 82' lang='lat' dir='ltr'>quales</span> <span class='ocrx_word' id='word_1_210' title='bbox 1000 2114 1334 2175; x_wconf 86' lang='lat' dir='ltr'>perspexerint</span> <span class='ocrx_word' id='word_1_211' title='bbox 1369 2112 1470 2162; x_wconf 84' lang='lat' dir='ltr'>sive</span> <span class='ocrx_word' id='word_1_212' title='bbox 1501 2122 1668 2162; x_wconf 89' lang='lat' dir='ltr'>mente</span> <span class='ocrx_word' id='word_1_213' title='bbox 1701 2130 1824 2162; x_wconf 92' lang='lat' dir='ltr'>con—</span> 
     </span>
    </p>

    <p class='ocr_par' dir='ltr' id='par_1_8' title="bbox 0 2189 1823 2334">
     <span class='ocr_line' id='line_1_26' title="bbox 0 2189 1823 2257; baseline 0.004 -20"><span class='ocrx_word' id='word_1_214' title='bbox 0 2203 60 2252; x_wconf 69' lang='lat'>&#39;2&#39;5</span> <span class='ocrx_word' id='word_1_215' title='bbox 82 2189 300 2251; x_wconf 88' lang='lat' dir='ltr'>ceperint</span> <span class='ocrx_word' id='word_1_216' title='bbox 326 2190 375 2236; x_wconf 93' lang='lat' dir='ltr'>in</span> <span class='ocrx_word' id='word_1_217' title='bbox 401 2198 618 2238; x_wconf 89' lang='lat' dir='ltr'>extremo</span> <span class='ocrx_word' id='word_1_218' title='bbox 643 2193 905 2254; x_wconf 90' lang='lat' dir='ltr'>voluptatis</span> <span class='ocrx_word' id='word_1_219' title='bbox 929 2202 1081 2253; x_wconf 88' lang='lat' dir='ltr'>aestu,</span> <span class='ocrx_word' id='word_1_220' title='bbox 1112 2195 1232 2243; x_wconf 90' lang='lat' dir='ltr'>dum</span> <span class='ocrx_word' id='word_1_221' title='bbox 1271 2196 1573 2257; x_wconf 87' lang='lat' dir='ltr'>concipiunt,</span> <span class='ocrx_word' id='word_1_222' title='bbox 1599 2198 1747 2244; x_wconf 89' lang='lat' dir='ltr'>talem</span> <span class='ocrx_word' id='word_1_223' title='bbox 1775 2205 1823 2244; x_wconf 89' lang='lat' dir='ltr'>et</span> 
     </span>
     <span class='ocr_line' id='line_1_27' title="bbox 84 2271 1821 2334; baseline 0.005 -16"><span class='ocrx_word' id='word_1_224' title='bbox 84 2271 305 2320; x_wconf 83' lang='lat' dir='ltr'>sobolem</span> <span class='ocrx_word' id='word_1_225' title='bbox 349 2282 619 2334; x_wconf 91' lang='lat' dir='ltr'>procreent.</span> <span class='ocrx_word' id='word_1_226' title='bbox 697 2275 896 2322; x_wconf 90' lang='lat' dir='ltr'>Etenim</span> <span class='ocrx_word' id='word_1_227' title='bbox 936 2276 1117 2323; x_wconf 90' lang='lat' dir='ltr'>animal</span> <span class='ocrx_word' id='word_1_228' title='bbox 1161 2276 1210 2323; x_wconf 90' lang='lat' dir='ltr'>in</span> <span class='ocrx_word' id='word_1_229' title='bbox 1251 2292 1341 2325; x_wconf 89' lang='lat' dir='ltr'>usu</span> <span class='ocrx_word' id='word_1_230' title='bbox 1385 2279 1601 2326; x_wconf 90' lang='lat' dir='ltr'>Venerio</span> <span class='ocrx_word' id='word_1_231' title='bbox 1641 2279 1821 2326; x_wconf 85' lang='lat' dir='ltr'>formas</span> 
     </span>
    </p>
   </div>
   <div class='ocr_carea' id='block_1_3' title="bbox 79 2393 1831 2670">
    <p class='ocr_par' dir='ltr' id='par_1_9' title="bbox 79 2393 1831 2670">
     <span class='ocr_line' id='line_1_28' title="bbox 142 2393 1831 2453; baseline 0.007 -24"><span class='ocrx_word' id='word_1_232' title='bbox 142 2405 158 2429; x_wconf 91' lang='lat'>1</span> <span class='ocrx_word' id='word_1_233' title='bbox 190 2406 412 2443; x_wconf 88' lang='lat' dir='ltr'>gregarum</span> <span class='ocrx_word' id='word_1_234' title='bbox 438 2393 474 2430; x_wconf 92' lang='lat' dir='ltr'><em>T</em></span> <span class='ocrx_word' id='word_1_235' title='bbox 575 2408 600 2444; x_wconf 85' lang='lat'><strong>3</strong></span> <span class='ocrx_word' id='word_1_236' title='bbox 629 2395 698 2444; x_wconf 90' lang='lat' dir='ltr'>qui</span> <span class='ocrx_word' id='word_1_237' title='bbox 714 2409 770 2433; x_wconf 81' lang='lat' dir='ltr'>ex</span> <span class='ocrx_word' id='word_1_238' title='bbox 785 2395 873 2433; x_wconf 99' lang='grc' dir='ltr'>ΒΚ</span> <span class='ocrx_word' id='word_1_239' title='bbox 990 2411 1014 2445; x_wconf 87' lang='lat'>4</span> <span class='ocrx_word' id='word_1_240' title='bbox 1045 2411 1068 2436; x_wconf 90' lang='lat' dir='ltr'>a</span> <span class='ocrx_word' id='word_1_241' title='bbox 1089 2397 1194 2437; x_wconf 83' lang='lat' dir='ltr'>BT:</span> <span class='ocrx_word' id='word_1_242' title='bbox 1225 2413 1279 2437; x_wconf 83' lang='lat' dir='ltr'>ex</span> <span class='ocrx_word' id='word_1_243' title='bbox 1298 2399 1376 2437; x_wconf 90' lang='lat' dir='ltr'>CK</span> <span class='ocrx_word' id='word_1_244' title='bbox 1484 2401 1616 2453; x_wconf 86' lang='lat' dir='ltr'>enim]</span> <span class='ocrx_word' id='word_1_245' title='bbox 1631 2408 1772 2440; x_wconf 87' lang='lat' dir='ltr'>autem</span> <span class='ocrx_word' id='word_1_246' title='bbox 1796 2403 1831 2442; x_wconf 90' lang='lat' dir='ltr'><em>C</em></span> 
     </span>
     <span class='ocr_line' id='line_1_29' title="bbox 84 2447 1825 2500; baseline 0.007 -16"><span class='ocrx_word' id='word_1_247' title='bbox 84 2447 170 2498; x_wconf 89' lang='lat' dir='ltr'>vel]</span> <span class='ocrx_word' id='word_1_248' title='bbox 189 2461 241 2485; x_wconf 91' lang='lat' dir='ltr'>eo</span> <span class='ocrx_word' id='word_1_249' title='bbox 262 2447 307 2485; x_wconf 90' lang='lat' dir='ltr'><em>K</em></span> <span class='ocrx_word' id='word_1_250' title='bbox 325 2449 426 2498; x_wconf 78' lang='lat' dir='ltr'>(non</span> <span class='ocrx_word' id='word_1_251' title='bbox 443 2447 486 2484; x_wconf 93' lang='lat' dir='ltr'><em>D</em></span> <span class='ocrx_word' id='word_1_252' title='bbox 503 2448 640 2499; x_wconf 78' lang='lat' dir='ltr'><em>Mon.)</em></span> <span class='ocrx_word' id='word_1_253' title='bbox 796 2464 820 2500; x_wconf 86' lang='lat'>5</span> <span class='ocrx_word' id='word_1_254' title='bbox 852 2450 949 2499; x_wconf 89' lang='lat' dir='ltr'>quia</span> <span class='ocrx_word' id='word_1_255' title='bbox 969 2451 1004 2490; x_wconf 88' lang='lat' dir='ltr'>C</span> <span class='ocrx_word' id='word_1_256' title='bbox 1110 2455 1253 2492; x_wconf 88' lang='lat' dir='ltr'>tardus</span> <span class='ocrx_word' id='word_1_257' title='bbox 1275 2453 1360 2492; x_wconf 86' lang='grc' dir='ltr'>ΚΟ</span> <span class='ocrx_word' id='word_1_258' title='bbox 1472 2457 1596 2494; x_wconf 89' lang='lat' dir='ltr'>ducet</span> <span class='ocrx_word' id='word_1_259' title='bbox 1619 2456 1682 2495; x_wconf 87' lang='lat' dir='ltr'>B:</span> <span class='ocrx_word' id='word_1_260' title='bbox 1711 2458 1825 2496; x_wconf 87' lang='lat' dir='ltr'>ducit</span> 
     </span>
     <span class='ocr_line' id='line_1_30' title="bbox 85 2501 1824 2561; baseline 0.007 -22"><span class='ocrx_word' id='word_1_261' title='bbox 85 2501 175 2539; x_wconf 92' lang='lat' dir='ltr'><em>DK</em></span> <span class='ocrx_word' id='word_1_262' title='bbox 281 2516 388 2552; x_wconf 87' lang='lat' dir='ltr'>gyro</span> <span class='ocrx_word' id='word_1_263' title='bbox 411 2503 496 2553; x_wconf 90' lang='lat' dir='ltr'>(-ro</span> <span class='ocrx_word' id='word_1_264' title='bbox 516 2503 618 2555; x_wconf 82' lang='grc' dir='ltr'>ΒΚ)</span> <span class='ocrx_word' id='word_1_265' title='bbox 641 2506 703 2544; x_wconf 84' lang='lat' dir='ltr'>vel</span> <span class='ocrx_word' id='word_1_266' title='bbox 719 2518 872 2555; x_wconf 89' lang='lat' dir='ltr'>gyrum</span> <span class='ocrx_word' id='word_1_267' title='bbox 896 2508 1024 2558; x_wconf 86' lang='lat' dir='ltr'>(-rum</span> <span class='ocrx_word' id='word_1_268' title='bbox 1049 2506 1142 2558; x_wconf 79' lang='lat' dir='ltr'>CK)</span> <span class='ocrx_word' id='word_1_269' title='bbox 1254 2511 1280 2546; x_wconf 89' lang='lat'><strong>6</strong></span> <span class='ocrx_word' id='word_1_270' title='bbox 1309 2510 1406 2559; x_wconf 90' lang='lat' dir='ltr'>quia</span> <span class='ocrx_word' id='word_1_271' title='bbox 1422 2510 1456 2549; x_wconf 88' lang='lat' dir='ltr'>C</span> <span class='ocrx_word' id='word_1_272' title='bbox 1561 2524 1668 2550; x_wconf 87' lang='lat' dir='ltr'>anaa</span> <span class='ocrx_word' id='word_1_273' title='bbox 1688 2525 1824 2561; x_wconf 87' lang='lat' dir='ltr'>nepos</span> 
     </span>
     <span class='ocr_line' id='line_1_31' title="bbox 79 2555 1821 2615; baseline 0.007 -22"><span class='ocrx_word' id='word_1_274' title='bbox 79 2555 221 2607; x_wconf 60' lang='grc' dir='ltr'>(φας)</span> <span class='ocrx_word' id='word_1_275' title='bbox 235 2557 391 2596; x_wconf 89' lang='lat' dir='ltr'><em>BDK:</em></span> <span class='ocrx_word' id='word_1_276' title='bbox 414 2558 552 2597; x_wconf 88' lang='lat' dir='ltr'>hanaa</span> <span class='ocrx_word' id='word_1_277' title='bbox 571 2559 687 2608; x_wconf 82' lang='lat' dir='ltr'>(corr.</span> <span class='ocrx_word' id='word_1_278' title='bbox 707 2560 821 2612; x_wconf 85' lang='lat' dir='ltr'>-aan)</span> <span class='ocrx_word' id='word_1_279' title='bbox 845 2574 980 2612; x_wconf 90' lang='lat' dir='ltr'>nepos</span> <span class='ocrx_word' id='word_1_280' title='bbox 1009 2561 1066 2600; x_wconf 91' lang='lat' dir='ltr'>T:</span> <span class='ocrx_word' id='word_1_281' title='bbox 1085 2576 1166 2601; x_wconf 86' lang='lat' dir='ltr'>ana</span> <span class='ocrx_word' id='word_1_282' title='bbox 1187 2576 1322 2613; x_wconf 90' lang='lat' dir='ltr'>nepos</span> <span class='ocrx_word' id='word_1_283' title='bbox 1345 2564 1379 2602; x_wconf 90' lang='lat' dir='ltr'><em>C</em></span> <span class='ocrx_word' id='word_1_284' title='bbox 1487 2578 1508 2614; x_wconf 94' lang='lat'><strong>7</strong></span> <span class='ocrx_word' id='word_1_285' title='bbox 1530 2565 1622 2615; x_wconf 86' lang='lat' dir='ltr'>ipse</span> <span class='ocrx_word' id='word_1_286' title='bbox 1643 2580 1726 2606; x_wconf 85' lang='lat' dir='ltr'>om.</span> <span class='ocrx_word' id='word_1_287' title='bbox 1749 2567 1821 2606; x_wconf 88' lang='lat' dir='ltr'>K:</span> 
     </span>
     <span class='ocr_line' id='line_1_32' title="bbox 80 2611 1820 2670; baseline 0.007 -22"><span class='ocrx_word' id='word_1_288' title='bbox 80 2615 174 2662; x_wconf 80' lang='lat' dir='ltr'>post</span> <span class='ocrx_word' id='word_1_289' title='bbox 192 2611 269 2650; x_wconf 90' lang='lat' dir='ltr'>fec.</span> <span class='ocrx_word' id='word_1_290' title='bbox 290 2612 330 2650; x_wconf 90' lang='grc' dir='ltr'><em>Β</em></span> <span class='ocrx_word' id='word_1_291' title='bbox 439 2612 502 2663; x_wconf 86' lang='lat' dir='ltr'>ut]</span> <span class='ocrx_word' id='word_1_292' title='bbox 518 2619 559 2651; x_wconf 83' lang='lat' dir='ltr'>et</span> <span class='ocrx_word' id='word_1_293' title='bbox 572 2613 619 2650; x_wconf 90' lang='lat' dir='ltr'><em>K</em></span> <span class='ocrx_word' id='word_1_294' title='bbox 724 2616 749 2653; x_wconf 90' lang='lat'>8</span> <span class='ocrx_word' id='word_1_295' title='bbox 778 2615 1055 2655; x_wconf 86' lang='lat' dir='ltr'>miscerentur</span> <span class='ocrx_word' id='word_1_296' title='bbox 1075 2617 1121 2654; x_wconf 89' lang='lat' dir='ltr'><em>K</em></span> <span class='ocrx_word' id='word_1_297' title='bbox 1140 2619 1241 2670; x_wconf 85' lang='lat' dir='ltr'>(non</span> <span class='ocrx_word' id='word_1_298' title='bbox 1253 2618 1317 2670; x_wconf 84' lang='lat' dir='ltr'>D)</span> <span class='ocrx_word' id='word_1_299' title='bbox 1430 2633 1456 2670; x_wconf 91' lang='lat'>9</span> <span class='ocrx_word' id='word_1_300' title='bbox 1485 2633 1607 2670; x_wconf 86' lang='lat' dir='ltr'>onag.</span> <span class='ocrx_word' id='word_1_301' title='bbox 1622 2651 1632 2661; x_wconf 87' lang='lat'><strong>.</strong></span> <span class='ocrx_word' id='word_1_302' title='bbox 1652 2652 1661 2661; x_wconf 90' lang='grc'><strong>.</strong></span> <span class='ocrx_word' id='word_1_303' title='bbox 1678 2653 1686 2660; x_wconf 96' lang='grc'>.</span> <span class='ocrx_word' id='word_1_304' title='bbox 1703 2635 1820 2662; x_wconf 83' lang='lat' dir='ltr'>nasc.</span> 
     </span>
    </p>
   </div>
   <div class='ocr_carea' id='block_1_4' title="bbox 86 2665 1824 3054">
    <p class='ocr_par' dir='ltr' id='par_1_10' title="bbox 86 2665 1824 3054">
     <span class='ocr_line' id='line_1_33' title="bbox 86 2665 1817 2727; baseline 0.008 -25"><span class='ocrx_word' id='word_1_305' title='bbox 86 2678 164 2704; x_wconf 81' lang='lat' dir='ltr'>om.</span> <span class='ocrx_word' id='word_1_306' title='bbox 181 2665 307 2703; x_wconf 89' lang='lat' dir='ltr'><em>BKO</em></span> <span class='ocrx_word' id='word_1_307' title='bbox 322 2668 425 2716; x_wconf 85' lang='lat' dir='ltr'>(non</span> <span class='ocrx_word' id='word_1_308' title='bbox 441 2667 627 2720; x_wconf 85' lang='lat' dir='ltr'><em>DFGU)</em></span> <span class='ocrx_word' id='word_1_309' title='bbox 739 2670 882 2709; x_wconf 89' lang='lat' dir='ltr'>asinos</span> <span class='ocrx_word' id='word_1_310' title='bbox 906 2671 940 2710; x_wconf 91' lang='lat' dir='ltr'><em>C</em></span> <span class='ocrx_word' id='word_1_311' title='bbox 1050 2685 1099 2710; x_wconf 91' lang='lat'>10</span> <span class='ocrx_word' id='word_1_312' title='bbox 1118 2673 1386 2712; x_wconf 91' lang='lat' dir='ltr'>velocissime</span> <span class='ocrx_word' id='word_1_313' title='bbox 1402 2676 1511 2727; x_wconf 88' lang='lat' dir='ltr'>(-ae)</span> <span class='ocrx_word' id='word_1_314' title='bbox 1535 2689 1589 2713; x_wconf 86' lang='lat' dir='ltr'>ex</span> <span class='ocrx_word' id='word_1_315' title='bbox 1610 2677 1677 2714; x_wconf 88' lang='lat' dir='ltr'>his</span> <span class='ocrx_word' id='word_1_316' title='bbox 1698 2677 1817 2716; x_wconf 86' lang='lat' dir='ltr'>asine</span> 
     </span>
     <span class='ocr_line' id='line_1_34' title="bbox 90 2720 1821 2780; baseline 0.008 -23"><span class='ocrx_word' id='word_1_317' title='bbox 90 2720 193 2772; x_wconf 80' lang='lat' dir='ltr'>(-ae)</span> <span class='ocrx_word' id='word_1_318' title='bbox 206 2720 342 2771; x_wconf 83' lang='lat' dir='ltr'>DGU,</span> <span class='ocrx_word' id='word_1_319' title='bbox 368 2721 471 2770; x_wconf 82' lang='lat' dir='ltr'>fort.</span> <span class='ocrx_word' id='word_1_320' title='bbox 491 2727 584 2760; x_wconf 77' lang='lat' dir='ltr'>recte</span> <span class='ocrx_word' id='word_1_321' title='bbox 697 2736 739 2762; x_wconf 91' lang='lat'>11</span> <span class='ocrx_word' id='word_1_322' title='bbox 764 2725 807 2763; x_wconf 88' lang='lat' dir='ltr'>in</span> <span class='ocrx_word' id='word_1_323' title='bbox 821 2726 964 2775; x_wconf 86' lang='lat' dir='ltr'>cogitu</span> <span class='ocrx_word' id='word_1_324' title='bbox 988 2724 1024 2763; x_wconf 90' lang='lat' dir='ltr'><em>T</em></span> <span class='ocrx_word' id='word_1_325' title='bbox 1130 2739 1178 2765; x_wconf 87' lang='lat'>12</span> <span class='ocrx_word' id='word_1_326' title='bbox 1199 2730 1354 2778; x_wconf 90' lang='lat' dir='ltr'>repetit</span> <span class='ocrx_word' id='word_1_327' title='bbox 1370 2728 1410 2766; x_wconf 89' lang='grc' dir='ltr'><em>Β</em></span> <span class='ocrx_word' id='word_1_328' title='bbox 1507 2742 1556 2780; x_wconf 87' lang='lat'>13</span> <span class='ocrx_word' id='word_1_329' title='bbox 1577 2731 1763 2769; x_wconf 90' lang='lat' dir='ltr'>colorem</span> <span class='ocrx_word' id='word_1_330' title='bbox 1779 2732 1821 2769; x_wconf 89' lang='grc' dir='ltr'><em>Β</em></span> 
     </span>
     <span class='ocr_line' id='line_1_35' title="bbox 89 2776 1820 2834; baseline 0.008 -22"><span class='ocrx_word' id='word_1_331' title='bbox 89 2776 137 2812; x_wconf 82' lang='grc'>16</span> <span class='ocrx_word' id='word_1_332' title='bbox 165 2777 503 2826; x_wconf 87' lang='lat' dir='ltr'>contemplantur</span> <span class='ocrx_word' id='word_1_333' title='bbox 531 2777 587 2814; x_wconf 90' lang='grc' dir='ltr'>Β1</span> <span class='ocrx_word' id='word_1_334' title='bbox 697 2792 898 2828; x_wconf 87' lang='lat' dir='ltr'>aquarum</span> <span class='ocrx_word' id='word_1_335' title='bbox 935 2780 972 2818; x_wconf 91' lang='lat' dir='ltr'><em>T</em></span> <span class='ocrx_word' id='word_1_336' title='bbox 1105 2792 1151 2830; x_wconf 92' lang='lat'>17</span> <span class='ocrx_word' id='word_1_337' title='bbox 1185 2783 1275 2821; x_wconf 90' lang='lat' dir='ltr'>fieri</span> <span class='ocrx_word' id='word_1_338' title='bbox 1293 2796 1374 2823; x_wconf 81' lang='lat' dir='ltr'>om.</span> <span class='ocrx_word' id='word_1_339' title='bbox 1396 2784 1454 2822; x_wconf 80' lang='grc' dir='ltr'>Β1</span> <span class='ocrx_word' id='word_1_340' title='bbox 1564 2798 1750 2834; x_wconf 88' lang='lat' dir='ltr'>generos</span> <span class='ocrx_word' id='word_1_341' title='bbox 1771 2785 1820 2824; x_wconf 66' lang='lat' dir='ltr'>Cl</span> 
     </span>
     <span class='ocr_line' id='line_1_36' title="bbox 86 2829 1818 2887; baseline 0.007 -20"><span class='ocrx_word' id='word_1_342' title='bbox 86 2829 323 2868; x_wconf 89' lang='lat' dir='ltr'>obiciuntB</span> <span class='ocrx_word' id='word_1_343' title='bbox 407 2831 553 2871; x_wconf 89' lang='lat' dir='ltr'>usibus</span> <span class='ocrx_word' id='word_1_344' title='bbox 569 2831 615 2869; x_wconf 88' lang='lat' dir='ltr'><strong><em>K</em></strong></span> <span class='ocrx_word' id='word_1_345' title='bbox 707 2836 756 2872; x_wconf 89' lang='lat'>18</span> <span class='ocrx_word' id='word_1_346' title='bbox 776 2836 888 2884; x_wconf 93' lang='lat' dir='ltr'>quod</span> <span class='ocrx_word' id='word_1_347' title='bbox 906 2843 947 2874; x_wconf 90' lang='lat' dir='ltr'>et</span> <span class='ocrx_word' id='word_1_348' title='bbox 961 2848 1047 2874; x_wconf 86' lang='lat' dir='ltr'>eor.</span> <span class='ocrx_word' id='word_1_349' title='bbox 1075 2835 1111 2873; x_wconf 93' lang='lat' dir='ltr'><em>T</em></span> <span class='ocrx_word' id='word_1_350' title='bbox 1201 2850 1250 2887; x_wconf 90' lang='lat'>19</span> <span class='ocrx_word' id='word_1_351' title='bbox 1270 2839 1536 2878; x_wconf 88' lang='lat' dir='ltr'>columbares</span> <span class='ocrx_word' id='word_1_352' title='bbox 1553 2838 1601 2877; x_wconf 85' lang='lat' dir='ltr'>Cl</span> <span class='ocrx_word' id='word_1_353' title='bbox 1686 2853 1739 2879; x_wconf 88' lang='lat'>20</span> <span class='ocrx_word' id='word_1_354' title='bbox 1759 2841 1818 2879; x_wconf 92' lang='lat' dir='ltr'>illi</span> 
     </span>
     <span class='ocr_line' id='line_1_37' title="bbox 89 2881 1819 2946; baseline 0.008 -25"><span class='ocrx_word' id='word_1_355' title='bbox 89 2881 133 2921; x_wconf 91' lang='lat' dir='ltr'><em>K</em></span> <span class='ocrx_word' id='word_1_356' title='bbox 240 2886 329 2924; x_wconf 87' lang='lat' dir='ltr'>visu</span> <span class='ocrx_word' id='word_1_357' title='bbox 354 2899 436 2926; x_wconf 87' lang='lat' dir='ltr'>om.</span> <span class='ocrx_word' id='word_1_358' title='bbox 458 2885 505 2923; x_wconf 92' lang='lat' dir='ltr'><em>K</em></span> <span class='ocrx_word' id='word_1_359' title='bbox 610 2900 657 2924; x_wconf 84' lang='lat'>21</span> <span class='ocrx_word' id='word_1_360' title='bbox 692 2888 845 2928; x_wconf 91' lang='lat' dir='ltr'>nullius</span> <span class='ocrx_word' id='word_1_361' title='bbox 873 2890 908 2929; x_wconf 92' lang='lat' dir='ltr'><em>C</em></span> <span class='ocrx_word' id='word_1_362' title='bbox 1014 2903 1064 2928; x_wconf 83' lang='lat'>22</span> <span class='ocrx_word' id='word_1_363' title='bbox 1095 2897 1203 2942; x_wconf 87' lang='lat' dir='ltr'>turp.</span> <span class='ocrx_word' id='word_1_364' title='bbox 1224 2905 1291 2933; x_wconf 90' lang='lat' dir='ltr'>an.</span> <span class='ocrx_word' id='word_1_365' title='bbox 1315 2893 1396 2932; x_wconf 92' lang='lat' dir='ltr'>vul.</span> <span class='ocrx_word' id='word_1_366' title='bbox 1417 2907 1500 2932; x_wconf 81' lang='lat' dir='ltr'>om.</span> <span class='ocrx_word' id='word_1_367' title='bbox 1523 2894 1578 2932; x_wconf 78' lang='grc' dir='ltr'>Βι</span> <span class='ocrx_word' id='word_1_368' title='bbox 1689 2895 1754 2946; x_wconf 91' lang='lat' dir='ltr'>ut]</span> <span class='ocrx_word' id='word_1_369' title='bbox 1776 2901 1819 2934; x_wconf 88' lang='lat' dir='ltr'>et</span> 
     </span>
     <span class='ocr_line' id='line_1_38' title="bbox 87 2937 1824 3002; baseline 0.008 -26"><span class='ocrx_word' id='word_1_370' title='bbox 87 2937 128 2975; x_wconf 91' lang='grc' dir='ltr'><em>Β</em></span> <span class='ocrx_word' id='word_1_371' title='bbox 286 2953 336 2990; x_wconf 85' lang='lat'>23</span> <span class='ocrx_word' id='word_1_372' title='bbox 368 2941 526 2979; x_wconf 87' lang='lat' dir='ltr'>visibus</span> <span class='ocrx_word' id='word_1_373' title='bbox 553 2954 636 2980; x_wconf 86' lang='lat' dir='ltr'>om.</span> <span class='ocrx_word' id='word_1_374' title='bbox 660 2941 706 2979; x_wconf 90' lang='lat' dir='ltr'><em>K</em></span> <span class='ocrx_word' id='word_1_375' title='bbox 829 2952 1003 2995; x_wconf 82' lang='lat' dir='ltr'>pareant</span> <span class='ocrx_word' id='word_1_376' title='bbox 1021 2945 1087 2986; x_wconf 87' lang='lat' dir='ltr'>B:</span> <span class='ocrx_word' id='word_1_377' title='bbox 1117 2954 1323 2995; x_wconf 86' lang='lat' dir='ltr'>generent</span> <span class='ocrx_word' id='word_1_378' title='bbox 1343 2948 1386 2986; x_wconf 91' lang='grc' dir='ltr'><em>Κ</em></span> <span class='ocrx_word' id='word_1_379' title='bbox 1550 2962 1601 3000; x_wconf 78' lang='grc'>24</span> <span class='ocrx_word' id='word_1_380' title='bbox 1632 2950 1694 3002; x_wconf 88' lang='lat' dir='ltr'>ut]</span> <span class='ocrx_word' id='word_1_381' title='bbox 1719 2956 1762 2989; x_wconf 90' lang='lat' dir='ltr'>et</span> <span class='ocrx_word' id='word_1_382' title='bbox 1787 2950 1824 2990; x_wconf 90' lang='lat' dir='ltr'><em>T</em></span> 
     </span>
     <span class='ocr_line' id='line_1_39' title="bbox 89 2995 1816 3054; baseline 0.009 -24"><span class='ocrx_word' id='word_1_383' title='bbox 89 2995 386 3043; x_wconf 84' lang='lat' dir='ltr'>prespexerint</span> <span class='ocrx_word' id='word_1_384' title='bbox 419 2995 472 3034; x_wconf 90' lang='lat' dir='ltr'>T:</span> <span class='ocrx_word' id='word_1_385' title='bbox 504 2997 805 3046; x_wconf 85' lang='lat' dir='ltr'>prospexerint</span> <span class='ocrx_word' id='word_1_386' title='bbox 835 2998 880 3036; x_wconf 88' lang='lat' dir='ltr'><em>K</em></span> <span class='ocrx_word' id='word_1_387' title='bbox 1009 3001 1058 3040; x_wconf 85' lang='lat' dir='ltr'>si.</span> <span class='ocrx_word' id='word_1_388' title='bbox 1081 3014 1161 3041; x_wconf 88' lang='lat' dir='ltr'>me.</span> <span class='ocrx_word' id='word_1_389' title='bbox 1186 3015 1305 3043; x_wconf 85' lang='lat' dir='ltr'>cone.</span> <span class='ocrx_word' id='word_1_390' title='bbox 1328 3016 1408 3042; x_wconf 74' lang='lat' dir='ltr'>ont.</span> <span class='ocrx_word' id='word_1_391' title='bbox 1433 3002 1478 3040; x_wconf 90' lang='lat' dir='ltr'><em>K</em></span> <span class='ocrx_word' id='word_1_392' title='bbox 1639 3016 1691 3054; x_wconf 87' lang='grc'>25</span> <span class='ocrx_word' id='word_1_393' title='bbox 1723 3011 1816 3044; x_wconf 88' lang='lat' dir='ltr'>estu</span> 
     </span>
    </p>
   </div>
   <div class='ocr_carea' id='block_1_5' title="bbox 89 3047 1814 3144">
    <p class='ocr_par' dir='ltr' id='par_1_11' title="bbox 89 3047 1814 3144">
     <span class='ocr_line' id='line_1_40' title="bbox 90 3047 1814 3111; baseline 0.009 -27"><span class='ocrx_word' id='word_1_394' title='bbox 90 3047 217 3086; x_wconf 87' lang='lat' dir='ltr'>duum</span> <span class='ocrx_word' id='word_1_395' title='bbox 246 3047 398 3098; x_wconf 84' lang='lat' dir='ltr'><em>T(non</em></span> <span class='ocrx_word' id='word_1_396' title='bbox 423 3050 480 3099; x_wconf 85' lang='lat' dir='ltr'>U)</span> <span class='ocrx_word' id='word_1_397' title='bbox 503 3063 511 3087; x_wconf 90' lang='lat'>:</span> <span class='ocrx_word' id='word_1_398' title='bbox 532 3051 671 3090; x_wconf 85' lang='lat' dir='ltr'>studio</span> <span class='ocrx_word' id='word_1_399' title='bbox 693 3053 790 3090; x_wconf 87' lang='lat' dir='ltr'>dum</span> <span class='ocrx_word' id='word_1_400' title='bbox 812 3053 880 3094; x_wconf 90' lang='lat' dir='ltr'>K:</span> <span class='ocrx_word' id='word_1_401' title='bbox 902 3054 1085 3094; x_wconf 73' lang='lat' dir='ltr'>studium</span> <span class='ocrx_word' id='word_1_402' title='bbox 1102 3055 1142 3093; x_wconf 88' lang='grc' dir='ltr'><em>Β</em></span> <span class='ocrx_word' id='word_1_403' title='bbox 1254 3058 1491 3108; x_wconf 82' lang='lat' dir='ltr'>concipiant</span> <span class='ocrx_word' id='word_1_404' title='bbox 1512 3057 1596 3096; x_wconf 81' lang='lat' dir='ltr'>KB</span> <span class='ocrx_word' id='word_1_405' title='bbox 1618 3060 1685 3110; x_wconf 85' lang='lat' dir='ltr'>(ex</span> <span class='ocrx_word' id='word_1_406' title='bbox 1704 3061 1814 3111; x_wconf 79' lang='lat' dir='ltr'>-unt)</span> 
     </span>
     <span class='ocr_line' id='line_1_41' title="bbox 89 3102 495 3144; baseline 0.012 -5"><span class='ocrx_word' id='word_1_407' title='bbox 89 3103 141 3140; x_wconf 86' lang='lat'>26</span> <span class='ocrx_word' id='word_1_408' title='bbox 169 3102 324 3141; x_wconf 89' lang='lat' dir='ltr'>animal</span> <span class='ocrx_word' id='word_1_409' title='bbox 345 3115 426 3144; x_wconf 86' lang='lat' dir='ltr'>om.</span> <span class='ocrx_word' id='word_1_410' title='bbox 449 3104 495 3143; x_wconf 91' lang='lat' dir='ltr'><em>K</em></span> 
     </span>
    </p>
   </div>
  </div>
 </body>
</html>
