2176 3424
372 109 1002 156 ETYMOLOGIARVM
1042 108 1172 155 LIB.
1214 108 1411 154 XVIII.
1451 105 1614 154 ix—xiii

256 241 339 286 DE
364 253 589 287 cLYPE1s.
650 237 852 300 Clipeus
878 246 951 286 est
976 246 1144 285 scutus
1170 235 1336 292 maior,
1365 235 1527 285 dictus
1551 236 1616 284 ab
1641 252 1703 284 eo
1727 235 1865 298 quod
1890 247 1976 287 XII
2024 231 2028 235 ¹

117 320 280 383 clipet,
327 319 378 368 id
423 329 499 371 est
546 320 685 379 celet,
737 336 914 382 corpus
962 318 1292 382 periculisque
1339 318 1598 375 subducat,
1648 319 1740 366 ἀπὸ
1785 321 1868 366 τοῦ

121 403 346 451 κλέπτειν.
420 400 692 464 Oppositus
725 400 857 450 enim
891 417 979 449 sua
1011 401 1302 449 defensione
1331 400 1395 447 ab
1429 399 1581 448 hastis
1611 408 1661 448 et
1698 398 1867 448 iaculis

120 500 297 547 corpus
337 482 508 532 munit.
582 482 799 545 Clypeus
835 490 1001 531 autem
1038 483 1262 544 peditum
1299 491 1387 541 est,
1425 491 1592 530 scutus
1627 482 1867 544 equitum.

75 581 96 619 5
121 566 326 614 Scutum
358 566 658 628 appellatum
692 581 752 614 eo
785 565 922 628 quod
954 580 983 612 a
1008 580 1060 612 se
1085 564 1300 612 excutiat
1324 564 1534 612 telorum
1559 562 1730 612 ictum.
1802 565 1869 611 Vt
1892 571 1923 605 2

122 645 254 694 enim
303 645 410 695 telis
458 645 718 705 resistatur,
768 644 956 708 clipeus
1001 646 1282 694 antefertur.
1370 645 1538 694 Vmbo
1586 643 1712 693 scuti
1759 661 1869 707 pars

124 727 288 777 media
320 737 406 787 est,
435 730 574 790 quasi
606 726 883 776 umbilicus.
957 726 1134 776 Ancile
1169 735 1370 775 vocatur
1407 736 1602 775 scutum
1638 725 1786 775 breve
1813 734 1870 775 -et
1894 736 1924 781 3

123 810 405 858 rotundum.
481 811 559 858 De
584 826 684 873 quo
710 807 953 872 Vergilius
981 806 1128 871 (Aen.
1152 823 1193 870 7,
1217 807 1362 873 188):

695 892 857 938 Laeva
889 888 1049 938 ancile
1084 889 1300 952 gerebat.

53 987 102 1013 10
124 973 189 1019 Et
213 970 370 1019 ancile
400 971 589 1019 dictum
621 972 685 1020 ab
718 971 984 1031 ancisione,
1014 972 1151 1034 quod
1177 970 1238 1020 sit
1265 968 1371 1037 [ab]
1398 970 1536 1019 omni
1562 979 1699 1033 parte
1725 971 1874 1021 veluti

123 1053 345 1100 ancisum
370 1069 427 1100 ac
453 1055 737 1102 rotundum.
809 1053 1019 1103 Ovidius
1046 1052 1108 1117 <F
1110 1063 1197 1102 ast.
1217 1070 1262 1116 3,
1282 1053 1400 1116 377)
1423 1072 1430 1100 :

263 1135 424 1197 quue
459 1134 618 1184 ancile
651 1144 843 1194 vocant,
879 1136 1016 1198 quod
1049 1134 1114 1185 ab
1151 1135 1287 1183 omni
1324 1144 1462 1197 parte
1497 1134 1739 1184 recisum:

363 1234 560 1279 quaque
596 1226 738 1267 notes
775 1216 945 1275 oculis,
982 1218 1190 1280 angulus
1227 1216 1389 1265 omnis
1425 1216 1579 1266 abest.

128 1301 322 1347 Peltum
366 1309 560 1347 scutum
602 1299 946 1348 brevissimum
989 1298 1038 1347 in
1083 1300 1282 1348 modum
1329 1300 1475 1347 lunae
1518 1299 1724 1349 mediae.
1801 1302 1876 1348 De
1901 1315 1933 1361 4

56 1395 102 1434 15
125 1380 304 1443 quibus
338 1380 562 1443 meminit
595 1380 717 1431 liber
752 1383 947 1444 Regum
978 1382 1028 1445 (3
1050 1382 1173 1444 Reg.
1198 1398 1269 1440 10,
1295 1381 1405 1444 16):
1447 1383 1613 1430 ‘Fecit
1638 1398 1720 1430 rex
1745 1383 1877 1430 Salo-

128 1479 246 1510 mon
279 1463 493 1511 ducenta
526 1472 665 1511 scuta
699 1464 763 1512 de
795 1479 914 1511 auro
951 1479 1073 1525 puro
1109 1472 1158 1511 et
1194 1472 1436 1511 trecentas
1472 1464 1627 1525 peltas
1664 1480 1723 1512 ex
1758 1479 1878 1511 auro

128 1544 366 1606 probato.'
433 1542 649 1611 [S]cetra
674 1555 868 1594 scutum
894 1547 1082 1593 loreum
1110 1543 1215 1593 sine
1239 1543 1387 1608 ligno,
1416 1561 1518 1608 quo
1543 1553 1747 1593 utuntur
1772 1543 1878 1593 Afri
1903 1558 1935 1606 5

129 1635 176 1674 et
204 1625 379 1674 Mauri.
453 1629 529 1675 De
555 1643 654 1689 quo
680 1636 825 1689 poeta
851 1626 1004 1690 (Virg.
1022 1629 1148 1675 Aen.
1171 1640 1210 1687 7,
1234 1640 1257 1688 7
1266 1626 1349 1690 32)
1371 1647 1380 1676 ε

739 1710 925 1756 Laevas
961 1716 1093 1756 cetra
1127 1709 1259 1770 tegit.

59 1804 110 1831 20
133 1791 308 1837 Parma
341 1788 465 1838 levia
497 1805 644 1848 arma,
673 1789 813 1851 quasi
846 1805 1006 1852 parva,
1034 1805 1135 1837 non
1169 1790 1411 1852 clypeum.
1486 1788 1680 1838 Dicitur
1711 1799 1878 1838 autem
1903 1789 1937 1835 6

129 1879 177 1918 et
203 1871 400 1919 testudo
427 1880 636 1930 scutum,
664 1887 778 1918 nam
815 1870 863 1918 in
897 1872 1104 1919 modum
1135 1869 1396 1919 testudinis
1423 1871 1477 1918 fit
1502 1872 1718 1933 clypeus.
1791 1874 1880 1920 Est

130 1961 178 2000 et
220 1953 418 2001 testudo
460 1962 711 2001 scutorum
758 1951 968 2000 conexio
1014 1961 1213 2001 curvata
1261 1951 1311 2000 in
1354 1951 1615 2000 testudinis
1655 1954 1875 2002 modum.

133 2034 363 2095 Namque
405 2032 455 2081 in
496 2050 744 2083 armorum
783 2032 1044 2096 generibus
1082 2032 1261 2082 milites
1297 2034 1446 2082 etiam
1483 2033 1547 2082 ab
1583 2033 1879 2083 animalibus

132 2114 339 2165 nomina.
382 2126 596 2174 sumunt,
654 2124 707 2163 ut
753 2114 908 2176 aries;
967 2124 1015 2163 et
1063 2114 1321 2164 Sallustius
1370 2114 1524 2176 (Hist.
1548 2132 1591 2179 3,
1613 2117 1727 2180 36):
1789 2118 1879 2165 ‘In

61 2209 108 2248 25
135 2197 370 2256 modum,'
396 2196 568 2259 inquit,
598 2200 609 2221 ‘
625 2196 745 2245 iricii
769 2195 1018 2245 militaris.’

271 2280 353 2326 DE
390 2293 608 2327 LOR1c1s.
682 2278 857 2328 Lorica
893 2288 1068 2328 vocata
1105 2296 1165 2328 eo
1202 2280 1338 2342 quod
1373 2279 1488 2328 loris
1524 2289 1716 2342 careat3
1766 2282 1881 2329 solis
1906 2292 2014 2330 XIII

136 2357 267 2406 enim
294 2358 485 2408 circulis
517 2358 682 2408 ferreis
715 2368 944 2409 contexta
974 2369 1059 2408 est.
1135 2363 1351 2424 Squama
1375 2369 1447 2409 est
1471 2360 1623 2410 lorica
1645 2363 1799 2411 ferrea
1823 2379 1881 2411 ex
1906 2376 1936 2409 2

193 2503 216 2527 2
247 2490 388 2540 clypet
404 2489 451 2527 K
464 2504 473 2528 z
502 2490 566 2529 vel
581 2489 721 2540 clepet
735 2489 853 2540 (-pit)
870 2489 932 2529 vel
949 2490 1102 2540 clipeet
1211 2503 1236 2539 3
1264 2491 1486 2540 appositus
1507 2491 1554 2529 K
1661 2505 1684 2540 4
1714 2498 1881 2531 scutum

141 2543 220 2582 CK
371 2556 395 2593 5
425 2545 469 2595 a]
494 2558 549 2583 ex
572 2544 606 2583 C
755 2546 781 2582 6
810 2545 992 2594 clypeus
1011 2544 1057 2582 K
1222 2557 1244 2593 7
1274 2546 1421 2584 ancale
1441 2544 1499 2582 Β1
1649 2553 1821 2586 vocatus
1842 2545 1884 2584 Β

140 2605 219 2638 rot.
245 2605 287 2637 et
308 2599 396 2638 bre.
423 2598 460 2637 T
553 2612 579 2649 9
607 2598 767 2638 ierebat
787 2598 828 2636 Β
933 2613 981 2638 10
1010 2600 1061 2638 ab
1082 2599 1173 2638 hab.
1201 2598 1293 2639 CT:
1326 2613 1408 2639 om.
1434 2600 1523 2638 ΒΚ
1622 2613 1665 2639 11
1699 2614 1746 2640 ac
1768 2600 1883 2639 BK:

140 2655 220 2692 hoc
243 2659 309 2692 est
331 2653 406 2695 CT
568 2653 692 2693 Ovid.
717 2682 726 2691 .
751 2683 760 2693 .
783 2683 793 2692 .
820 2654 1002 2693 recisum
1023 2667 1104 2692 om.
1132 2653 1183 2692 C1
1396 2667 1444 2704 13
1473 2668 1542 2704 qu.
1567 2668 1636 2694 no.
1656 2669 1717 2695 oc.
1742 2669 1824 2694 om.
1852 2655 1887 2694 C

139 2707 284 2759 notes]
308 2708 430 2747 nodis
450 2706 496 2746 K
710 2709 855 2747 oculus
883 2708 920 2745 T
1144 2708 1312 2758 angulis
1333 2709 1389 2746 Β1
1622 2723 1770 2749 omnes
1790 2709 1884 2748 ΒΟ

144 2775 192 2810 14
223 2762 343 2802 Pelta
361 2762 454 2802 dett.
580 2774 627 2811 15
657 2762 824 2813 quibus]
853 2776 935 2812 quo
957 2763 997 2801 Β
1111 2763 1160 2800 16
1189 2763 1398 2802 duocenta
1424 2762 1472 2802 K
1582 2777 1628 2813 17
1661 2764 1786 2803 Setra
1807 2763 1884 2803 C1:

141 2817 268 2857 Cetra
305 2817 398 2857 dett.
596 2818 761 2856 loreum
800 2830 900 2856 corr.
939 2829 1110 2856 coreum
1155 2815 1193 2854 T
1419 2831 1469 2868 19
1496 2818 1732 2858 levascetra
1768 2818 1883 2858 codd.

144 2871 278 2922 (levas
298 2878 415 2911 creta
437 2871 508 2922 Cl)
675 2884 728 2910 20
757 2871 891 2911 Parva
910 2871 966 2910 Β1
1110 2871 1240 2920 levia]
1262 2871 1362 2910 libia
1384 2872 1431 2910 K
1575 2886 1659 2912 non
1683 2886 1764 2912 om.
1782 2872 1888 2911 B1K

144 2937 190 2964 21
223 2931 386 2966 scutum
413 2957 421 2965 .
444 2957 451 2964 .
473 2955 483 2964 .
509 2927 678 2964 testudo
697 2939 780 2964 om.
803 2925 859 2966 Β1
929 2939 981 2964 22
1012 2939 1175 2964 conexa
1196 2925 1266 2964 K:
1295 2927 1476 2965 conexia
1498 2927 1538 2964 Β
1607 2941 1659 2975 24
1688 2928 1886 2967 nominas

144 2986 189 3018 ut
210 2980 250 3018 Β
440 2992 491 3029 25
521 2980 656 3019 hiricii
677 2979 723 3017 K
738 2995 746 3019 ε
777 2980 867 3019 ircii
894 2979 951 3018 T:
982 2980 1057 3019 irci
1081 2979 1116 3019 C
1301 2983 1355 3019 26
1385 2981 1537 3020 Lurica
1557 2981 1603 3020 K
1622 2982 1701 3034 (hic
1713 2987 1751 3021 et
1767 2983 1886 3033 alibi)

144 3034 248 3074 luris
267 3033 312 3072 K
420 3047 470 3083 27
501 3041 567 3074 est
588 3035 751 3086 (prius)
773 3048 856 3074 om.
876 3034 922 3072 K

978 3104 1009 3136 T
1032 3107 1056 3136 2
