2176 3424
470 82 1099 133 ETYMOLOGIARVM
1141 83 1268 131 LIB.
1313 83 1399 131 IX.
1441 82 1500 141 iv,
1528 100 1556 130 v

142 213 397 266 manifeste
422 211 640 277 perpessi
666 221 794 270 sunt,
819 213 883 261 ad
909 211 1198 274 dignitatem
1219 211 1399 260 civium
1426 214 1771 262 Romanorum
1787 230 1890 261 non

139 304 477 361 pervenerunt.
554 293 715 343 Latini
739 302 855 342 ante
881 295 1096 342 Romam
1131 293 1384 343 conditam
1413 295 1547 357 apud
1580 292 1782 343 Latinos
1808 296 1891 344 fie-
1914 302 1969 352 51

140 379 275 437 bant,
300 393 573 440 numquam
598 393 684 440 per
709 384 1076 434 testamentum,
1103 376 1191 424 sed
1216 392 1302 439 per
1327 373 1588 439 epistolam
1614 375 1890 426 libertatem

141 468 404 509 sumentes.
478 459 604 508 Inde
641 458 756 521 quia
794 474 880 521 per
920 465 1270 506 testamentum
1310 473 1413 506 non
1456 458 1655 518 fiebant,
1697 474 1791 507 nec
1833 475 1891 507 ex

96 554 116 593 5
141 549 437 591 testamento
472 539 658 603 aliquid
696 556 884 603 capere,
921 555 1015 588 nec
1052 556 1167 588 suos
1204 541 1412 589 heredes
1449 541 1608 589 facere
1644 549 1886 604 poterant,

140 624 269 673 cives
308 622 525 672 Romani
560 631 733 686 postea
768 621 860 670 sub
902 621 1191 670 consulibus
1229 637 1317 684 per
1351 630 1647 671 testamenta
1682 621 1734 670 in
1769 621 1892 671 urbe

143 708 372 754 Romana
407 704 567 754 effecti
600 713 728 752 sunt.
804 704 938 752 Dicti
971 713 1138 753 autem
1173 703 1303 753 cives
1338 703 1571 762 Romani,
1598 703 1715 768 quia
1751 712 1894 754 testa·
1914 710 1979 759 52

143 797 312 837 mento
337 786 475 836 liberi
496 786 654 835 effecti
671 786 721 833 in
740 802 1002 835 numerum
1024 788 1367 835 Romanorum
1389 785 1569 834 civium
1590 786 1891 850 rediguntur.

145 870 240 918 His
279 869 490 933 primum
529 868 692 916 aditus
732 876 833 917 erat
874 867 925 915 in
973 867 1094 916 urbe
1139 869 1304 916 Roma
1345 868 1674 928 commorari;
1721 868 1894 917 ceteris

74 964 121 992 10
143 962 307 1001 autem
345 950 529 999 libertis
563 950 917 1013 prohibebatur
949 966 1013 999 ne
1041 951 1117 999 vel
1153 949 1202 997 in
1237 949 1358 998 urbe
1399 952 1629 999 Romana
1663 953 1739 999 vel
1773 951 1896 1000 infra

144 1033 408 1098 septimum
431 1032 494 1081 ab
521 1032 642 1080 urbe
662 1031 924 1080 miliarium
951 1041 1334 1081 commanerent.

281 1116 363 1162 DE
399 1128 802 1161 ADF1N1TAT1Bvs
840 1128 905 1161 ET
942 1128 1214 1162 GRAvas.
1290 1113 1506 1163 Heredis
1543 1130 1730 1163 nomen
1761 1114 1896 1179 inpo-
1919 1115 1957 1154 V

145 1196 239 1245 suit
277 1212 452 1245 census
495 1197 632 1244 aeris.
708 1196 873 1244 Solvet
922 1195 1054 1244 enim
1103 1195 1342 1244 tributum
1391 1195 1617 1245 auctoris.
1691 1198 1752 1245 In
1800 1198 1897 1245 hoc

145 1278 394 1327 enimvero
431 1277 676 1326 vocabulo
709 1276 866 1340 prima
896 1277 1143 1325 successio
1174 1287 1246 1325 est
1286 1277 1572 1326 hereditatis
1603 1286 1651 1327 et
1688 1278 1894 1342 generis,

75 1373 120 1415 15
145 1369 198 1408 ut
224 1368 338 1408 sunt
364 1359 448 1407 filii
474 1368 522 1408 et
547 1368 768 1422 nepotes.
842 1360 1081 1408 Proheres
1108 1368 1193 1417 est,
1222 1359 1306 1422 qui
1326 1361 1437 1407 loco
1453 1359 1648 1409 heredis
1665 1360 1898 1424 fungitur,
1922 1376 1953 1411 2

145 1440 286 1504 quasi
326 1457 415 1504 pro
453 1442 649 1490 herede.
723 1443 812 1489 Est
852 1441 984 1489 enim
1026 1450 1110 1490 aut
1150 1441 1416 1500 institutus,
1454 1451 1539 1490 aut
1588 1442 1896 1491 substitutus.

147 1526 293 1572 Pater
330 1533 418 1581 est,
456 1541 485 1572 a
523 1540 624 1585 quo
664 1523 857 1571 initium
896 1523 1113 1572 nascitur
1160 1525 1364 1587 generis.
1438 1525 1616 1587 Itaque
1658 1523 1697 1573 is
1745 1533 1900 1589 pater·
1924 1541 1954 1587 3

149 1605 354 1653 familias
379 1604 634 1653 vocitatur.
706 1607 850 1653 Pater
874 1613 1040 1654 autem
1061 1604 1221 1654 dictus
1249 1622 1309 1654 eo
1334 1607 1470 1669 quod
1496 1606 1773 1669 patratione
1798 1623 1902 1671 per-

148 1696 256 1735 acta
292 1686 445 1735 filium
483 1695 717 1749 procreet.
793 1686 1008 1735 Patratio
1043 1688 1175 1735 enim
1210 1695 1283 1735 est
1317 1689 1384 1736 rei
1423 1689 1648 1738 veneriae
1673 1705 1901 1738 consum-

78 1784 127 1813 20
148 1768 313 1817 matio.
388 1767 642 1817 Lucretius
670 1767 735 1831 (4,
765 1767 942 1831 1129):

696 1851 760 1897 Et
796 1850 925 1898 bene
962 1858 1099 1913 patra
1135 1859 1343 1914 patrum.

150 1933 412 1981 Genitores
453 1940 619 1979 autem
667 1947 696 1979 a
742 1933 994 1994 gignendo
1015 1950 1029 1991 ,·
1082 1941 1130 1980 et
1178 1941 1405 1996 parentes
1455 1933 1594 1996 quasi
1641 1933 1900 1997 parientes.
1925 1955 1960 2001 4

151 2015 295 2063 Idem
321 2023 368 2062 et
394 2022 648 2061 creatores.
721 2012 1046 2062 Crementum
1072 2012 1206 2061 enim
1232 2023 1305 2062 est
1330 2030 1500 2064 semen
1526 2017 1746 2076 masculi,
1769 2019 1903 2066 unde
1926 2035 1958 2083 5

149 2095 436 2144 animalium
463 2103 510 2142 et
535 2093 795 2142 hominum
821 2110 1026 2158 corpora
1057 2094 1418 2158 concipiuntur.
1492 2098 1630 2145 Hinc
1660 2107 1904 2148 creatores

78 2194 96 2223 2
105 2192 126 2233 5
151 2186 377 2242 parentes
395 2175 637 2224 dicuntur.
700 2177 863 2224 Mater
880 2175 1072 2235 dicitur,
1094 2177 1231 2238 quod
1252 2175 1430 2226 exinde
1449 2178 1685 2226 efficiatur
1700 2179 1902 2243 aliquid.
1927 2183 1963 2231 6

153 2260 315 2307 Mater
339 2257 471 2307 enim
497 2258 636 2320 quasi
662 2257 866 2306 materia
883 2275 896 2318 ς
920 2274 1037 2306 nam
1063 2274 1211 2307 causa
1235 2268 1373 2322 pater
1392 2268 1479 2308 est.
1534 2261 1678 2310 Pater
1696 2262 1905 2311 familias
1929 2277 1959 2326 7

150 2350 316 2390 autem
332 2340 654 2402 dictus,quod
675 2339 906 2388 omnibus
927 2340 977 2387 in
993 2339 1175 2389 familia
1191 2356 1279 2390 sua
1294 2340 1466 2404 positis
1485 2343 1635 2391 servis
1653 2351 1906 2407 tamquam

151 2432 288 2486 pater
321 2421 431 2470 filiis
458 2420 610 2484 patria
635 2421 899 2469 dilectione
925 2422 1151 2481 consulit,
1181 2438 1531 2486 servorumque
1557 2424 1906 2474 condicionem

152 2522 180 2554 a
215 2506 428 2552 filiorum
470 2504 648 2551 affectu
692 2519 793 2551 non
832 2502 1078 2562 discernit,
1120 2504 1206 2552 sed
1244 2503 1383 2567 quasi
1426 2521 1582 2554 unum
1625 2506 1905 2557 membrum

211 2646 235 2671 2
258 2631 374 2684 Lat.]
399 2631 556 2670 Liberti
577 2629 623 2669 K
638 2633 741 2683 (non
761 2631 825 2682 A)
850 2645 858 2670 :
881 2631 1018 2670 Latini
1040 2631 1179 2670 liberti
1199 2632 1324 2673 Arev.
1410 2647 1434 2682 4
1455 2635 1569 2674 unde
1586 2633 1633 2673 K
1709 2648 1734 2685 5
1756 2642 1905 2686 potue-

156 2693 253 2727 rant
274 2685 320 2725 K
497 2688 524 2723 6
563 2685 690 2726 Rom.
714 2699 781 2735 po,
805 2686 856 2726 ci.
877 2686 918 2724 A
1105 2687 1130 2725 8
1160 2687 1408 2726 redicuntur
1428 2686 1474 2726 K
1633 2704 1659 2740 9
1694 2691 1846 2730 additis
1866 2690 1914 2731 K

162 2755 210 2781 10
239 2755 294 2781 ne
316 2741 382 2779 vel
403 2754 466 2780 ur.
491 2739 537 2778 K
662 2753 777 2779 roma
800 2740 877 2781 CT
891 2745 939 2780 ut
954 2740 1036 2781 vid.
1147 2741 1256 2780 intra
1275 2741 1366 2782 dett.
1506 2756 1550 2782 11
1575 2757 1844 2784 commanere
1866 2745 1913 2784 K

161 2809 208 2846 13
228 2795 354 2836 solvit
374 2794 421 2833 K
491 2794 603 2834 enirn
624 2808 704 2834 om.
731 2794 786 2833 Τ1
903 2809 950 2846 14
971 2796 1185 2835 enimvero
1206 2795 1253 2834 K
1267 2811 1275 2835 :
1307 2797 1420 2835 enim
1437 2795 1595 2839 BlCT:
1628 2799 1738 2838 enirn
1754 2800 1833 2839 viri
1849 2799 1907 2838 Β2

162 2862 209 2900 15
239 2857 285 2890 ut
305 2850 391 2889 sint
414 2849 449 2888 C
675 2849 933 2890 Proheredis
955 2849 1053 2889 ClK
1266 2851 1459 2904 heredis]
1479 2853 1594 2892 heris
1615 2853 1674 2891 Κ2
1695 2852 1773 2902 (Κῖι
1794 2867 1834 2895 n.
1854 2855 1905 2906 l.)

164 2918 210 2954 17
238 2906 378 2955 itaque
398 2904 639 2954 patresfam.
671 2904 736 2943 T:
766 2905 866 2944 inde
894 2912 1034 2945 autem
1064 2904 1284 2956 paterfam.
1309 2904 1355 2944 K
1372 2908 1474 2959 (non
1494 2908 1555 2958 A)
1675 2909 1723 2946 18
1753 2908 1907 2949 dicitur

161 2972 213 2998 eo
239 2959 291 2998 Τ1
457 2971 504 2997 21
537 2964 659 3009 parta
678 2964 842 3008 patrum
864 2958 986 2999 Lucr.
1155 2971 1206 3009 23
1236 2966 1438 3000 cremtum
1462 2959 1509 2998 K
1614 2974 1684 3001 un.
1709 2968 1751 3002 et
1771 2975 1840 3006 an.
1864 2970 1906 3003 et

168 3012 206 3052 T
309 3024 361 3063 25
390 3013 546 3064 aliquid
566 3027 648 3053 om.
681 3012 731 3051 T1
839 3014 892 3053 28
921 3013 1128 3053 consuluit
1155 3013 1193 3052 T
1296 3028 1349 3067 29
1378 3016 1435 3054 fil.
1459 3016 1625 3055 affectio
1647 3015 1694 3055 K
