2228 3444
378 180 1011 229 ETYMOLOGIARVM
1054 181 1182 228 LIB.
1227 181 1293 227 II.
1335 179 1474 238 xxvii,
1504 179 1646 228 xxviii

145 311 409 359 honestum
431 327 439 357 :
460 310 652 356 nullum
669 309 934 357 honestum
954 316 1094 371 turpe
1116 326 1125 356 :
1152 310 1343 356 nullum
1364 307 1507 371 igitur
1524 307 1706 356 iustum
1725 318 1882 372 turpe.

143 393 338 440 Tertius
375 391 554 440 modus
591 399 677 450 est,
714 389 799 453 qui
836 389 1072 438 conducit
1107 408 1165 439 ex
1202 389 1491 439 dedicativis
1531 389 1807 453 particulari
1841 399 1935 453 et5

142 472 402 525 universali
444 471 779 522 dedicativum
832 472 1123 534 particulare
1159 470 1400 530 directim,
1445 480 1532 519 ut:
1580 474 1592 496 ‘
1616 473 1887 533 Quoddam

141 552 323 602 iustum
373 556 637 603 honestum
662 574 670 603 ε
720 570 870 601 omne
919 554 1184 602 honestum
1235 552 1353 601 utile
1377 572 1386 601 ε
1442 553 1697 615 quoddam
1747 552 1890 616 igitur

94 654 117 696 5
141 633 323 684 iustum
357 635 506 685 utile.'
576 637 794 697 Quartus
825 636 1004 684 modus
1031 644 1118 694 est,
1148 636 1232 698 qui
1258 635 1495 683 conducit
1520 651 1578 683 ex
1611 633 1889 697 particulari
1909 639 1942 685 6

141 718 419 767 dedicativa
474 726 520 766 et
568 716 828 765 universali
881 716 1162 766 abdicativa
1213 716 1549 765 abdicativum
1598 715 1890 779 particulare

140 798 379 859 directim,
407 809 488 848 ut:
535 800 837 860 ‘Quoddam
865 797 1049 848 iustum
1076 800 1372 848 honestum:
1411 800 1602 846 nullum
1623 800 1888 847 honestum

140 891 280 945 turpe
304 901 312 929 :
351 883 606 944 quoddam
625 880 768 944 igitur
794 882 978 929 iustum
998 898 1100 929 non
1121 890 1195 930 est
1221 882 1391 945 turpe.'
1466 879 1682 941 Quintus
1709 881 1887 928 modus
1910 892 1938 941 7

140 973 226 1023 est,
256 963 338 1026 qui
365 962 601 1012 conducit
634 980 693 1012 ex
727 962 1085 1012 universalibus
1120 962 1410 1013 dedicativis
1438 962 1728 1025 particulare
1754 962 1889 1011 dedi-

69 1061 118 1090 10
140 1044 352 1093 cativum
378 1062 464 1107 per
490 1044 819 1104 reflexionem,
849 1054 930 1093 ut:
973 1049 983 1070 ‘
1005 1047 1171 1095 Omne
1192 1044 1375 1093 iustum
1404 1046 1670 1093 honestum
1693 1064 1701 1092 :
1739 1061 1888 1092 omne

139 1128 404 1176 honestum
443 1127 662 1176 bonum:
714 1129 970 1190 quoddam
1008 1127 1152 1190 igitur
1194 1128 1384 1176 bonum
1428 1126 1643 1176 iustum.'
1714 1128 1887 1174 Sextus
1913 1128 1942 1174 8

139 1211 317 1258 modus
355 1219 440 1270 est,
471 1209 555 1273 qui
589 1209 826 1259 conducit
860 1227 918 1259 ex
945 1209 1207 1258 universali
1233 1208 1513 1258 dedicativa
1546 1218 1593 1257 et
1627 1208 1888 1257 universali

136 1290 415 1340 abdicativa
439 1290 775 1340 abdicativum
803 1291 1077 1340 universale
1097 1308 1183 1354 per
1200 1293 1530 1349 reflexionem,
1562 1300 1615 1338 ut
1639 1311 1647 1339 z
1690 1295 1700 1316 ‘
1721 1292 1887 1339 Omne

137 1373 316 1422 iustum
335 1375 598 1422 honestum
625 1393 633 1422 :
661 1375 852 1421 nullum
879 1375 1145 1423 honestum
1172 1382 1338 1437 turpe:
1368 1374 1558 1421 nullum
1586 1371 1729 1435 igitur
1745 1381 1886 1435 turpe

66 1471 112 1512 15
137 1455 350 1504 iustum.'
422 1455 671 1520 Septimus
702 1458 881 1505 modus
919 1466 1005 1516 est,
1035 1458 1118 1519 qui
1156 1455 1392 1504 conducit
1430 1473 1487 1503 ex
1524 1452 1800 1518 particulari
1838 1463 1885 1502 et
1909 1461 1944 1507 9

137 1538 396 1587 universali
434 1537 715 1587 dedicativo
741 1538 1075 1587 dedicativum
1109 1537 1400 1601 particulare
1433 1554 1519 1599 per
1552 1537 1882 1595 reflexionem,

138 1631 191 1669 ut
214 1641 222 1670 :
253 1625 262 1646 ‘
282 1622 553 1683 Quoddam
575 1619 757 1669 iustum
778 1622 1044 1670 honestum
1066 1641 1074 1670 :
1102 1637 1251 1669 omne
1271 1621 1537 1668 honestum
1557 1617 1676 1667 utile
1695 1639 1703 1668 :
1731 1619 1887 1681 quod-

138 1705 254 1752 dam
281 1702 425 1766 igitur
450 1704 568 1751 utile
595 1702 808 1751 iustum.'
881 1704 1100 1752 Octavus
1125 1703 1304 1751 modus
1332 1711 1418 1761 est,
1447 1700 1532 1764 qui
1558 1699 1794 1749 conducit
1827 1718 1886 1748 ex
1909 1711 1968 1745 10

138 1784 493 1834 universalibus
519 1783 801 1833 abdicativa
836 1794 883 1832 et
914 1783 1193 1833 dedicativa
1226 1785 1517 1847 particulare
1550 1782 1884 1831 abdicativum

63 1886 114 1913 20
138 1884 223 1930 per
240 1866 570 1927 reflexionem,
591 1875 644 1914 ut
668 1887 677 1916 2
708 1869 719 1890 ‘
740 1867 947 1914 Nullum
969 1875 1111 1929 turpe
1129 1867 1396 1915 honestum
1416 1884 1425 1914 :
1454 1881 1603 1913 omne
1619 1866 1885 1912 honestum

137 1948 318 1998 iustum
340 1968 348 1997 z
386 1950 642 2012 quoddam
659 1947 802 2011 igitur
828 1958 968 2011 turpe
994 1965 1096 1997 non
1122 1958 1195 1998 est
1221 1947 1436 1996 iustum.'
1509 1949 1687 1995 Nonus
1709 1947 1886 1994 modus
1910 1957 1956 1990 11

137 2041 221 2091 est,
253 2030 337 2094 qui
373 2030 610 2079 conducit
646 2047 705 2079 ex
742 2029 1002 2078 universali
1039 2029 1318 2079 abdicativa
1355 2038 1402 2078 et
1440 2027 1716 2092 particulari
1753 2027 1887 2076 dedi-

138 2111 294 2161 cativa
325 2111 660 2161 abdicativum
699 2112 990 2174 particulare
1026 2129 1112 2174 per
1149 2110 1478 2169 reflexionem,
1521 2118 1606 2158 ut:
1646 2114 1656 2134 ‘
1680 2110 1885 2159 Nullum

138 2203 278 2257 turpe
303 2195 599 2243 honestum:
640 2195 895 2256 quoddam
916 2196 1183 2242 honestum
1211 2192 1422 2242 iustum:
1462 2193 1717 2255 quoddam
1744 2191 1887 2255 igitur

65 2293 112 2338 25
137 2275 320 2324 iustum
341 2292 442 2325 non
463 2286 536 2325 est
552 2279 723 2339 turpe.'
781 2278 821 2324 F
824 2277 1043 2324 ormulae
1063 2277 1312 2324 secundae
1334 2273 1470 2323 modi
1492 2283 1604 2322 sunt
1625 2282 1856 2336 quattuor
1877 2294 1885 2323 :
1909 2284 1963 2319 12

138 2357 329 2406 Primus
356 2359 535 2407 modus
561 2368 646 2417 est,
677 2359 761 2421 qui
787 2357 1024 2406 conducit
1057 2375 1116 2406 ex
1149 2356 1506 2406 universalibus
1536 2355 1814 2405 dedicativa
1840 2364 1888 2403 et

135 2435 414 2485 abdicativa
437 2436 772 2485 abdicativum
798 2436 1072 2485 universale
1098 2435 1338 2495 directim,
1359 2445 1411 2483 ut
1433 2454 1441 2482 :
1484 2439 1494 2459 ‘
1512 2435 1676 2483 Omne
1703 2434 1885 2480 iustum

137 2518 401 2566 honestum
423 2537 432 2567 ι
458 2520 649 2567 nullum
667 2528 808 2582 turpe
824 2520 1090 2567 honestum
1112 2538 1120 2566 :
1148 2519 1337 2565 nullum
1356 2515 1500 2579 igitur
1517 2524 1656 2579 turpe
1673 2514 1886 2562 iustum.'

195 2661 212 2686 1
237 2649 335 2688 null.
355 2649 452 2688 hon.
469 2655 548 2688 tur.
568 2662 650 2688 om.
671 2649 717 2687 K
797 2661 821 2697 3
845 2648 897 2698 (et
913 2650 954 2697 7)
973 2648 1179 2686 directum
1198 2646 1276 2685 CK
1356 2659 1380 2695 4
1402 2658 1470 2695 qu.
1488 2645 1542 2694 ig.
1562 2645 1638 2683 ius.
1661 2650 1719 2683 ut.
1741 2657 1821 2682 om.
1843 2643 1888 2680 K

137 2715 160 2751 5
190 2705 302 2753 quod
323 2704 442 2743 cond.
476 2704 514 2743 T
601 2705 628 2741 6
658 2703 752 2742 abd.
779 2704 874 2742 ded.
897 2701 1008 2741 codd.
1103 2702 1129 2739 8
1159 2702 1211 2750 ig.
1228 2707 1351 2750 turpe
1370 2701 1447 2739 ius.
1468 2713 1509 2738 n.
1526 2713 1562 2738 e.
1581 2705 1608 2738 t.
1634 2699 1671 2736 T
1758 2712 1783 2747 9
1812 2699 1882 2747 qui

139 2759 263 2796 ducet
283 2759 330 2797 K
347 2762 450 2807 (non
465 2758 525 2808 A)
638 2757 896 2797 diductivum
916 2769 994 2806 per
1008 2756 1054 2794 K
1165 2769 1214 2794 10
1244 2761 1289 2794 ut
1309 2768 1392 2793 om.
1414 2754 1460 2792 K
1566 2753 1618 2791 In
1637 2754 1728 2803 sene
1750 2757 1767 2798 ξ
1786 2766 1806 2801 7
1832 2753 1883 2790 de

138 2811 374 2851 abdicativo
413 2812 650 2852 universale
689 2826 743 2851 ex
781 2812 1013 2851 reflexione
1052 2817 1096 2849 ut
1139 2823 1267 2848 omne
1303 2809 1458 2847 iustum
1495 2808 1722 2846 honesturn
1758 2819 1883 2844 omne

138 2867 362 2905 honestum
374 2867 526 2906 bonum
544 2867 756 2918 quoddam
775 2867 903 2916 igitur
917 2866 1073 2904 bonum
1090 2865 1244 2903 iustum
1261 2864 1358 2903 add.
1374 2862 1452 2901 KL
1572 2876 1618 2900 12
1642 2868 1683 2900 et
1698 2862 1741 2898 in
1755 2874 1823 2898 un.
1841 2860 1886 2897 K

142 2934 190 2970 13
214 2922 347 2961 abdic.
366 2923 480 2961 univ.
495 2936 578 2962 om.
597 2922 643 2960 K
750 2934 831 2960 om.
857 2922 936 2960 ius.
956 2933 1082 2958 omne
1103 2920 1202 2958 hon.
1229 2918 1267 2957 T
1375 2931 1422 2966 14
1453 2918 1507 2967 ig.
1530 2917 1683 2955 iustum
1705 2922 1827 2964 turpe
1850 2913 1888 2952 T

141 2987 188 3023 15
218 2977 278 3022 etl
302 2977 355 3015 ad
375 2977 528 3016 AClK
692 2977 740 3014 16
770 2975 1053 3015 dedicativum
1075 2987 1158 3012 om.
1180 2974 1226 3012 K
1388 2986 1440 3011 20
1469 2973 1696 3010 honestum
1718 2969 1883 3020 (prius)

139 3042 221 3069 om.
239 3030 284 3068 K
363 3044 411 3069 21
438 3031 584 3070 Nonus
602 3031 730 3080 igitur
744 3043 823 3069 mo.
844 3029 889 3068 K
974 3042 1024 3067 22
1045 3034 1110 3067 est
1125 3041 1207 3066 om.
1226 3027 1268 3065 A
1363 3039 1415 3075 23
1436 3027 1530 3065 ded.
1549 3024 1659 3064 codd.
1744 3035 1794 3072 25
1816 3036 1881 3062 se-

139 3084 265 3122 cundi
287 3084 367 3124 CK
455 3087 507 3124 26
527 3091 592 3125 est
604 3098 686 3125 om.
703 3085 749 3123 K
829 3097 879 3133 27
903 3084 1109 3122 directum
1126 3081 1236 3122 codd.
1332 3083 1385 3120 28
1406 3081 1502 3119 null.
1525 3086 1604 3118 tur.
1625 3079 1722 3117 hon.
1739 3091 1821 3118 om.
1842 3077 1886 3115 K

196 3159 299 3198 1182
444 3194 445 3197 ,
666 3203 669 3212 k
1011 3175 1024 3207 1
