2176 3424
426 161 1054 210 ETYMOLOGIARVM
1094 161 1223 207 LIB.
1263 161 1403 206 XIV.
1444 158 1492 205 iii

93 296 307 343 Taurum
338 301 387 344 et
416 293 695 343 Caucasum
727 308 756 340 a
790 291 1108 354 Cappadocia
1141 306 1296 353 usque
1328 290 1392 338 ad
1427 287 1663 352 Caspium
1701 303 1834 337 mare

91 385 333 438 protensa,
372 375 560 423 habens
602 391 632 422 a
669 371 1003 436 septentrione
1041 370 1311 422 Ceraunios
1349 379 1557 430 montes,
1598 386 1655 417 ex
1694 368 1832 417 cuius

91 457 298 507 collibus
322 456 480 519 Tigris
507 457 681 504 fluvius
710 454 938 513 nascitur,
968 463 1015 503 et
1040 454 1090 502 in
1116 453 1254 502 cuius
1288 451 1541 501 montibus
1574 468 1686 499 arca
1722 459 1833 513 post

91 538 327 588 diluvium
354 524 562 588 'sedisse
621 537 916 600 perhibetur.
992 538 1187 599 Duplex
1241 543 1314 584 est
1366 543 1531 583 autem
1580 532 1829 591 Armenia,

42 636 63 676 5
90 616 306 679 superior
331 626 379 665 et
404 615 613 675 inferior,
634 617 759 664 sicut
782 616 911 664 duae
937 613 1236 663 Pannoniae.
1301 612 1508 661 Hiberia
1528 611 1660 675 regio
1685 610 1833 659 Asiae
1857 617 1924 675 36

90 707 174 758 est,
203 715 355 761 prope
382 701 597 747 Pontum
625 697 886 746 Armeniae
911 696 1090 745 iuncta.
1166 698 1225 744 In
1251 697 1343 743 hac
1377 694 1559 743 herbae
1593 693 1834 742 tincturae

89 780 231 829 utiles
256 789 535 829 nascuntur.
592 778 961 842 Cappadociam
988 779 1105 827 urbs
1129 777 1324 842 propria
1348 776 1634 825 nominavit.
1690 778 1833 825 Haec
1858 786 1919 835 37

88 863 137 910 in
174 861 333 926 capite
369 861 532 925 Syriae
569 861 660 909 sita
691 862 754 910 ab
792 860 979 910 oriente
1017 861 1303 909 Armeniam
1340 858 1510 922 tangit,
1548 859 1612 907 ab
1652 875 1831 906 occasu

87 943 256 993 Asiam
274 943 527 1002 minorem,
547 943 610 991 ab
627 942 860 1006 aquilone
878 960 1010 992 mare
1027 942 1381 992 Cimmericum
1403 950 1451 990 et
1467 939 1833 1002 Themiscyrios

2 1041 64 1073 [ιο
86 1043 302 1089 campos,
322 1042 445 1088 quos
470 1024 687 1073 habuere
705 1028 980 1074 Amazones
999 1044 1012 1086 3
1045 1042 1073 1073 a
1099 1023 1302 1074 meridie
1318 1040 1433 1072 vero
1449 1025 1670 1071 Taurum
1697 1038 1833 1069 mon-

86 1117 199 1168 tem,
228 1106 307 1155 cui
344 1106 565 1156 subiacet
591 1106 765 1157 Cilicia
798 1116 845 1155 et
880 1106 1068 1155 Isauria
1099 1123 1255 1169 usque
1292 1107 1356 1154 ad
1384 1103 1612 1155 Cilicium
1651 1102 1829 1162 sinum,

85 1189 168 1253 qui
210 1198 396 1252 spectat
439 1198 609 1237 contra
647 1189 856 1237 insulam
902 1190 1132 1252 Cyprum.
1207 1191 1359 1237 Terra
1407 1186 1510 1235 eius
1559 1195 1673 1234 ante
1710 1185 1829 1233 alias

83 1271 243 1319 nutrix
283 1288 538 1334 equorum.
615 1273 770 1334 Halys
809 1271 968 1318 amnis
1011 1287 1096 1333 per
1135 1287 1244 1319 eam
1286 1269 1404 1329 fluit,
1447 1267 1531 1331 qui
1574 1268 1827 1331 quondam

86 1352 268 1415 Lydiae
305 1369 451 1415 regna
487 1352 720 1401 disiunxit
750 1370 778 1400 a
804 1352 976 1401 Persis.
1051 1352 1170 1400 Asia
1200 1351 1360 1400 minor
1394 1351 1457 1399 ab
1492 1349 1680 1398 oriente
1707 1350 1830 1411 Cap·
1853 1344 1917 1403 38

0 1437 60 1515 ψ
82 1435 291 1499 padocia
315 1434 535 1498 cingitur,
564 1436 627 1483 ab
652 1435 757 1484 aliis
791 1435 1010 1498 partibus
1044 1436 1266 1497 undique
1299 1450 1432 1481 mare
1470 1431 1801 1480 circumdatur
1820 1449 1832 1490 3

83 1535 196 1566 nam
221 1534 250 1566 a
275 1516 609 1580 septentrione
634 1526 842 1579 pontum
870 1516 1119 1564 Euxinum
1145 1515 1308 1574 habet,
1327 1515 1391 1562 ab
1417 1530 1597 1563 occasu
1615 1516 1831 1576 Propon-

81 1599 246 1658 tidem,
279 1617 309 1647 a
345 1598 548 1648 meridie
585 1598 882 1662 Aegyptium
920 1614 1066 1646 mare.
1143 1597 1314 1645 Habet
1352 1594 1629 1659 provincias
1667 1594 1833 1656 Bithy-

80 1681 226 1741 niam,
256 1680 529 1745 Phrygiam,
552 1681 815 1741 Galatiam,
837 1678 1059 1742 Lydiam,
1080 1678 1291 1738 Cariam,
1313 1676 1672 1742 Pamphyliam,
1699 1677 1831 1723 Isau-

81 1763 218 1824 riam,
244 1762 443 1825 Lyciam
480 1772 627 1826 atque
667 1761 907 1812 Ciliciam.
982 1760 1145 1808 Prima
1185 1759 1331 1808 Asiae
1368 1758 1571 1808 minoris
1599 1757 1830 1820 Bithynia
1852 1772 1920 1819 39

0 1857 59 1889 κο
81 1844 130 1892 in
149 1843 294 1893 Ponti
319 1845 521 1893 exordio
545 1845 610 1892 ad
635 1853 823 1907 partem
844 1842 959 1891 solis
980 1842 1180 1891 orientis
1199 1843 1404 1891 adversa
1419 1839 1662 1889 Thraciae
1687 1838 1828 1899 iacet,

80 1927 244 1975 multis
269 1935 413 1975 antea
438 1926 724 1975 nominibus
749 1927 1007 1988 appellata.
1082 1926 1212 1972 Nam
1238 1924 1371 1987 prius
1406 1921 1647 1985 Bebrycia
1680 1920 1826 1981 dicta,

80 2008 260 2058 deinde
305 2007 590 2072 Mygdonia,
633 2025 745 2056 mox
782 2025 807 2056 a
848 2007 1063 2070 Bithyno
1099 2023 1211 2070 rege
1249 2004 1480 2068 Bithynia
1527 2012 1825 2066 nuncupata.

83 2092 196 2153 Ipsa
221 2100 294 2139 est
319 2099 366 2139 et
391 2089 546 2139 maior
567 2091 787 2153 Phrygia.
850 2088 1146 2138 Nicomedia
1172 2088 1287 2136 urbs
1314 2088 1363 2136 in
1389 2104 1447 2136 ea
1472 2095 1558 2146 est,
1578 2085 1663 2134 ubi
1690 2087 1828 2134 Han-

82 2171 215 2221 nibal
241 2171 429 2235 fugiens
454 2171 631 2221 veneni
661 2173 839 2220 haustu
873 2170 1089 2219 animam
1117 2169 1391 2233 exspiravit.
1466 2166 1662 2217 Galatia
1695 2166 1826 2215 dicta
1849 2183 1918 2229 40

0 2266 63 2309 ²25
83 2270 112 2302 a
147 2253 315 2316 priscis
342 2255 596 2303 Gallorum
633 2252 879 2317 gentibus,
903 2270 932 2300 a
961 2252 1141 2316 quibus
1179 2251 1334 2301 extitit
1368 2259 1622 2313 occupata.
1695 2251 1826 2298 Nam

86 2335 214 2384 Galli
238 2335 290 2383 in
314 2335 547 2384 auxilium
563 2353 592 2383 a
612 2352 723 2398 rege
739 2334 1000 2397 Bithyniae
1017 2332 1221 2393 evocati,
1240 2350 1444 2397 regnum
1464 2349 1579 2381 cum
1605 2347 1665 2380 eo
1690 2340 1828 2394 parta

83 2416 282 2471 victoria
306 2419 586 2476 diviserunt,
606 2416 774 2480 sicque
791 2415 973 2465 deinde
990 2414 1190 2465 Graecis
1206 2414 1410 2464 admixti
1430 2414 1643 2478 primum
1666 2413 1828 2462 Gallo-

83 2499 254 2562 graeci,
274 2517 407 2548 nunc
432 2517 491 2549 ex
514 2499 720 2563 antiquo
740 2500 996 2547 Gallorum
1023 2496 1225 2546 nomine
1248 2499 1452 2546 Galatae
1477 2495 1710 2545 dicuntur
1727 2513 1741 2556 3
1778 2503 1825 2543 et

42 2634 55 2677 ⁴
84 2597 253 2630 eorum
278 2582 411 2644 regio
437 2580 629 2630 Galatia
653 2588 979 2642 nuncupatur.
1050 2579 1260 2644 Phrygia
1284 2580 1416 2628 dicta
1441 2595 1469 2626 a
1496 2577 1704 2640 Phrygia
1731 2578 1824 2623 Eu·
1847 2595 1902 2642 41

46 2702 51 2718 ¹
140 2727 164 2754 2
194 2721 371 2754 extensa
387 2714 432 2752 K
550 2727 574 2752 e
594 2713 743 2764 quibus
765 2712 940 2751 collibus
962 2712 996 2750 C
1010 2725 1018 2750 ε
1050 2726 1073 2750 e
1094 2713 1244 2762 quibus
1264 2712 1351 2751 ΒΚ
1524 2726 1547 2761 4
1579 2715 1719 2749 autem
1741 2721 1823 2749 om.

89 2767 133 2806 K
264 2772 290 2809 6
318 2769 427 2808 hanc
450 2769 499 2808 Cl
639 2781 661 2817 7
693 2767 795 2806 urbe
811 2767 858 2805 K
987 2779 1035 2806 10
1063 2767 1247 2806 Taurum
1268 2781 1351 2806 om.
1376 2765 1421 2804 K
1438 2766 1542 2818 (non
1565 2765 1679 2804 Ovet.
1703 2764 1822 2814 extr.)

92 2834 136 2863 11
169 2824 333 2863 cilicum
354 2825 435 2864 sin.
452 2821 592 2862 B1CT
699 2835 747 2860 12
776 2828 1004 2872 expectant
1020 2821 1066 2859 K
1177 2835 1224 2872 13
1255 2821 1377 2873 Hal.]
1391 2822 1497 2860 alius
1514 2819 1559 2858 K
1670 2831 1715 2866 17
1737 2818 1824 2867 egi-

89 2883 202 2927 ptum
225 2878 280 2918 T:
309 2877 526 2928 aegiptiK
637 2890 685 2927 19
716 2877 856 2915 Prime
880 2875 918 2914 T
1021 2875 1109 2915 asia
1125 2875 1170 2913 K
1276 2889 1327 2914 22
1357 2890 1381 2916 a
1398 2875 1532 2926 Bith.]
1554 2873 1756 2913 ambitino
1773 2872 1824 2911 Cl

88 2943 140 2981 23
168 2940 231 2973 est
251 2934 344 2973 mai.
376 2932 413 2971 T
516 2938 581 2972 est
601 2945 686 2971 om.
707 2930 753 2969 K
872 2944 922 2980 24
952 2931 1061 2970 austi
1090 2931 1126 2968 T
1137 2931 1239 2982 (non
1263 2931 1374 2971 Ovet.
1399 2933 1520 2981 extr.)
1635 2928 1824 2966 extuavit

92 2985 199 3026 ovet.
225 2993 320 3028 extr.
432 2999 484 3038 25
513 3001 537 3026 a
557 2987 707 3036 quibus
727 2998 807 3024 om.
841 2984 877 3022 T
994 2989 1046 3024 26
1076 2998 1169 3024 cum
1191 2997 1271 3025 om.
1295 2984 1350 3023 ΒῙ
1463 2989 1582 3034 parta
1606 2984 1644 3033 (c
1666 2987 1822 3033 supert

88 3042 246 3092 smpta)
269 3041 314 3080 K
329 3054 338 3077 ι
371 3049 490 3092 parta
509 3054 606 3081 corr.
623 3045 795 3092 peracta
815 3039 855 3077 B
876 3039 979 3090 <non
1003 3040 1112 3080 Ovet.
1137 3041 1253 3091 extr.)
1440 3040 1492 3077 28
1523 3035 1656 3087 nunc]
1679 3049 1763 3075 uno
1793 3035 1829 3074 T

67 3105 138 3142 ¹29
168 3095 288 3148 Eun]
312 3095 431 3148 esopi
460 3093 498 3133 T
