2176 3424
1014 102 1291 149 ISIDORI

283 225 502 289 capiatur
521 244 550 275 a
569 227 779 276 frumine
800 245 811 288 3
837 238 910 277 est
935 229 1068 278 enim
1094 231 1287 280 frumen
1313 248 1507 280 summa
1531 249 1640 295 pars
1665 234 1821 296 gulae.
1875 237 2031 298 Pulpa

280 307 412 356 dicta
445 310 582 372 quod
612 326 725 357 cum
764 312 899 374 pulte
937 310 1055 359 olim
1093 312 1243 361 mixta
1279 313 1580 363 vescebatur.
1655 316 1802 364 Vnde
1845 325 1894 364 et
1929 318 2031 379 pul-

188 388 252 434 28
279 389 573 439 mentarium
617 400 666 440 et
713 394 1025 455 pulmentum
1076 393 1278 443 dictum.
1371 395 1650 445 Lucanicae
1689 396 1851 446 dictae
1893 400 2029 461 quod

277 470 409 533 prius
437 471 486 519 in
508 472 728 521 Lucania
754 475 910 523 factae
937 484 1063 524 sunt.
1123 476 1379 526 Farcimen
1400 495 1514 526 caro
1534 477 1732 527 concisa
1750 488 1797 527 et
1823 478 2026 540 minuta,

279 555 416 615 quod
454 571 511 602 ea
547 553 836 603 intestinum
876 556 1114 618 farciatur,
1145 560 1240 607 hoc
1278 569 1350 607 est
1388 558 1645 622 inpleatur,
1674 577 1788 608 cum
1824 560 2029 609 aliarum
2057 580 2078 618 5

184 644 252 690 29
279 651 439 683 rerum
466 636 814 686 conmixtione.
880 638 1095 687 Minutal
1121 649 1351 689 vocatum
1379 642 1515 704 quod
1541 642 1624 689 fiat
1650 642 1713 690 de
1738 640 1955 704 piscibus
1981 652 2030 692 et

280 715 427 765 isiciis
455 717 770 782 oleribusque
797 718 1078 769 minutatim
1104 721 1329 771 concisis.
1383 724 1676 786 Aphratum,
1697 725 1834 786 quod
1855 726 2029 773 Latine

278 816 540 861 spumeum
567 810 769 849 vocatur
786 820 798 861 3
825 804 973 865 ἀφρὸς
997 802 1130 851 enim
1153 805 1341 853 Graece
1367 821 1543 867 spuma
1563 804 1753 853 dicitur.
1807 802 2030 852 Martisia

185 888 252 936 30
277 879 326 928 in
354 881 585 930 mortario
611 899 669 930 ex
689 882 823 945 pisce
843 884 967 932 fiunt
992 903 1000 932 ε
1038 884 1155 933 inde
1186 894 1234 934 et
1265 885 1532 935 nominata.
1612 888 1805 935 Isocem
1840 884 2025 949 piscem

277 965 528 1025 quendam
550 963 755 1024 dictum,
782 983 840 1015 ex
865 983 965 1029 quo
991 966 1204 1030 primum
1230 967 1366 1017 isicia
1391 970 1519 1017 facta
1544 977 1658 1017 sunt
1676 987 1688 1029 3
1724 978 1772 1017 et
1805 966 2028 1031 quamvis
2059 984 2105 1013 10

277 1061 336 1093 ex
369 1044 466 1094 alio
499 1062 678 1109 genere
712 1046 923 1109 piscium
959 1049 1090 1108 fiant,
1127 1048 1321 1098 initium
1354 1059 1520 1098 tamen
1553 1049 1699 1114 piscis
1729 1049 2027 1098 vocabulum

197 1144 250 1189 31
276 1126 428 1175 dedit.
482 1127 735 1177 Galaticae
759 1146 788 1176 a
813 1131 979 1178 colore
1004 1132 1165 1179 lacteo
1192 1130 1476 1180 nominatae
1494 1150 1507 1192 3
1543 1132 1720 1180 Graeci
1746 1130 1879 1180 enim
1903 1132 2030 1196 γάλα

276 1209 350 1255 lac
377 1207 563 1257 dicunt.
615 1210 855 1272 Sphaeras
877 1228 905 1258 a
925 1212 1229 1261 rotunditate
1249 1214 1443 1262 Graeco
1469 1213 1712 1262 vocabulo
1737 1213 2029 1276 appellatas3

278 1289 522 1354 quidquid
550 1291 681 1340 enim
709 1291 759 1340 in
785 1295 1055 1342 rotundum
1081 1297 1331 1356 formatur,
1355 1299 1538 1359 σφαῖρα
1561 1313 1590 1344 a
1615 1294 1816 1345 Graecis
1836 1293 2027 1343 dicitur.

189 1381 253 1427 32
280 1373 364 1419 Ius
395 1373 640 1435 coquinae
671 1373 887 1437 magistri
924 1391 952 1423 a
978 1374 1079 1424 iure
1111 1386 1533 1440 nuncupaverunt,
1567 1376 1682 1440 quia
1713 1374 1817 1442 [ea]
1847 1385 1918 1424 est
1951 1377 2028 1424 lex
2058 1395 2104 1435 15

189 1470 255 1516 33
279 1454 586 1502 condimenti
613 1455 730 1503 eius.
787 1458 936 1505 Hanc
963 1457 1139 1506 Graeci
1165 1475 1354 1507 zemam
1380 1468 1575 1508 vocant.
1626 1459 1840 1508 Caseum
1867 1456 2029 1506 vocari

279 1537 416 1598 quod
442 1547 603 1586 careat
637 1553 812 1598 serum,
845 1539 985 1601 quasi
1011 1557 1238 1589 careum:
1276 1559 1391 1590 nam
1426 1557 1587 1590 serum
1623 1540 1666 1590 ei
1705 1557 1854 1589 omne
1879 1541 2030 1589 dedu-

280 1617 404 1667 citur
440 1628 493 1667 ut
530 1619 834 1683 ponderibus
871 1633 1112 1684 arguatur.
1187 1623 1471 1674 Colostrum
1515 1626 1590 1672 lac
1625 1641 1809 1672 novum
1829 1642 1841 1684 3
1895 1624 2030 1686 quod

189 1715 254 1762 34
278 1700 436 1750 neutri
470 1701 660 1764 generis
698 1711 786 1751 est.
861 1705 962 1751 Lac
989 1722 1017 1752 a
1042 1707 1234 1754 Graeco
1273 1723 1500 1755 sermone
1537 1705 1810 1755 derivatum
1841 1714 1913 1754 est
1942 1722 2030 1768 pro

278 1786 494 1834 candore
513 1802 525 1845 3
577 1784 753 1833 Graeci
797 1785 927 1833 enim
979 1787 1146 1836 album
1196 1790 1363 1837 λευκὸν
1411 1788 1596 1837 dicunt.
1672 1790 1772 1836 Lac
1820 1804 1935 1837 vero
1982 1796 2030 1836 et
2055 1808 2105 1835 20

278 1866 487 1930 sanguis,
534 1868 670 1929 quod
714 1867 863 1916 nutrit
904 1878 951 1916 et
991 1871 1128 1932 quod
1171 1870 1405 1929 nutritur3
1458 1887 1572 1919 nam
1612 1872 1737 1919 lacte
1776 1869 2029 1930 nutrimur,

195 1968 257 2016 35
277 1950 486 1999 vivimus
507 1948 757 2012 sanguine.
813 1951 1079 2011 Quactum,
1103 1952 1243 2015 quasi
1264 1962 1507 2014 coactum,
1528 1952 1667 2016 quasi
1687 1954 1999 2015 coagulatum
2018 1970 2030 2011 3

188 2047 255 2104 35
277 2041 481 2096 accepta
506 2030 639 2080 enim
666 2048 835 2080 secum
861 2033 956 2082 alia
987 2035 1151 2096 specie
1177 2036 1416 2098 coagulat.
1491 2036 1596 2083 Mel
1623 2036 1843 2084 Graecae
1867 2035 2030 2098 appel-

279 2113 476 2163 lationis
501 2122 589 2173 est,
617 2115 753 2176 quod
778 2115 842 2163 ab
867 2115 1043 2177 apibus
1070 2133 1254 2165 nomen
1280 2116 1462 2166 habere
1487 2117 1750 2180 probatur3
1783 2131 1898 2165 nam
1922 2115 2028 2179 apis

279 2198 469 2246 Graece
510 2196 722 2260 μέλισσα
761 2195 951 2246 dicitur.
1025 2201 1189 2246 Antea
1229 2207 1394 2247 autem
1438 2200 1584 2247 mella
1625 2200 1688 2247 de
1727 2215 1835 2247 rore
1876 2207 2028 2257 erant,
2055 2216 2105 2256 ²5

338 2339 355 2365 1
389 2326 514 2377 gylae
535 2321 607 2365 K:
636 2326 746 2375 guile
767 2326 855 2366 BT
1006 2340 1031 2364 2
1062 2328 1173 2377 quod
1198 2326 1295 2367 CT:
1326 2327 1422 2378 quia
1442 2326 1488 2365 K
1507 2327 1567 2377 (Β
1585 2328 1741 2379 incert.)
1937 2341 2030 2367 cum

280 2382 410 2433 pulpa
430 2379 477 2418 K
656 2394 681 2430 3
714 2380 930 2422 Lucaniae
953 2381 988 2421 C
1003 2400 1012 2422 z
1047 2382 1283 2422 Lunacicae
1304 2386 1352 2422 ut
1369 2381 1449 2422 vid.
1474 2381 1532 2419 Β1
1714 2395 1739 2434 4
1770 2381 1812 2420 in
1833 2381 1973 2422 lucina
1999 2382 2037 2420 T

281 2449 305 2486 5
336 2437 415 2475 hoc
438 2441 502 2475 est
523 2434 626 2484 inpl.
650 2448 733 2475 om.
755 2432 802 2473 K
977 2439 1003 2475 6
1033 2443 1075 2476 et
1096 2437 1281 2477 insicciis
1303 2437 1399 2489 (-ci-
1419 2450 1468 2476 ex
1484 2435 1606 2486 corr.)
1637 2435 1697 2475 T:
1727 2442 1770 2476 et
1791 2437 1940 2476 deficis
1959 2435 2007 2474 K
2014 2450 2030 2476 .:

282 2492 434 2531 esociis
457 2489 506 2529 C¹
690 2504 710 2540 7
741 2490 936 2531 Afratum
955 2491 1067 2533 codd.
1240 2492 1265 2530 8
1294 2491 1388 2543 ἀφ.]
1409 2492 1498 2531 afro
1519 2491 1631 2531 codd.
1810 2506 1836 2541 9
1865 2493 1976 2532 unde
1999 2490 2034 2531 C

282 2546 467 2586 Ysucem
487 2545 573 2584 ΒΚ
752 2559 801 2585 10
830 2546 983 2585 dictum
1004 2544 1083 2586 BC
1098 2561 1107 2586 :
1136 2545 1281 2586 dicunt
1301 2545 1347 2584 K
1352 2546 1389 2586 T
1532 2559 1594 2597 pr.
1618 2545 1752 2596 ysicia
1770 2546 1904 2596 ysicia
1920 2547 1972 2587 fa.
1988 2545 2035 2584 K

286 2614 334 2651 13
365 2602 556 2651 Spheras
574 2601 639 2639 B:
672 2601 832 2651 Speras
855 2599 954 2639 CK:
986 2601 1132 2641 Sferas
1165 2600 1202 2639 T
1427 2615 1473 2650 14
1504 2602 1683 2640 rotundo
1704 2599 1750 2638 K
1937 2600 2032 2652 σφ.]

281 2669 411 2707 spera
435 2655 535 2697 CK:
562 2657 674 2695 sfera
693 2655 734 2694 Β
753 2669 760 2694 :
790 2655 915 2695 isfera
944 2656 982 2695 T
1175 2668 1223 2705 15
1254 2669 1304 2695 ea
1323 2661 1388 2695 est
1408 2655 1478 2694 lex
1499 2655 1601 2695 BC:
1631 2661 1696 2695 est
1715 2656 1786 2694 lex
1806 2654 1879 2694 K:
1907 2662 1972 2695 est
1998 2654 2037 2694 T

286 2710 702 2806 ¹⁶7TPJ”?d}ass¹1ss¹1¹1{mB
719 2764 787 2806 B:
836 2710 1154 2806 0233?AE
1185 2709 1415 2805 ἓὲἷῖἒῖἰῖυὲ
1443 2711 1550 2802 ΧΨ
1589 2710 1661 2804 “38
1690 2764 1822 2816 quod]
1860 2723 2031 2814 {²:53⁸}

286 2832 335 2870 19
367 2821 450 2860 Lac
466 2851 476 2862 .
499 2851 509 2861 .
533 2851 541 2860 .
564 2821 712 2860 dicunt
731 2833 813 2859 om.
836 2818 883 2857 K
899 2821 1003 2874 (non
1021 2818 1082 2869 N)
1330 2820 1414 2859 Lac
1434 2820 1508 2860 Gr.
1539 2818 1577 2859 T
1827 2819 1926 2870 pro]
1946 2833 1970 2858 a
1989 2819 2036 2858 N

283 2888 336 2914 20
365 2875 474 2928 λευ.]
497 2875 647 2919 leucon
667 2872 745 2914 BC
759 2889 768 2913 ε
799 2875 975 2925 gleucon
995 2875 1042 2914 N
1046 2874 1084 2914 T
1084 2873 1127 2914 U
1293 2875 1447 2914 dicitur
1464 2875 1505 2913 B
1700 2887 1752 2912 22
1779 2874 1971 2913 vivemus
1991 2875 2030 2913 Β

284 2936 416 2970 coact.
453 2936 496 2970 et
528 2943 598 2980 qu.
637 2927 718 2968 BC
746 2929 850 2980 (non
881 2928 940 2982 E)
1109 2929 1354 2979 coagulatur
1381 2926 1428 2968 K
1446 2930 1546 2982 (non
1575 2928 1632 2978 E)
1828 2939 1880 2978 25
1910 2929 2028 2981 μελ.]

286 2985 444 3023 melese
468 2984 545 3024 CK
552 2983 611 3024 T:
643 2984 814 3023 mellese
834 2983 892 3021 Β1
