2176 3424
1055 273 1269 319 LIBER
1306 274 1429 320 XVI

654 400 760 451 DE
801 400 1225 453 LAPIDIBVS
1268 402 1368 453 ET
1411 401 1834 455 METALLIS.

324 520 339 557 Ι
504 516 585 562 DE
623 529 942 563 PVLVERIBVS
979 530 1043 562 ET
1076 530 1256 563 GLEBIS
1287 530 1510 564 TERRAE.
1586 516 1751 565 Pulvis
1785 516 1947 566 dictus
1978 519 2113 580 quod

362 595 408 641 vi
434 594 567 643 venti
594 598 814 659 pellatur.
889 595 1101 645 Tollitur
1125 595 1257 646 enim
1283 598 1387 646 eius
1413 598 1530 646 flatu
1552 614 1643 646 nec
1669 597 1845 647 resistit
1869 615 1962 648 nec
1988 609 2113 648 stare

363 676 513 736 novit,
537 677 662 726 sicut
681 677 747 726 ait
771 679 1014 741 propheta
1031 678 1232 742 (Psalm.
1259 696 1296 738 1,
1317 679 1368 743 4)
1393 700 1402 728 z
1440 683 1451 704 ‘
1470 682 1748 742 Tamquam
1769 680 1941 743 pulvis,
1963 697 2112 744 quern

307 770 337 804 2
361 758 536 822 proicit
573 769 747 809 ventus
783 778 812 808 a
844 760 967 810 facie
1004 763 1188 810 terrae.’
1260 761 1430 809 Limus
1469 771 1670 810 vocatus
1707 763 1843 824 quod
1879 763 2002 811 lenis
2037 764 2110 811 sit.

364 841 589 890 Caenum
618 851 691 890 est
717 859 897 905 vorago
923 844 1024 891 luti.
1082 841 1221 892 Cinis
1238 859 1297 891 ex
1316 842 1548 892 incendio
1565 843 1744 892 dicitur
1765 862 1778 904 3
1811 844 1875 892 ab
1900 860 1961 894 eo
1980 846 2113 893 enim
2137 857 2158 896 5

364 922 433 972 fit.
508 922 706 984 FaviIIa,
746 926 883 987 quod
919 941 1006 988 per
1043 925 1207 988 ignem
1240 924 1415 974 effecta
1451 924 1511 973 sit
1529 943 1542 986 3
1591 942 1705 974 nam
1741 931 1838 987 φῶς
1870 925 1994 990 ignis
2025 936 2111 975 est.

309 1015 339 1061 3
364 1005 538 1064 Gleba‚
567 1007 703 1069 quod
731 1007 791 1054 sit
815 1007 992 1069 globus
1015 1024 1028 1067 3
1062 1008 1274 1070 pulveris
1312 1006 1445 1055 enim
1479 1007 1772 1057 collectione
1801 1008 2116 1072 compingitur

363 1096 410 1136 et
430 1085 480 1134 in
500 1103 602 1136 uno
621 1090 838 1151 glomere
857 1090 1116 1138 adunatur.
1169 1091 1321 1139 Terra
1338 1098 1503 1138 autem
1522 1088 1667 1154 ligata
1684 1090 1829 1153 gleba
1849 1098 1934 1150 est,
1955 1092 2115 1139 soluta

305 1187 337 1234 4
362 1168 534 1232 pulvis.
610 1170 814 1230 Labina,
854 1187 914 1220 eo
951 1172 1088 1234 quod
1123 1170 1493 1220 ambulantibus
1530 1173 1722 1235 lapsum
1759 1173 1945 1232 inferat,
1983 1171 2114 1221 dicta

363 1267 449 1313 per
485 1250 843 1301 derivationem
879 1270 907 1301 a
944 1253 1070 1302 labe.
1145 1256 1328 1302 Lutum
1363 1262 1595 1301 vocatum
1632 1253 1835 1317 quidam
1874 1271 1960 1318 per
1994 1253 2115 1303 anti—
2142 1271 2176 1298 1<

362 1333 562 1396 phrasin
602 1344 792 1397 putant,
840 1337 976 1398 quod
1026 1352 1126 1385 non
1169 1337 1230 1384 sit
1278 1337 1557 1396 mundum3
1613 1352 1727 1384 narn
1767 1353 1917 1385 omne
1957 1338 2114 1385 lotum

311 1431 342 1480 5
365 1417 610 1464 mundum
648 1426 733 1465 est.
807 1418 1080 1466 Volutabra
1115 1419 1361 1482 appellata
1399 1419 1535 1481 quod
1576 1417 1644 1466 ibi
1680 1420 1782 1482 apri
1819 1420 2113 1467 volutentur.

364 1497 511 1561 Vligo
537 1500 706 1548 sordes
741 1498 843 1547 limi
869 1502 945 1549 vel
979 1517 1137 1564 aquae
1162 1510 1291 1551 sunt.
1362 1501 1601 1550 Sabulum
1635 1499 1936 1549 levissimum
1962 1510 2116 1550 terrae

307 1585 342 1632 6
365 1597 535 1644 genus.
607 1581 792 1645 Argilla
817 1582 880 1631 ab
906 1583 1049 1646 Argis
1076 1593 1261 1643 vocata,
1290 1585 1423 1646 apud
1450 1599 1575 1646 quos
1601 1582 1814 1646 primurn
1840 1600 1899 1632 ex
1919 1600 1977 1632 ea
2000 1600 2116 1632 vasa

366 1664 594 1711 confecta
627 1673 756 1712 sunt.
830 1665 978 1714 Creta
1013 1666 1076 1714 ab
1115 1665 1274 1713 insula
1307 1666 1468 1724 Creta,
1497 1665 1582 1713 ubi
1609 1666 1782 1714 melior
1807 1674 1892 1714 est.
1967 1664 2117 1715 Creta
2142 1682 2176 1721 15

365 1744 580 1795 Cimolia
619 1747 834 1794 candida
876 1757 963 1806 est,
1008 1765 1037 1795 a
1078 1747 1253 1798 Cimea
1294 1747 1465 1797 Italiae
1501 1746 1661 1796 insula
1696 1749 1858 1808 dicta3
1908 1764 2115 1810 quarum

363 1827 515 1876 altera
545 1826 953 1876 vestimentorum
986 1828 1227 1892 pretiosos
1259 1831 1447 1877 colores
1482 1829 1683 1888 emollit,
1724 1839 1771 1877 et
1804 1828 2116 1878 contristatos

365 1910 599 1971 sulphure
624 1910 843 1972 quodam
869 1909 1027 1959 nitore
1060 1910 1307 1969 exhilarat,
1336 1912 1486 1958 altera
1516 1910 1723 1973 gemmis
1749 1910 1958 1959 nitorem
1984 1927 2116 1973 prae—

365 1998 473 2037 stat.
519 1990 667 2040 Creta
683 1990 967 2054 argentaria,
980 2001 1027 2040 et
1047 1991 1151 2054 ipsa
1171 1990 1398 2051 candida,
1411 1993 1657 2054 appellata
1677 2008 1737 2039 eo
1754 1993 1890 2054 quod
1906 1991 2115 2040 nitorem

316 2085 344 2134 7
366 2082 568 2134 argento
594 2073 782 2122 reddat.
855 2075 1008 2122 Terra
1033 2072 1198 2123 Samia
1222 2091 1251 2121 a
1275 2075 1424 2122 Samo
1450 2074 1608 2121 insula
1632 2073 1778 2134 dicta,
1805 2072 2051 2137 glutinosa
2069 2082 2116 2122 et
2143 2090 2176 2117 2<

367 2152 581 2202 candida
614 2164 662 2202 et
692 2155 888 2218 linguae
920 2157 1057 2214 lenis,
1087 2154 1463 2205 medicamentis
1502 2171 1550 2203 et
1587 2154 1796 2203 vasculis
1825 2156 2113 2204 necessaria.

314 2237 344 2283 8
368 2234 532 2283 Pulvis
551 2237 851 2284 Puteolanus
868 2235 918 2284 in
936 2236 1220 2286 Puteolanis
1240 2236 1411 2286 Italiae
1420 2236 1661 2300 colligitur
1677 2236 1901 2295 collibus,
1914 2236 2118 2300 opponi-

367 2326 542 2380 turque
557 2318 621 2366 ad
638 2317 927 2367 sustinenda
944 2317 1095 2366 maria
1114 2319 1390 2381 fluctusque
1406 2319 1717 2381 frangendos.
1776 2321 1908 2368 Nam
1929 2335 2116 2367 mersus

367 2400 507 2462 aquis
524 2398 745 2462 protinus
763 2398 885 2462 lapis
904 2401 970 2459 fit,
992 2401 1238 2463 undisque
1254 2399 1458 2449 cottidie
1477 2401 1645 2449 fortior
1661 2402 1862 2450 effectus
1878 2401 1930 2449 in
1945 2418 2114 2450 saxum

312 2495 347 2542 9
371 2490 587 2529 mutatur
606 2499 619 2542 3
657 2480 782 2530 sicut
807 2481 973 2545 argilla
999 2483 1111 2545 igne
1136 2481 1186 2530 in
1211 2482 1426 2545 lapidem
1452 2481 1665 2531 vertitur.
1738 2485 1952 2546 Sulphur
1975 2500 2114 2532 voca·
2141 2499 2176 2538 25

427 2621 443 2646 1
477 2607 608 2659 quod]
630 2608 727 2658 quia
748 2606 789 2644 Β
888 2622 912 2646 2
942 2609 1080 2647 ventis
1101 2609 1142 2647 B
1242 2622 1267 2658 3
1299 2609 1517 2657 pulverem
1539 2609 1719 2658 proiecit
1742 2610 1776 2648 C
1869 2622 1893 2659 5
1925 2610 1971 2649 fit
1990 2624 2058 2649 en.
2083 2610 2118 2649 C

365 2665 391 2701 6
421 2662 551 2714 quod]
582 2662 680 2712 quia
708 2663 749 2700 Β
878 2676 899 2711 7
931 2662 1202 2714 compingitur
1229 2661 1338 2702 BT:
1369 2663 1558 2712 pingitur
1579 2663 1629 2702 Cl
1653 2679 1662 2703 :
1692 2664 1979 2703 constiturN:
2008 2678 2108 2704 con-

366 2718 543 2757 struitur
564 2716 610 2755 K
703 2731 729 2766 9
759 2717 948 2756 Lavvina
975 2717 1013 2756 T
1108 2731 1156 2757 Io
1184 2732 1208 2756 a
1229 2718 1322 2756 lave
1349 2716 1410 2756 T:
1439 2731 1463 2757 a
1483 2718 1578 2757 luae
1600 2718 1646 2756 K
1736 2731 1781 2758 11
1817 2733 1942 2759 omne
1963 2733 2044 2759 om.
2066 2719 2114 2757 K

365 2773 497 2811 lutum
525 2772 562 2810 T
682 2784 730 2810 12
759 2772 870 2824 apri]
891 2773 982 2823 pari
1002 2772 1070 2811 B:
1100 2773 1218 2823 porci
1239 2771 1330 2810 KN
1457 2785 1504 2822 13
1534 2773 1705 2825 sordes]
1726 2775 1854 2813 sedes
1877 2774 1996 2825 (-dis)
2020 2773 2112 2812 KN

363 2827 453 2879 vel]
476 2840 546 2866 um
565 2825 654 2865 KN
819 2839 867 2876 14
897 2827 1019 2879 quos]
1040 2840 1121 2878 quo
1142 2827 1198 2864 Β1
1376 2839 1423 2876 15
1454 2828 1672 2868 confectae
1693 2833 1741 2867 ut
1757 2828 1839 2869 vid.
1868 2828 1919 2866 Tl
2029 2829 2106 2869 ins.

365 2889 483 2922 crete
511 2881 548 2920 T
673 2883 722 2920 16
750 2881 886 2920 insule
909 2882 946 2920 T
1072 2894 1119 2932 17
1149 2882 1378 2921 confricato
1398 2881 1465 2922 K:
1497 2883 1680 2922 contrito
1704 2882 1739 2921 C
1866 2884 1915 2922 18
1941 2882 2050 2922 alter
2068 2883 2110 2921 Β

365 2950 418 2975 20
446 2937 548 2986 glut.
572 2942 614 2975 et
636 2936 756 2975 caud.
779 2949 861 2976 om.
882 2936 969 2974 KP
987 2938 1088 2986 (non
1108 2935 1168 2978 Nl
1382 2950 1430 2974 21
1463 2938 1579 2977 cand.
1599 2937 1700 2986 ling.
1720 2936 1761 2975 Β
1896 2937 2037 2987 lingua
2059 2938 2109 2976 C1

366 3004 417 3029 22
447 2991 623 3031 collibus
644 3004 724 3032 om.
753 2990 790 3029 T
914 3003 966 3041 25
995 2992 1135 3041 ignem
1159 2990 1288 3041 lapite
1308 2990 1354 3028 K
