2176 3424
516 122 1147 171 ETYMOLOGIARVM
1188 122 1318 168 LIB.
1363 123 1451 168 IX.
1492 119 1553 167 vii

151 250 345 300 ducitur
371 267 517 300 uxor:
554 251 712 315 prima
736 261 809 301 est
834 268 981 300 causa
1009 251 1172 314 prolis,
1202 252 1265 300 de
1295 266 1393 313 qua
1425 248 1599 313 legitur
1634 249 1683 296 in
1712 247 1898 298 Genesi

151 331 353 397 (1,28):
410 335 504 381 ‘Et
554 332 804 383 benedixit
852 335 968 393 eos,'
1016 332 1216 382 dicens:
1276 330 1529 383 ‘Crescite
1571 339 1620 379 et
1670 329 1898 394 multipli-

149 413 358 463 camini'
381 433 390 464 ε
429 417 647 464 secunda
672 432 819 464 causa
842 414 1086 474 adiutorii,
1116 415 1179 463 de
1213 431 1311 477 qua
1339 412 1407 462 ibi
1433 412 1484 460 in
1510 413 1695 462 Genesi
1720 411 1899 462 dicitur

150 484 358 562 <2‚18):'
394 499 539 547 ‘Non
576 507 649 547 est
683 497 872 547 bonum
907 513 1014 546 esse
1049 495 1305 546 hominem
1341 497 1502 545 solum
1521 513 1534 555 3
1578 493 1816 543 faciamus
1853 493 1897 543 ei

103 592 124 632 5
146 578 444 628 adiutorium
494 579 708 629 simile':
759 580 900 628 tertia
948 596 1096 628 causa
1145 577 1548 636 incontinentiae,
1601 577 1735 626 unde
1777 575 1898 626 dicit

146 661 430 724 Apostolus,
459 670 511 709 ut
536 660 584 726 (Ι
607 662 719 712 Cor.
743 676 783 723 7,
804 660 885 726 9):
923 663 936 686 ‘
958 660 1059 723 Qui
1085 677 1136 710 se
1171 678 1275 711 non
1308 659 1549 720 continet,
1577 658 1763 707 nubat.'
1836 660 1896 708 In
1922 662 1986 710 28

145 741 374 807 eligendo
399 742 573 792 marito
598 752 828 807 quattuor
847 742 1055 807 spectari
1082 744 1242 793 solent
1262 763 1271 793 :
1310 742 1474 802 virtus,
1502 757 1670 805 genus,
1689 741 1899 805 pulchri-

147 825 281 885 tudo,
333 823 586 889 sapientia.
660 828 734 874 Ex
781 824 856 874 his
906 824 1146 890 sapientia
1193 824 1443 889 potentior
1491 832 1564 873 est
1604 824 1669 872 ad
1716 822 1897 872 amoris

145 906 392 956 affectum.
462 907 632 956 Refert
665 909 788 956 haec
821 917 1052 971 quattuor
1077 906 1322 972 Vergilius
1348 907 1411 957 de
1445 908 1631 965 Aenea,
1661 906 1796 969 quod
1821 905 1897 954 his

73 1003 122 1031 10
148 987 282 1038 Dido
306 989 499 1052 inpulsa
524 998 597 1038 est
622 988 672 1037 in
697 1006 918 1040 amorem
945 990 1048 1039 eius
1078 989 1229 1055 (Aen.
1258 1007 1302 1051 4,
1342 1007 1360 1038 1
1377 988 1525 1054 1—14)
1547 1008 1555 1038 :

280 1070 650 1121 Pulchritudine
672 1092 682 1122 z

699 1156 863 1216 Quam
901 1172 1007 1203 sese
1044 1171 1128 1203 ore
1165 1155 1354 1203 ferens!

278 1233 500 1284 Virtute:

614 1320 780 1379 Quam
819 1319 929 1367 forti
967 1326 1167 1381 pectore
1204 1326 1251 1366 et
1287 1316 1463 1366 armis!

73 1413 119 1453 15
278 1396 544 1448 Oratione:

795 1482 913 1529 Heu
952 1481 1132 1544 quibus
1170 1481 1249 1528 ille

400 1559 605 1611 iactatus
642 1561 766 1622 fatis,
805 1578 933 1625 quae
970 1562 1100 1611 bella
1136 1562 1372 1611 exhausta
1410 1561 1650 1610 canebat!

277 1642 499 1691 Genere:

267 1724 430 1773 Credo
467 1724 715 1787 equidem,
755 1742 847 1774 nec
884 1742 1011 1774 vana
1049 1726 1184 1786 fides,
1225 1742 1379 1789 genus
1418 1741 1524 1774 esse
1562 1726 1784 1774 deorum.

70 1825 119 1853 20
144 1807 271 1854 Item
310 1805 360 1853 in
403 1805 629 1870 eligenda
671 1824 820 1856 uxore
859 1816 1091 1870 quattuor
1134 1825 1209 1857 res
1251 1807 1495 1871 inpellunt
1534 1808 1787 1857 hominem
1829 1807 1892 1856 ad
1917 1819 1986 1867 29

140 1902 388 1936 amorem:
423 1887 752 1951 pulchritudo,
781 1905 950 1951 genus,
978 1888 1190 1950 divitiae,
1221 1905 1396 1938 mores.
1452 1888 1634 1937 Melius
1660 1898 1827 1938 tamen
1853 1887 1893 1936 si

139 1965 190 2014 in
227 1984 284 2015 ea
317 1984 478 2017 mores
515 1986 664 2032 quarn
699 1969 1019 2033 pulchritudo
1049 1980 1325 2033 quaeratur.
1399 1973 1547 2020 Nunc
1577 1980 1743 2020 autem
1781 1970 1892 2019 illae

140 2059 451 2111 quaeruntur,
492 2068 614 2114 quas
650 2061 735 2100 aut
773 2050 974 2101 divitiae
1021 2062 1105 2101 aut
1153 2054 1324 2112 forma,
1365 2069 1465 2102 non
1503 2069 1624 2116 quas
1672 2051 1891 2116 probitas

140 2147 333 2179 morum
371 2134 706 2182 commendat.
785 2135 904 2183 [deo
940 2143 1106 2183 autem
1144 2134 1357 2184 feminae
1394 2135 1486 2183 sub
1522 2133 1611 2183 viri
1646 2142 1892 2198 potestate
1916 2140 1983 2187 30

69 2231 116 2273 25
141 2212 430 2274 consistunt,
459 2214 575 2277 quia
600 2214 796 2264 levitate
830 2217 983 2264 animi
1014 2218 1305 2280 plerumque
1342 2216 1668 2280 decipiuntur.
1742 2217 1891 2265 Vnde

140 2303 187 2342 et
211 2310 425 2357 aequum
451 2306 553 2345 erat
579 2313 660 2345 eas
686 2296 773 2345 viri
797 2297 1087 2346 auctoritate
1106 2298 1317 2361 reprimi.
1391 2297 1605 2347 Proinde
1630 2306 1678 2347 et
1703 2307 1889 2347 veteres

140 2377 400 2425 voluerunt
434 2378 642 2427 feminas
684 2380 929 2443 innuptas,
967 2379 1192 2442 quamvis
1225 2381 1471 2444 perfectae
1504 2379 1676 2429 aetatis
1711 2390 1888 2439 essent,

139 2468 339 2522 propter
363 2458 520 2522 ipsam
546 2460 698 2509 animi
723 2461 971 2510 levitatem
999 2461 1048 2509 in
1075 2463 1227 2511 tutela
1251 2460 1533 2512 consistere.

197 2601 214 2626 1
247 2589 399 2628 dicitur
422 2588 561 2629 ClKT
774 2603 799 2639 3
829 2603 913 2630 sec.
940 2596 1005 2629 est
1025 2603 1112 2630 cau.
1139 2589 1186 2628 K
1202 2591 1303 2643 (non
1323 2591 1387 2642 D)
1567 2591 1721 2630 dicitur
1741 2604 1821 2630 om.
1846 2590 1892 2629 K

142 2641 244 2693 (non
263 2643 326 2695 D)
493 2658 517 2692 4
538 2644 613 2684 fac.
641 2674 649 2684 .
673 2673 683 2684 .
706 2674 715 2683 .
740 2645 831 2684 sim.
857 2659 940 2684 om.
963 2644 1010 2683 K
1171 2657 1196 2696 5
1230 2646 1468 2685 adiutorem
1489 2645 1533 2684 D
1643 2646 1734 2685 sim.
1759 2645 1823 2684 sui
1845 2645 1888 2682 Β

139 2710 265 2736 causa
283 2711 367 2736 om.
391 2697 438 2736 K
455 2698 555 2749 (non
575 2699 638 2752 D)
748 2700 1053 2739 incontinentia
1076 2700 1111 2739 C
1284 2703 1311 2739 6
1339 2699 1444 2752 Ap.]
1468 2700 1616 2750 paulus
1636 2699 1683 2738 K
1700 2702 1798 2751 (non
1819 2700 1883 2751 D)

140 2764 162 2800 7
185 2754 400 2803 expectari
416 2752 526 2792 codd.
642 2755 668 2792 8
688 2766 743 2792 ex
755 2754 819 2794 his
832 2785 841 2794 .
859 2786 869 2795 .
891 2786 899 2795 .
917 2754 1031 2794 Pulc.
1049 2768 1129 2794 om.
1147 2754 1191 2792 D
1304 2761 1370 2794 est
1386 2762 1473 2805 pot.
1490 2754 1537 2793 K
1641 2768 1668 2805 9
1688 2755 1882 2793 effectum

146 2804 184 2843 T
361 2808 436 2847 ref.
461 2813 599 2846 autem
622 2809 662 2848 h.
689 2807 736 2846 K
899 2824 947 2849 12
983 2823 1107 2860 quem
1129 2809 1218 2848 dett.
1244 2810 1347 2860 (non
1367 2810 1429 2862 D)
1569 2823 1608 2850 ο.
1631 2809 1821 2849 referens
1842 2808 1889 2848 K

143 2871 191 2910 14
219 2875 302 2911 qua
322 2875 370 2901 se
390 2862 496 2901 forte
517 2862 559 2900 Β
690 2864 738 2901 16
771 2877 824 2903 eu
845 2864 997 2904 BDT:
1027 2878 1050 2903 e
1073 2863 1174 2903 C1K
1280 2877 1326 2913 17
1361 2865 1497 2904 iactus
1522 2863 1574 2902 Τι
1685 2863 1808 2902 factis
1833 2864 1884 2903 (31

143 2915 192 2953 18
220 2929 317 2966 gen.
341 2922 386 2956 ut
407 2930 490 2956 cre.
513 2917 558 2955 D
671 2930 720 2966 19
748 2931 830 2958 una
854 2918 903 2958 Cl
1033 2932 1086 2959 20
1115 2931 1246 2958 uxore
1266 2931 1351 2959 om.
1367 2918 1415 2958 K
1519 2932 1571 2957 22
1602 2918 1822 2968 quaeritur
1841 2917 1889 2958 K

138 2966 243 3018 (non
257 2970 319 3024 D)
396 2977 535 3011 autem
553 2985 637 3011 om.
655 2971 751 3011 ΚΜ
763 2973 865 3023 (non
880 2973 941 3026 D)
1026 2987 1078 3024 23
1099 2979 1332 3024 querentur
1347 2973 1394 3013 K
1404 2974 1510 3026 <non
1525 2973 1591 3024 Μ)
1612 2988 1621 3013 :
1640 2986 1722 3023 que
1740 2973 1882 3012 feruu-

139 3029 207 3063 tur
233 3023 272 3063 T
428 3039 478 3077 24
509 3029 763 3067 conmendet
786 3027 822 3066 C
995 3033 1013 3078 5
1036 3041 1089 3078 30
1116 3042 1199 3069 om.
1223 3028 1275 3068 M
1436 3041 1488 3080 25
1518 3027 1663 3079 animi]
1687 3027 1798 3068 enim
1827 3027 1881 3068 T1

137 3091 188 3128 27
219 3078 365 3119 volunt
392 3079 428 3119 T
