2228 3444
1127 186 1400 234 ISIDORI

259 326 360 364 XVI
526 314 609 359 DE
631 327 1018 362 INVENTORIBVS
1046 329 1174 362 Elvs.
1235 317 1438 378 Moyses
1457 315 1576 365 dicit
1596 326 1896 380 repertorem
1918 321 2138 370 musicae

384 393 499 441 artis
525 394 677 442 fuisse
701 394 880 454 Tubal,
901 394 985 458 qui
1005 395 1095 444 fuit
1111 397 1174 445 de
1191 396 1340 461 stirpe
1362 396 1490 447 Cain
1506 407 1620 448 ante
1641 399 1894 449 diluvium.
1960 402 2137 451 Graeci

385 492 499 523 vero
549 477 878 539 Pythagoram
928 476 1100 526 dicunt
1143 477 1290 527 huius
1328 479 1442 528 artis
1483 481 1728 530 invenisse
1768 483 2036 545 primordia
2079 502 2136 533 ex

385 559 675 607 malleorum
697 557 861 606 sonitu
883 567 930 606 et
947 561 1207 608 cordarum
1225 561 1514 612 extensione
1534 580 1778 627 percussa.
1834 565 1931 613 Alii
1954 565 2135 615 Linum

386 639 680 688 Thebaeum
702 650 750 688 et
768 643 943 688 Zetum
965 651 1013 689 et
1032 644 1288 705 Amphion
1306 643 1357 691 in
1378 646 1565 693 musica
1581 655 1683 694 arte
1703 646 1887 709 primos
1905 647 2137 697 claruisse
2161 671 2182 710 5

331 732 361 766 2
386 722 560 770 ferunt.
631 724 750 770 Post
787 738 911 785 quos
952 725 1189 785 paulatim
1225 724 1410 774 directa
1440 736 1514 775 est
1542 727 1806 790 praecipue
1839 730 1961 778 haec
1995 729 2136 778 disci-

383 803 518 866 plina
537 813 584 852 et
604 813 748 852 aucta
774 804 938 852 multis
960 805 1135 865 modis,
1160 816 1360 870 eratque
1386 817 1487 856 tam
1513 818 1654 872 turpe
1676 811 1925 859 Musicam
1945 811 2135 861 nescire

383 902 531 948 quam
558 885 758 935 litteras.
834 888 1251 950 Interponebatur
1276 899 1442 939 autem
1471 907 1571 940 non
1596 894 1750 941 modo
1777 892 1940 953 sacris,
1970 895 2058 942 sed
2086 903 2133 942 et

380 968 612 1017 omnibus
640 970 979 1029 sollemnibus,
1013 971 1348 1035 omnibusque
1382 973 1520 1022 laetis
1547 976 1623 1022 vel
1649 975 1942 1025 tristioribus
1968 975 2128 1026 rebus.

326 1061 356 1106 3
379 1052 446 1098 Vt
472 1050 605 1098 enim
632 1052 682 1098 in
709 1053 1026 1101 veneratione
1053 1053 1221 1102 divina
1247 1055 1432 1118 hymni,
1456 1055 1523 1104 ita
1543 1055 1592 1104 in
1619 1057 1802 1119 nuptiis
1832 1060 2130 1122 Hymenaei,
2162 1082 2209 1109 10

380 1142 428 1181 et
465 1132 515 1180 in
553 1133 806 1182 funeribus
845 1135 1019 1194 threni,
1060 1144 1108 1184 et
1142 1138 1359 1186 lamenta
1391 1139 1456 1186 ad
1493 1138 1639 1187 tibias
1678 1140 1996 1188 canebantur.
2073 1144 2132 1190 In

380 1213 616 1263 conviviis
642 1232 758 1263 vero
783 1217 883 1279 lyra
909 1218 985 1264 vel
1011 1215 1196 1265 cithara
1222 1218 1670 1281 circumferebatur,
1699 1230 1746 1270 et
1771 1222 2132 1272 accubantibus

379 1294 582 1358 singulis
608 1296 929 1346 ordinabatur
955 1298 1227 1348 conviviale
1252 1318 1408 1363 genus
1434 1301 1755 1351 canticorum.

229 1387 353 1426 XVII
515 1380 656 1439 QVID
696 1394 868 1428 Possm?
907 1382 1129 1429 MVSICA.
1217 1384 1411 1446 Itaque>
1434 1383 1540 1433 sine
1583 1385 1778 1434 Musica
1818 1389 1952 1435 nulla
1990 1387 2133 1436 disci-

376 1459 510 1522 plina
526 1470 690 1523 potest
710 1478 817 1510 esse
834 1463 1066 1524 perfecta,
1083 1463 1205 1510 nihil
1226 1466 1358 1512 enim
1377 1467 1482 1514 sine
1498 1466 1592 1515 illa.
1650 1469 1780 1515 Nam
1801 1478 1849 1516 et
1868 1468 1973 1532 ipse
1994 1487 2132 1518 mun-
2158 1489 2202 1528 15

377 1543 470 1590 dus
487 1545 703 1605 quadam
721 1543 979 1592 harmonia
999 1545 1233 1594 sonorum
1254 1547 1403 1595 fertur
1419 1564 1528 1597 esse
1548 1549 1850 1612 conpositus,
1871 1560 1919 1599 et
1938 1554 2129 1600 caelum

377 1623 525 1686 ipsud
556 1627 647 1674 sub
679 1627 967 1675 harmoniae
1002 1628 1346 1678 modulatione
1377 1630 1574 1679 revolvi.
1651 1633 1847 1680 Musica
1876 1643 2041 1682 movet
2066 1636 2131 1683 af-

322 1721 352 1755 2
377 1709 549 1766 fectus,
579 1718 813 1771 provocat
839 1707 890 1756 in
916 1708 1165 1758 diversum
1186 1710 1410 1759 habitum
1433 1729 1619 1762 sensus.
1697 1716 1758 1761 In
1782 1715 1978 1776 proeliis
2007 1733 2128 1779 quo-

377 1806 474 1851 que
492 1790 641 1839 tubae
660 1799 933 1838 concentus
954 1801 1230 1853 pugnantes
1249 1794 1491 1854 accendit,
1515 1804 1563 1843 et
1583 1804 1771 1858 quanto
1793 1798 2130 1846 vehementior

375 1872 519 1920 fuerit
544 1874 755 1935 clangor,
787 1882 923 1921 tanto
950 1874 1003 1920 fit
1028 1875 1091 1921 ad
1112 1883 1363 1922 certamen
1388 1875 1583 1924 animus
1610 1877 1793 1925 fortior.
1871 1878 2126 1941 Siquidem
2155 1899 2207 1925 20

378 1963 426 2002 et
446 1953 654 2016 remiges
675 1963 848 2002 cantus
866 1956 1100 2014 hortatur,
1123 1957 1185 2004 ad
1208 1957 1491 2005 tolerandos
1508 1975 1709 2020 quoque
1726 1960 1919 2008 labores
1942 1960 2129 2010 musica

378 2034 599 2083 animum
628 2037 825 2096 mulcet,
854 2045 902 2085 et
928 2036 1231 2100 singulorum
1258 2055 1463 2101 operum
1490 2039 1825 2102 fatigationem
1855 2042 2128 2091 modulatio

324 2129 354 2175 3
378 2116 512 2166 vocis
540 2119 737 2166 solatur.
814 2118 1014 2167 Excitos
1046 2135 1248 2182 quoque
1280 2120 1473 2170 animos
1509 2122 1697 2171 musica
1731 2125 1883 2183 sedat,
1914 2124 2038 2172 sicut
2065 2126 2127 2174 de

379 2199 542 2247 David
568 2199 755 2262 legitur,
785 2202 867 2263 qui
889 2201 953 2249 ab
974 2200 1144 2264 spiritu
1166 2204 1410 2251 inmundo
1432 2205 1629 2252 Saulem
1650 2214 1752 2254 arte
1773 2206 2124 2255 modulationis

375 2280 564 2343 eripuit.
644 2283 784 2345 Ipsas
816 2299 1017 2345 quoque
1055 2283 1254 2344 bestias,
1283 2301 1482 2333 necnon
1518 2296 1567 2334 et
1597 2296 1863 2349 serpentes,
1901 2290 2123 2337 volucres
2152 2307 2198 2347 25

374 2372 523 2426 atque
549 2365 811 2427 delphinas
827 2366 892 2414 ad
911 2365 1136 2414 auditum
1160 2383 1277 2415 suae
1295 2368 1648 2417 modulationis
1671 2368 1859 2418 musica
1874 2379 2121 2434 provocat.

375 2446 473 2493 Sed
511 2454 558 2494 et
596 2445 841 2509 quidquid
884 2448 1145 2510 loquimur,
1186 2450 1262 2496 vel
1296 2448 1590 2498 intrinsecus
1627 2467 1862 2499 venarum
1900 2451 2123 2514 pulsibus

434 2585 450 2611 1
500 2575 606 2613 dixit
645 2576 691 2613 K
852 2590 878 2626 3
921 2591 1023 2616 vero
1063 2592 1143 2616 om.
1193 2578 1230 2616 T
1403 2593 1427 2628 4
1477 2587 1753 2620 extensarum
1791 2595 2043 2631 percussura
2080 2581 2127 2619 K

373 2644 399 2680 9
429 2629 648 2669 solemniis
679 2632 873 2671 omnibus
902 2633 930 2672 l.
962 2633 1030 2672 K:
1070 2633 1427 2684 sollemnibusque
1459 2635 1483 2674 l.
1525 2635 1562 2673 T
1724 2648 1773 2675 10
1802 2637 1935 2688 enim]
1964 2650 2064 2675 vero
2092 2636 2129 2674 T

379 2697 423 2722 11
458 2684 606 2723 threna
627 2685 673 2723 K
797 2687 892 2725 lam.
918 2701 942 2725 a
962 2688 1077 2726 tibiis
1098 2702 1200 2726 vero
1222 2689 1280 2738 ly.
1308 2691 1417 2739 (can.
1441 2689 1484 2727 in
1505 2703 1597 2729 con.
1623 2691 1727 2743 om.)
1750 2691 1820 2730 K:
1850 2691 1946 2730 lam.
1970 2692 2024 2730 ad
2046 2692 2119 2729 tibi

373 2739 483 2777 vivis
502 2752 605 2778 vero
627 2740 651 2778 l.
674 2740 715 2777 A
848 2754 896 2790 13
929 2743 1231 2781 ordinabantur
1249 2743 1319 2782 K:
1350 2745 1580 2783 ornabatur
1598 2745 1640 2782 A
1759 2759 1807 2795 14
1838 2746 1950 2785 nulla
1972 2759 2053 2785 om.
2078 2745 2126 2783 K

374 2794 476 2845 (non
493 2794 556 2844 A)
674 2797 722 2833 16
751 2809 952 2835 sonorum
973 2810 1056 2835 om.
1077 2797 1123 2835 K
1140 2797 1243 2848 (non
1259 2797 1322 2848 Α)
1441 2812 1488 2848 17
1520 2800 1657 2849 ipsum
1677 2801 1959 2851 compositum
1979 2801 2057 2839 sub
2078 2800 2126 2838 K

375 2849 478 2899 (non
499 2848 561 2898 A)
674 2851 864 2889 armonia
891 2850 929 2888 T
1054 2865 1101 2901 17
1133 2853 1307 2891 effectus
1326 2853 1369 2890 Β
1498 2867 1546 2903 19
1575 2861 1809 2894 concentus
1830 2856 1900 2894 dat
1920 2860 2120 2905 quantum

371 2905 468 2942 veh.
492 2903 539 2940 K
556 2903 660 2953 (non
681 2905 745 2950 A>
888 2919 942 2944 20
970 2912 1128 2945 tantum
1151 2907 1197 2944 K
1215 2908 1318 2958 (non
1338 2907 1400 2955 A)
1515 2909 1701 2960 animus]
1722 2910 1844 2949 miles
1865 2909 1912 2947 K
1929 2911 2032 2961 (non
2053 2909 2116 2962 A)

370 2958 447 3007 siq.
474 2958 648 3009 rimiges
669 2959 822 2999 milites
841 2974 903 2999 ca.
929 2961 1153 3000 hortantur
1172 2961 1220 2999 K
1379 2976 1427 3001 21
1462 2976 1653 3014 quosque
1674 2963 1721 3001 K
1880 2977 1933 3002 22
1962 2963 2120 3003 mulcet

371 3012 497 3052 ΑΒΕ
502 3012 540 3051 Τ
549 3027 557 3053 :
587 3013 696 3052 tollit
715 3013 762 3052 K
886 3016 1174 3055 modolatione
1195 3016 1242 3054 K
1402 3031 1454 3067 23
1483 3019 1659 3058 solvitur
1680 3017 1732 3057 Cl
1842 3018 2058 3058 Excitatos
2077 3018 2120 3056 B

371 3080 421 3115 24
455 3069 556 3116 quia
575 3068 628 3106 ab
649 3067 684 3106 C
804 3071 857 3107 26
884 3071 938 3109 ad
959 3071 1216 3110 audiendum
1244 3070 1282 3109 T
1386 3074 1544 3113 musica
1565 3086 1648 3112 om.
1673 3073 1720 3111 K
1826 3086 1877 3123 27
1909 3080 1951 3113 et
1972 3087 2054 3113 om.
2082 3073 2120 3112 T

373 3123 562 3161 cursibus
585 3123 631 3160 K
