2228 3444
1114 136 1387 186 ISIDORI

375 262 576 308 ‘Vnde'
603 259 681 308 hic
706 258 863 323 gravis
890 268 978 308 est.
1051 259 1221 309 Minus
1248 260 1379 310 enim
1407 271 1549 311 sonat
1583 279 1732 326 quam
1765 272 1939 313 acutus
1966 274 2013 315 et
2039 265 2125 314 cir-

315 354 346 399 4
371 342 655 390 cumflexus
732 341 1082 404 Monosyllaba
1124 350 1290 390 autem
1331 359 1441 405 pars
1484 344 1718 393 orationis
1761 345 1800 393 si
1842 347 2124 396 naturaliter

372 423 530 472 brevis
556 431 643 483 est,
671 432 724 471 ut
761 421 886 482 ‘vir,'
913 431 996 470 aut
1029 421 1275 486 positione
1299 426 1458 488 longa,
1486 434 1539 474 ut
1569 424 1704 485 ‘ars,'
1731 436 1930 476 acutum
1955 445 2126 478 accen-

371 514 477 553 tum
503 503 721 553 habebit.
796 503 846 552 Si
871 520 987 552 vero
1012 504 1297 555 naturaliter
1320 507 1481 569 longa,
1504 516 1558 556 ut
1586 510 1718 568 ‘res,’
1739 508 2122 558 circumflexum.

374 586 630 649 Disyllaba
662 602 772 649 pars
799 585 1033 634 orationis
1060 585 1099 633 si
1124 586 1335 649 priorem
1362 588 1645 638 naturaliter
1678 591 1875 653 longam
1902 591 2052 640 habet
2078 599 2125 640 et
2149 607 2170 646 5

372 667 598 716 ultimam
640 667 858 725 brevem,
901 667 1314 729 circumflectitur,
1359 678 1412 718 ut
1458 674 1468 694 ‘
1486 672 1634 718 Musa
1651 672 1661 692 '
1680 689 1694 730 3
1742 671 1880 720 aliter
1920 672 2123 720 acuitur.

372 749 648 813 Trisyllaba
677 765 787 812 pars
821 748 1056 798 orationis
1090 748 1129 797 si
1166 749 1382 799 mediam
1417 751 1618 800 brevem
1655 753 1817 812 habet,
1860 762 1914 800 ut
1950 753 2126 813 ‘tibia‚'

373 842 491 880 tunc
517 830 724 894 primam
751 830 989 880 acuimus.
1051 830 1101 880 Si
1126 849 1242 880 vero
1266 832 1548 881 naturaliter
1566 835 1763 897 longam
1789 835 1938 883 habet
1957 852 2127 883 secun-

374 914 490 962 dam
525 921 572 961 et
606 911 829 961 ultimam
864 913 1079 972 brevem,
1122 922 1175 961 ut
1204 918 1214 938 ‘
1234 915 1499 974 Metellus‚'
1523 924 1642 963 tunc
1677 915 1892 964 mediam
1923 916 2125 965 circum-

319 1003 349 1051 5
374 994 631 1044 flectimus.
704 995 1045 1056 Tetrasyllaba
1076 1004 1242 1044 autem
1271 993 1401 1061 [pars
1427 994 1683 1062 orationis]
1709 1007 1757 1045 et
1789 999 2125 1060 pentasyllaba
2155 1016 2202 1043 ιο

370 1076 559 1124 ratione
598 1075 956 1140 trisyllabarum
1006 1075 1287 1125 retinentur.
1375 1077 1546 1126 Gravis
1588 1088 1820 1127 accentus
1863 1095 1976 1127 cum
2024 1097 2124 1128 uno

371 1167 580 1207 accentu
615 1157 733 1220 poni
766 1166 930 1220 potest
957 1157 1006 1204 in
1032 1156 1252 1206 dictione
1287 1175 1400 1219 una,
1429 1176 1542 1207 cum
1577 1159 1795 1223 utrisque
1820 1177 2093 1223 numquam
2114 1180 2125 1221 3

372 1249 426 1288 ut
470 1237 513 1306 [‘
532 1241 756 1289 Catullus
773 1237 828 1305 '].
915 1241 977 1287 In
1020 1239 1281 1302 conposita
1323 1239 1541 1290 dictione
1591 1258 1718 1289 unus
1759 1252 1993 1291 accentus
2036 1253 2121 1291 est.

314 1319 348 1366 6
372 1324 623 1370 Accentus
648 1329 814 1369 autem
834 1319 1010 1383 reperti
1036 1329 1150 1369 sunt
1169 1322 1246 1368 vel
1271 1330 1470 1384 propter
1494 1321 1876 1382 distinctionem,
1895 1333 1948 1371 ut
1970 1323 2121 1388 (Virg.

373 1405 498 1451 Aen.
523 1405 566 1462 8,
589 1401 703 1467 83):
760 1400 1046 1464 ‘Viridique
1088 1401 1138 1448 in
1187 1400 1327 1450 litore
1375 1403 1676 1466 conspicitur
1724 1406 1835 1464 sus,'
1877 1421 1940 1453 ne
1988 1406 2123 1453 dicas
2152 1421 2201 1461 15

376 1488 543 1532 ‘ursus
562 1485 571 1505 '
590 1502 603 1544 ;
638 1485 715 1532 vel
740 1491 940 1547 propter
964 1482 1433 1544 pronuntiationem,
1461 1501 1524 1533 ne
1550 1484 1685 1533 dicas
1710 1489 1868 1534 ‘meta
1887 1489 1896 1508 '
1916 1486 2126 1535 breviter

373 1575 421 1615 et
464 1583 565 1615 non
602 1567 843 1629 producta
881 1566 993 1628 <Α>
1035 1562 1218 1613 ‘meta'
1238 1583 1250 1625 3
1287 1567 1363 1614 vel
1397 1566 1753 1616 discernendae
1794 1567 2126 1629 ambiguitatis

374 1665 534 1707 causa,
563 1657 617 1696 ut
646 1649 818 1711 ‘ergo.'
886 1650 1015 1697 Nam
1042 1663 1157 1695 curn
1177 1649 1464 1710 producitur
1493 1652 1503 1673 ‘
1518 1650 1615 1712 go,'
1635 1665 1832 1698 causam
1854 1649 2094 1714 significat
2113 1667 2125 1710 3

374 1747 489 1779 cum
515 1729 785 1792 corripitur,
814 1727 1234 1778 coniunctionem.

242 1824 351 1863 XIX
511 1814 594 1860 DE
617 1825 821 1860 F1GVR1s
840 1825 1175 1860 ACCENTVVM.
1251 1811 1456 1875 Figurae
1479 1820 1775 1860 accentuum
1796 1814 1969 1862 decern
1995 1823 2123 1874 sunt,
2153 1832 2200 1859 20

374 1910 501 1957 quae
530 1911 559 1943 a
587 1892 916 1957 grammaticis
950 1909 1038 1957 pro
1064 1893 1325 1942 verborum
1356 1893 1758 1943 distinctionibus
1790 1897 2123 1958 adponuntur.

372 1976 545 2037 Ὀξεῖα,
566 1976 617 2025 id
643 1986 716 2025 est
741 1984 914 2024 acutus
940 1984 1188 2034 accentus,
1211 1975 1341 2024 linea
1363 1992 1393 2024 a
1419 1975 1611 2024 sinistra
1636 1985 1773 2039 parte
1798 1978 1850 2024 in
1874 1978 2124 2026 dexteram

320 2076 351 2110 2
375 2068 564 2123 partem
581 2075 774 2106 sursum
792 2059 954 2117 ducta,
984 2059 1037 2105 fit
1054 2058 1120 2105 ita
1132 2057 1162 2104 ε’
1187 2061 1370 2121 Βαρεῖα,
1391 2057 1442 2106 id
1459 2066 1532 2106 est
1547 2057 1718 2121 gravis,
1741 2057 1870 2107 linea
1884 2075 1914 2106 a
1929 2075 2125 2106 summo

321 2155 351 2200 3
375 2140 599 2189 sinistrae
625 2141 675 2187 in
701 2141 953 2188 dexteram
980 2139 1218 2201 deposita,
1248 2139 1302 2186 fit
1327 2138 1394 2186 ita
1414 2137 1445 2186 ιχ
1488 2141 1843 2203 Περισπωμένη,
1871 2140 1921 2188 id
1946 2148 2017 2188 est
2042 2139 2127 2188 cii·—

318 2238 351 2283 4
375 2224 660 2282 cumfiexus,
684 2220 812 2270 linea
829 2222 893 2270 de
912 2229 1059 2269 acuto
1079 2229 1127 2269 et
1145 2220 1277 2283 gravi
1297 2222 1442 2281 facta,
1459 2219 1742 2283 exprimitur
1761 2220 1826 2269 ita
1849 2220 1888 2268 :⁴
1918 2223 2121 2285 Μακρός,
2152 2238 2201 2279 25

322 2316 353 2365 5
376 2304 427 2352 id
453 2313 524 2352 est
549 2306 709 2366 longa,
731 2302 915 2366 virgula
941 2301 1106 2351 iacens
1132 2311 1206 2350 est
1230 2301 1296 2350 ita
1316 2322 1383 2352 :—
1419 2304 1616 2367 Βραχύς,
1641 2303 1691 2351 id
1717 2310 1789 2350 est
1814 2301 1986 2362 brevis,
2015 2319 2124 2364 pars

318 2389 353 2436 6
378 2395 451 2434 est
484 2384 651 2433 circuli
678 2383 888 2444 inferior,
918 2385 1082 2432 iacens
1107 2382 1174 2432 ita
1194 2402 1203 2432 :
1221 2407 1259 2430 υ
1318 2380 1476 2445 ’Υφέη
1503 2382 1554 2431 id
1588 2391 1659 2432 est
1684 2382 1982 2442 coniunctio,
2011 2383 2124 2447 quia

436 2529 453 2555 1
487 2516 620 2568 enim]
653 2520 793 2554 autem
815 2514 860 2552 K
1034 2527 1059 2562 4
1089 2512 1277 2565 habebit]
1308 2513 1437 2553 habet
1457 2512 1503 2550 K
1676 2525 1702 2562 9
1731 2517 1776 2551 ut
1805 2510 1996 2551 metellus
2025 2518 2124 2552 tunc

378 2586 403 2609 α
433 2570 693 2622 (=BC:A1
716 2583 756 2609 n.
777 2570 822 2609 l.:
864 2575 908 2608 ut
939 2568 1157 2607 Romanus
1186 2574 1286 2607 tunc
1305 2567 1383 2618 A2)
1400 2571 1429 2612 β
1451 2566 1603 2619 (=K1)
1627 2581 1636 2606 :
1664 2573 1710 2605 ut
1739 2566 1943 2615 cethegus
1964 2573 2010 2606 ut
2038 2581 2124 2606 me-

378 2626 504 2665 tellus
529 2631 627 2664 tunc
653 2624 691 2662 T
885 2623 1023 2662 media
1049 2623 1387 2662 circumflectitur
1415 2622 1461 2660 K
1487 2623 1590 2674 (non
1627 2621 1690 2673 A)
1949 2634 1998 2661 10
2027 2635 2124 2672 pars

378 2680 582 2720 orationis
607 2679 698 2719 hab.
723 2681 751 2723 β
775 2677 974 2730 (=KL2:
1012 2678 1068 2715 Ll
1099 2683 1287 2717 om.tetr.
1313 2707 1321 2716 .
1344 2707 1353 2716 .
1378 2707 1388 2717 .
1411 2676 1692 2728 retinentur):
1733 2689 1815 2715 om.
1850 2690 1876 2713 a
1907 2675 2121 2728 (=ABC)

376 2751 404 2787 γ
428 2736 491 2788 (=
507 2733 568 2786 T)
715 2746 761 2772 11
794 2733 1004 2772 retinetur
1023 2731 1070 2769 K
1218 2743 1266 2770 12
1294 2732 1513 2783 utriusque
1536 2730 1573 2770 C
1717 2743 1766 2780 13
1795 2736 1840 2770 ut
1859 2744 1884 2768 α
1908 2730 2072 2783 (=BC)
2093 2734 2123 2774 β

376 2788 512 2840 <=K)
533 2803 542 2827 :
572 2793 617 2827 ut
637 2788 798 2826 catulus
813 2787 918 2839 γ<--
936 2785 1050 2828 TU22
1081 2785 1260 2826 catullus
1283 2785 1326 2824 U
1328 2785 1362 2838 1)
1550 2787 1599 2824 16
1626 2785 1695 2824 vel
1714 2784 2059 2836 pronuntiatione
2079 2785 2126 2823 K

378 2858 427 2883 21
461 2843 717 2883 dictionibus
744 2842 792 2881 K
989 2854 1042 2879 22
1075 2841 1117 2880 id
1148 2840 1234 2893 est]
1275 2841 1387 2879 idem
1420 2839 1467 2878 K
1669 2853 1722 2890 23
1750 2844 1912 2890 partem
1944 2852 2027 2878 om.
2064 2839 2124 2878 K¹

376 2912 401 2937 a
428 2912 490 2938 su.
523 2899 720 2937 sinistrae
748 2897 791 2935 in
818 2897 1036 2935 dexteram
1059 2895 1130 2935 B:
1164 2909 1188 2934 a
1208 2908 1272 2936 su.
1294 2896 1495 2934 dexterae
1524 2894 1568 2933 in
1597 2894 1811 2934 sinistram
1841 2908 1866 2933 α
1895 2892 2068 2948 (=AC)
2095 2909 2124 2944 γ

378 2953 442 3004 (=
459 2952 559 3005 TU)
579 2968 589 2993 ι
618 2966 642 2992 a
664 2952 841 2992 dextera
859 2951 902 2989 in
921 2951 1094 2990 sinistra
1108 2949 1168 2989 K1
1190 2949 1362 3003 (Isidori
1376 2963 1493 2989 error
1504 2949 1664 2988 subesse
1674 2949 1825 3002 potest)
1983 2958 2034 2996 25
2064 2948 2122 2988 ita

378 3019 461 3047 om.
485 3008 529 3046 K
691 3019 741 3056 27
772 3011 836 3046 est
850 3006 973 3057 prius
987 3018 1070 3046 om.
1092 3004 1137 3043 K
1299 3004 1418 3056 quia]
1441 3004 1510 3053 qui
1531 3003 1591 3041 Κι
