2228 3444
1134 138 1404 187 ISIDORI

388 267 586 328 plenam
615 265 888 314 sententiae
915 267 1184 315 clausulam
1211 268 1431 330 facimus,
1455 271 1506 318 fit
1526 270 1772 333 periodus,
1795 281 2136 337 punctumque

385 348 449 395 ad
466 357 613 410 caput
629 347 817 397 litterae
836 347 1093 411 ponimus,-
1118 357 1165 397 et
1185 358 1386 398 vocatur
1406 350 1670 411 distinctio,
1693 351 1743 401 id
1764 362 1835 402 est
1855 354 2134 415 disiunctio,

328 431 363 476 6
385 427 501 492 quia
517 428 753 493 integram
773 429 1012 492 separavit
1029 430 1337 481 sententiam.
1403 435 1520 482 Hoc
1536 432 1737 496 quidem
1755 436 1888 497 apud
1905 444 2132 485 oratores.

387 511 620 560 Ceterum
652 512 786 573 apud
819 520 991 574 poetas
1018 511 1103 559 ubi
1136 511 1186 559 in
1211 528 1352 561 versu
1377 523 1489 577 post
1523 515 1648 562 duos
1682 517 1834 577 pedes
1860 517 2044 580 syllaba
2069 533 2138 566 re-

385 601 568 653 manet,
589 609 786 640 comma
806 602 892 653 est,
916 591 1031 656 quia
1050 592 1118 641 ibi
1134 603 1246 656 post
1267 595 1577 644 scansionem
1595 596 1833 659 praecisio
1853 598 1988 647 verbi
2008 601 2136 647 facta
2160 611 2180 651 5

385 683 471 723 est.
533 675 632 722 Vbi
659 691 773 723 vero
794 682 904 738 post
924 675 1050 723 duos
1076 676 1228 738 pedes
1250 677 1312 725 de
1337 687 1474 739 parte
1493 677 1726 727 orationis
1751 678 1872 727 nihil
1898 691 2131 744 superest,

383 758 530 805 colon
554 766 641 805 est.
714 758 874 805 Totus
899 765 1064 804 autem
1090 774 1257 805 versus
1282 757 1514 820 periodus
1539 769 1625 809 est.

251 845 358 884 XXI
519 841 602 886 DE
633 852 786 886 NOTIS
820 853 1248 888 SENTENTIARVM.
1323 842 1580 889 Praeterea
1609 843 1854 904 quaedam
1881 843 2135 907 scriptura·

381 937 487 968 rum
516 929 663 968 notae
681 922 814 983 apud
841 919 1185 969 celeberrimos
1210 930 1435 970 auctores
1461 924 1670 984 fuerunt,
1699 940 1919 987 quasque
1945 925 2134 988 antiqui

379 1003 443 1050 ad
469 1002 836 1051 distinctionem
873 1002 1219 1065 scripturarum
1246 1003 1545 1052 carminibus
1578 1014 1625 1053 et
1659 1004 1870 1054 historiis
1895 1008 2135 1069 adposue-
2162 1022 2209 1050 10

380 1093 505 1132 runt.
594 1086 726 1133 Nota
762 1093 835 1133 est
873 1085 1025 1147 figura
1060 1084 1256 1149 propria
1292 1085 1342 1133 in
1384 1086 1572 1135 litterae
1609 1088 1814 1136 modurn
1857 1087 2033 1151 posita,
2070 1090 2133 1136 ad

381 1167 821 1215 demonstrandam
853 1183 1259 1230 unamquamque
1294 1167 1428 1216 verbi
1463 1168 1917 1232 sententiarumque
1949 1186 2006 1218 ac
2032 1186 2132 1218 ver-

382 1265 526 1296 suum
568 1247 823 1297 rationem.
898 1250 1061 1297 Notae
1102 1258 1268 1297 autem
1308 1250 1528 1298 versibus
1567 1252 1884 1313 adponuntur
1924 1268 2131 1299 numero

325 1343 355 1378 2
382 1330 553 1394 viginti
574 1339 621 1378 et
647 1347 743 1389 sex,
767 1347 894 1393 quae
915 1339 1028 1379 sunt
1053 1330 1340 1380 nominibus
1366 1331 1489 1380 infra
1514 1332 1718 1395 scriptis.
1790 1342 1830 1384 ·>.'<
1854 1331 2129 1381 Asteriscus

380 1414 646 1476 adponitur
688 1411 737 1460 in
775 1414 851 1461 his
896 1428 1023 1475 quae
1066 1412 1247 1462 omissa
1285 1422 1411 1474 sunt,
1456 1422 1509 1462 ut
1545 1413 1850 1462 inlucescant
1891 1431 1977 1477 per
2019 1429 2127 1462 eam
2158 1429 2203 1469 15

380 1504 563 1554 notam,
588 1510 715 1557 quae
741 1495 914 1543 deesse
939 1493 1179 1543 videntur.
1242 1496 1393 1544 Stella
1418 1494 1548 1543 enim
1570 1497 1722 1559 ἀστήρ
1741 1495 1918 1544 dicitur
1938 1496 2129 1544 Graeco

325 1588 354 1634 3
379 1593 620 1637 sermone,
648 1593 677 1624 a
702 1592 803 1639 quo
826 1576 1087 1625 asteriscus
1114 1585 1186 1625 est
1213 1576 1460 1625 dirivatus.
1535 1608 1598 1612 -—
1620 1578 1827 1637 Obolus,
1856 1577 1906 1626 id
1932 1586 2018 1638 est,
2044 1577 2132 1625 vir-

376 1660 489 1722 gula
515 1659 693 1718 iacens,
721 1659 988 1720 adponitur
1011 1660 1062 1706 in
1086 1657 1246 1707 verbis
1273 1660 1348 1707 vel
1382 1659 1635 1708 sententiis
1667 1660 1909 1722 superflue
1934 1659 2130 1718 iteratis,

378 1741 478 1789 sive
512 1740 563 1787 in
592 1740 668 1787 his
701 1739 838 1799 locis,
866 1740 951 1788 ubi
981 1739 1128 1789 lectio
1153 1739 1318 1803 aliqua
1351 1740 1560 1789 falsitate
1593 1750 1762 1789 notata
1792 1750 1878 1801 est,
1906 1750 1959 1789 ut
1992 1740 2130 1803 quasi

378 1825 551 1886 sagitta
581 1822 766 1886 iugulet
792 1839 1094 1885 supervacua
1119 1832 1268 1885 atque
1302 1824 1423 1871 falsa
1448 1823 1715 1872 confodiat.
1789 1823 1972 1886 Sagitta
1998 1823 2128 1871 enim
2159 1843 2207 1870 20

322 1915 355 1961 4
379 1907 568 1955 Graece
599 1906 772 1969 ὀβελός
796 1903 988 1953 dicitur.
1064 1912 1123 1941 -ὲ
1151 1904 1344 1953 Obolus
1379 1921 1588 1967 superne
1621 1907 1899 1968 adpunctus
1933 1904 2131 1967 ponitur

378 1990 425 2035 in
463 1987 673 2047 hisdem,
702 1989 765 2036 de
799 1985 978 2049 quibus
1017 1986 1271 2034 dubitatur
1304 1995 1465 2034 utrum
1493 1986 1597 2035 tolli
1623 1987 1839 2035 debeant
1865 2003 2022 2035 necne
2047 1988 2130 2035 ad-

325 2086 355 2135 5
378 2070 510 2134 poni.
587 2067 844 2135 [Falsitate
880 2077 1107 2116 notatum
1144 2065 1259 2134 est.]
1334 2076 1393 2125 ÷
1422 2069 1730 2128 Lemniscus,
1753 2068 1804 2116 id
1830 2077 1915 2127 est,
1945 2069 2129 2130 virgula

378 2155 503 2201 inter
522 2151 745 2214 geminos
766 2159 978 2213 punctos
998 2150 1178 2210 iacenS,
1200 2150 1466 2214 opponitur
1485 2150 1534 2197 in
1560 2151 1636 2198 his
1657 2149 1792 2209 locis,
1816 2167 1942 2212 quae
1963 2166 2127 2198 sacrae

379 2233 655 2296 Scripturae
698 2232 986 2295 interpretes
1028 2233 1208 2281 eodem
1247 2248 1407 2290 sensu,
1450 2233 1537 2279 sed
1576 2231 1777 2279 diversis
1816 2231 2124 2279 sermonibus
2151 2248 2201 2287 25

319 2320 352 2366 6
377 2316 743 2364 transtulerunt.
828 2315 872 2361 V
899 2313 1233 2376 Antigraphus
1270 2330 1383 2362 cum
1420 2321 1607 2375 puncto
1642 2312 1918 2374 adponitur,
1955 2311 2039 2360 ubi
2077 2312 2127 2359 in

324 2413 352 2460 7
375 2395 775 2445 translationibus
813 2394 1032 2443 diversus
1070 2411 1241 2442 sensus
1278 2395 1498 2442 habetur.
1571 2403 1678 2445 ·.>'<·—-
1703 2392 1977 2441 Asteriscus
2013 2410 2126 2442 cum

377 2479 542 2526 obolo.
618 2479 767 2524 Hanc
794 2475 987 2540 proprie
1013 2477 1324 2525 Aristarchus
1350 2475 1580 2524 utebatur
1605 2476 1655 2523 in
1681 2474 1756 2522 his
1781 2473 2014 2534 versibus,
2044 2474 2127 2537 qui

324 2563 353 2608 8
377 2572 479 2604 non
505 2571 595 2603 suo
628 2557 740 2603 loco
765 2554 910 2618 positi
945 2563 1095 2604 erant.
1168 2564 1217 2606 Γ-
1237 2554 1571 2616 Paragraphus
1597 2553 1795 2615 ponitur
1819 2553 1884 2601 ad
1907 2568 2129 2616 separan-

379 2640 466 2687 das
491 2653 565 2685 res
591 2653 618 2685 a
642 2637 803 2697 rebus,
832 2653 959 2699 quae
983 2636 1035 2684 in
1067 2653 1258 2685 conexu
1287 2644 1599 2694 concurrunt,
1627 2634 2051 2697 quemadmodum
2077 2633 2126 2682 in
2153 2653 2203 2692 30

431 2780 456 2817 3
487 2767 656 2816 quidam
688 2765 726 2804 T
919 2779 943 2814 4
971 2778 1142 2804 versum
1170 2764 1257 2803 ΒΚ
1268 2767 1282 2788 1
1477 2765 1558 2812 4-6
1586 2762 1747 2813 syllaba
1767 2791 1778 2802 .
1802 2793 1810 2802 .
1830 2793 1838 2801 .
1861 2763 1968 2801 duos
1995 2762 2127 2811 pedes

376 2835 458 2860 om.
486 2821 521 2860 C
626 2832 651 2870 5
682 2821 780 2870 quia
802 2851 810 2859 .
834 2853 841 2860 .
867 2851 875 2860 .
899 2820 1006 2859 sacta
1023 2826 1088 2860 est
1105 2833 1189 2860 om.
1211 2819 1248 2856 T
1351 2821 1376 2858 8
1407 2817 1469 2857 De
1483 2818 1547 2857 his
1566 2817 1941 2869 notarumformis,
1966 2817 2016 2866 qs]
2037 2816 2132 2855 Keil

379 2876 600 2916 ‘Gramm.
632 2873 739 2914 Lat!
769 2875 840 2925 vii,
853 2881 896 2926 p.
926 2886 1006 2925 533
1182 2888 1209 2924 9
1237 2878 1431 2913 auctores
1462 2886 1543 2912 om.
1579 2872 1632 2911 Βι
1783 2871 1944 2922 antiqui
1971 2883 2054 2911 om.
2086 2870 2129 2908 Β

378 2943 428 2969 10
458 2930 755 2970 distinctiones
773 2929 819 2967 K
985 2930 1034 2968 18
1062 2929 1181 2969 verb.
1203 2928 1270 2967 vel
1299 2928 1341 2966 in
1356 2931 1464 2968 sent.
1482 2927 1528 2965 K
1702 2938 1752 2977 19
1779 2927 1897 2976 quasi
1916 2925 2070 2974 sagitte
2096 2924 2135 2963 T

375 2997 424 3022 21
458 2984 623 3036 ὀβελός]
645 2984 790 3024 obolus
809 2983 922 3023 codd.
1051 2989 1232 3034 punctus
1269 2981 1308 3021 T
1463 2994 1516 3020 22
1545 2982 1586 3020 in
1617 2980 1686 3020 his
1716 2980 1763 3019 K
1922 2980 2019 3029 adp.
2041 2991 2125 3020 om.

371 3039 499 3078 Arev.
666 3051 718 3088 23
759 3037 851 3078 fals.
887 3044 973 3078 not.
1011 3044 1076 3077 est
1110 3038 1201 3079 hab.
1235 3053 1264 3090 γ
1301 3035 1477 3090 (=T):
1517 3049 1598 3075 om.
1631 3050 1656 3073 α
1692 3033 1860 3088 (=BC)
1892 3036 1920 3078 β
1951 3032 2123 3086 (=KL)

373 3095 426 3132 26
454 3093 684 3144 opponitur
710 3093 748 3131 T
