2228 3444
1115 195 1388 244 ISIDORI

289 335 344 380 31
366 339 481 372 cum
507 324 702 372 firmum
728 320 1137 390 appellaverunt}
1199 327 1572 376 Sacramentum
1599 336 1671 376 est
1696 329 1873 392 pignus
1900 328 2120 392 sponsio-

366 405 442 454 nis
460 424 473 466 3
511 416 741 455 vocatum
775 414 940 455 autem
977 417 1353 469 sacramentum,
1383 408 1498 472 quia
1523 409 1704 459 violare
1737 412 1874 474 quod
1909 411 2119 475 quisque

367 487 609 550 promittit
636 487 871 552 perfidiae
898 498 983 537 est.

218 573 344 614 XXV
505 573 587 618 DE
636 586 813 620 REssvs.
890 570 1156 620 Hereditas
1206 581 1279 621 est
1327 589 1402 621 res
1440 589 1566 637 quae
1609 583 1766 623 morte
1808 573 2013 624 alicuius
2055 574 2119 624 ad

369 655 655 717 quempiam
704 652 939 716 pervenit,
986 655 1061 703 vel
1111 655 1269 718 legata
1317 663 1627 716 testamento,
1681 657 1757 705 vel
1806 655 2118 720 possessione
2145 674 2166 714 5

367 745 568 785 retenta.
643 734 790 784 Dicta
827 745 992 784 autem
1031 737 1276 785 hereditas
1313 754 1342 785 a
1377 737 1523 786 rebus
1559 737 1718 798 aditis,
1756 737 1856 788 sive
1892 740 1955 788 ab
1992 757 2117 799 aere,

312 836 342 871 2
367 817 482 882 quia
508 817 590 882 qui
617 816 839 881 possidet
865 835 1034 881 agrum
1062 828 1108 867 et
1134 835 1339 868 censum
1367 819 1541 881 solvit3
1580 821 1730 875 †inde
1755 830 1803 870 et
1828 828 1954 875 res.†
2015 824 2118 870 Res

367 909 481 948 sunt
517 918 644 964 quae
681 900 731 948 in
768 909 938 949 nostro
983 902 1085 949 iure
1124 903 1415 951 consistunt.
1489 903 1603 951 Iura
1638 912 1804 952 autem
1843 913 1956 953 sunt
1993 921 2119 967 quae

312 1001 342 1047 3
365 1000 393 1031 a
431 983 576 1032 nobis
614 983 739 1032 iuste
776 982 1090 1047 possidentur
1126 1001 1219 1034 nec
1255 986 1414 1035 aliena
1458 996 1585 1035 sunt.
1657 988 1804 1035 Dicta
1840 995 2006 1035 autem
2043 1003 2118 1035 res

363 1083 392 1113 a
417 1074 548 1115 recte
573 1065 823 1125 habendo,
851 1063 925 1114 ius
951 1083 979 1114 a
1005 1065 1130 1115 iuste
1156 1066 1472 1130 possidendo.
1538 1071 1657 1117 Hoc
1682 1068 1814 1118 enim
1842 1070 1943 1118 iure
1969 1067 2120 1132 possi·
2145 1082 2194 1110 10

365 1148 507 1196 detur
545 1148 679 1211 quod
717 1146 855 1207 iuste,
903 1149 999 1196 hoc
1042 1149 1167 1198 iuste
1210 1151 1346 1212 quod
1382 1150 1524 1199 bene.
1599 1152 1751 1212 Quod
1787 1160 1953 1200 autem
1991 1152 2119 1200 male

363 1228 656 1292 possidetur,
702 1229 919 1278 alienum
964 1240 1049 1279 est.
1128 1233 1262 1280 Male
1310 1242 1475 1281 autem
1519 1234 1740 1297 possidet
1785 1232 1869 1297 qui
1912 1234 1989 1282 vel
2032 1250 2119 1281 sua

365 1314 492 1361 male
537 1311 685 1360 utitur
722 1314 797 1361 vel
834 1314 996 1362 aliena
1032 1315 1315 1376 praesumit.
1404 1316 1632 1365 Possidet
1667 1323 1833 1364 autem
1872 1316 1997 1365 iuste
2034 1315 2118 1379 qui

362 1410 465 1442 non
527 1393 749 1443 inretitur
806 1393 1091 1458 cupiditate.
1182 1397 1282 1458 Qui
1348 1406 1515 1447 autem
1583 1397 1854 1462 cupiditate
1910 1407 2116 1457 tenetur,

307 1492 619 1539 4possessus
669 1486 754 1536 est,
806 1494 909 1525 non
957 1493 1224 1540 possessor.
1300 1482 1443 1528 Bona
1499 1489 1613 1528 sunt
1661 1482 1982 1530 honestorum
2033 1497 2119 1530 seu
2144 1505 2190 1546 15

363 1557 622 1619 nobilium,
651 1575 777 1622 quae
803 1560 1013 1622 proinde
1038 1559 1172 1609 bona
1205 1560 1448 1622 dicuntur,
1478 1571 1530 1610 ut
1557 1579 1658 1611 non
1683 1563 1900 1613 habeant
1926 1572 2117 1627 turpem

311 1654 340 1702 5
363 1657 521 1700 usum,
550 1642 638 1690 sed
675 1658 732 1690 ea
769 1642 999 1690 homines
1035 1643 1100 1692 ad
1137 1659 1212 1692 res
1243 1644 1402 1692 bonas
1436 1654 1648 1694 utantur.
1723 1647 1979 1695 Peculium
2014 1659 2120 1709 pro-

362 1721 464 1786 prie
491 1722 737 1772 minorum
765 1734 837 1773 est
875 1741 1196 1788 personarum
1228 1725 1329 1775 sive
1363 1743 1627 1776 servorum.
1703 1729 1833 1776 Nam
1868 1727 2117 1791 peculium

361 1814 434 1854 est
469 1808 605 1869 quod
639 1815 777 1869 pater
802 1808 879 1855 vel
917 1805 1151 1856 dominus
1189 1807 1345 1856 filium
1384 1825 1527 1858 suum
1562 1811 1638 1859 vel
1673 1824 1867 1859 servum
1904 1827 1992 1874 pro
2029 1827 2118 1860 suo

362 1898 568 1938 tractare
610 1890 803 1952 patitur.
880 1889 1135 1938 Peculium
1192 1900 1356 1940 autem
1406 1908 1435 1940 a
1489 1892 1764 1955 pecudibus
1812 1892 2016 1954 dictum,
2067 1892 2117 1942 in
2144 1915 2195 1946 20

307 1972 342 2020 6
366 1969 545 2034 quibus
594 1981 814 2021 veterum
872 1973 1132 2021 constabat
1203 1972 1429 2023 universa
1485 1973 1774 2023 substantia.
1862 1977 2115 2024 Bonorum

365 2052 611 2117 possessio
659 2063 731 2103 est
784 2056 858 2103 ius
911 2054 1249 2117 possessionis,
1298 2065 1432 2106 certo
1475 2057 1647 2107 ordine
1695 2067 1929 2121 certoque
1977 2060 2120 2107 titulo

313 2144 342 2195 7
364 2133 624 2197 adquisita.
701 2138 942 2185 Intestata
967 2136 1212 2186 hereditas
1239 2147 1312 2187 est
1338 2155 1465 2201 quae
1491 2136 1788 2189 testamento
1814 2139 1993 2204 scripta
2017 2157 2119 2189 non

310 2217 340 2264 8
366 2227 452 2277 est,
478 2227 576 2278 aut,
599 2217 638 2266 si
664 2218 844 2281 scripta
870 2218 943 2278 sit,
967 2219 1070 2268 iure
1096 2229 1261 2269 tamen
1287 2237 1603 2284 nequaquam
1630 2231 1703 2271 est
1727 2221 1875 2272 adita.
1917 2223 2120 2272 Caduca

307 2308 342 2355 9
366 2299 483 2348 inde
508 2299 699 2359 dicitur,
720 2301 836 2363 quia
861 2303 965 2349 eius
991 2301 1198 2350 heredes
1224 2301 1522 2351 ceciderunt.
1565 2303 1770 2352 Familia
1794 2303 2120 2353 herciscunda
2143 2328 2163 2357 2
2171 2327 2192 2368 5

367 2391 439 2429 est
466 2379 643 2430 divisio
668 2381 955 2431 hereditatis
992 2382 1117 2430 inter
1150 2384 1370 2432 heredes.
1446 2383 1794 2433 Herciscunda
1827 2383 1959 2433 enim
1985 2386 2118 2449 apud

285 2476 344 2512 10
366 2472 555 2512 veteres
596 2462 772 2512 divisio
806 2465 1199 2528 nuncupabatur.
1275 2467 1546 2515 Communi
1581 2465 1852 2516 dividendo
1889 2476 1962 2516 est
1995 2465 2120 2515 inter

368 2561 453 2594 eos
503 2543 684 2607 quibus
727 2545 1008 2595 communis
1051 2563 1126 2595 res
1169 2555 1255 2606 est,
1302 2563 1428 2609 quae
1476 2546 1606 2595 actio
1649 2547 1787 2596 iubet
1834 2548 2120 2611 postulanti-

300 2635 345 2670 11
368 2626 460 2675 bus
492 2625 568 2674 his
600 2625 837 2675 arbitrum
876 2627 993 2686 dari,
1032 2626 1170 2676 cuius
1206 2627 1442 2677 arbitratu
1479 2646 1554 2678 res
1589 2627 1847 2679 dividatur.
1921 2628 2117 2678 Finium

425 2771 448 2807 4
479 2771 595 2797 more
621 2754 670 2797 Cl
836 2768 860 2807 5
891 2759 1118 2810 quodpiam
1143 2758 1192 2799 C1
1345 2758 1486 2809 legato
1517 2760 1625 2800 codd.
1765 2761 2061 2811 possessiones
2077 2767 2120 2800 et

371 2821 484 2852 emta
506 2812 557 2852 Cl
722 2814 750 2851 6
778 2813 932 2853 additis
953 2813 999 2851 K
1105 2814 1156 2853 ab
1176 2813 1296 2866 aere]
1318 2814 1476 2854 habere
1501 2814 1579 2854 CT
1758 2828 1778 2866 7
1811 2816 1910 2855 inde
1931 2821 1974 2854 et
1992 2817 2119 2855 heres

371 2868 498 2908 Arev.
590 2868 680 2906 Res
700 2881 782 2907 om.
809 2867 854 2905 K
979 2882 1006 2918 9
1036 2869 1168 2920 iuste]
1191 2869 1282 2907 iure
1302 2867 1349 2906 K
1367 2869 1511 2921 (etiam
1530 2869 1592 2908 Al
1607 2871 1640 2916 Z)
1665 2870 1767 2919 (non
1784 2868 1847 2921 D)
1935 2870 2025 2910 Res
2045 2884 2113 2911 au.

370 2924 449 2962 dic.
468 2922 514 2960 K
533 2922 714 2975 (nonA)
805 2935 850 2961 11
873 2923 984 2962 iuste
1001 2954 1009 2962 .
1033 2954 1041 2963 .
1069 2922 1221 2973 .iuste]
1239 2929 1356 2962 recte
1374 2953 1382 2962 .
1405 2954 1413 2963 .
1436 2955 1444 2964 .
1468 2931 1582 2964 recte
1595 2925 1717 2964 BCD
1809 2926 1858 2963 18
1878 2926 2117 2976 servorum]

371 2991 541 3017 servum
557 2977 607 3017 C1
722 2990 772 3026 19
794 2990 871 3016 suo
887 2977 978 3017 iure
995 2985 1046 3018 tr.
1065 2978 1144 3017 CK
1268 2992 1321 3018 20
1347 2992 1438 3029 pec.
1454 2979 1583 3019 alium
1600 2993 1667 3019 au.
1688 2979 1726 3018 T
1830 2993 1883 3029 24
1910 2979 1985 3031 sit]
2003 2985 2068 3019 est
2087 2978 2125 3019 T

371 3033 484 3071 adita
505 3031 551 3070 K
568 3032 682 3084 (teste
699 3031 942 3083 Kueblero):
974 3033 1090 3072 edita
1109 3032 1232 3072 BCT
1390 3046 1442 3084 25
1472 3035 1668 3075 dicuntur
1686 3033 1767 3072 BC
1772 3033 1809 3072 T
1932 3035 2056 3074 heres
2075 3033 2123 3072 K

375 3087 577 3126 Familiae
594 3086 639 3125 K
747 3087 994 3127 erciscunde
1018 3088 1110 3127 CT:
1142 3088 1426 3128 heriscundae
1446 3087 1492 3126 K
1625 3090 1680 3128 26
1707 3089 1958 3129 erciscunde
1976 3086 2116 3128 BCT:

372 3142 653 3181 heriseuudac
670 3139 716 3179 K
823 3155 873 3191 27
907 3148 1174 3193 nuncupatur
1195 3143 1232 3181 T
1336 3145 1388 3182 28
1418 3143 1532 3184 iubat
1555 3142 1604 3182 Cl
1715 3154 1767 3194 29
1795 3143 2011 3182 arbitrium
2032 3142 2122 3182 CT2
