<?xml version="1.0" encoding="UTF-8"?>
<!DOCTYPE html PUBLIC "-//W3C//DTD XHTML 1.0 Transitional//EN"
    "http://www.w3.org/TR/xhtml1/DTD/xhtml1-transitional.dtd">
<html xmlns="http://www.w3.org/1999/xhtml" xml:lang="en" lang="en">
 <head>
  <title>
</title>
<meta http-equiv="Content-Type" content="text/html;charset=utf-8" />
  <meta name='ocr-system' content='tesseract 3.04.00' />
  <meta name='ocr-capabilities' content='ocr_page ocr_carea ocr_par ocr_line ocrx_word'/>
</head>
<body>
  <div class='ocr_page' id='page_1' title='image "./isidori01isiduoft/isidori01isiduoft_0374.png"; bbox 0 0 2176 3424; ppageno 0'>
   <div class='ocr_carea' id='block_1_1' title="bbox 1025 129 1298 178">
    <p class='ocr_par' dir='ltr' id='par_1_1' title="bbox 1025 129 1298 178">
     <span class='ocr_line' id='line_1_1' title="bbox 1025 129 1298 178; baseline 0.011 -3"><span class='ocrx_word' id='word_1_1' title='bbox 1025 129 1298 178; x_wconf 89' lang='lat' dir='ltr'><strong>ISIDORI</strong></span> 
     </span>
    </p>
   </div>
   <div class='ocr_carea' id='block_1_2' title="bbox 227 255 2123 1386">
    <p class='ocr_par' dir='ltr' id='par_1_2' title="bbox 228 255 2042 565">
     <span class='ocr_line' id='line_1_2' title="bbox 228 255 2035 310; baseline 0.004 -8"><span class='ocrx_word' id='word_1_2' title='bbox 228 264 259 310; x_wconf 87' lang='lat'><strong>3</strong></span> <span class='ocrx_word' id='word_1_3' title='bbox 281 262 329 303; x_wconf 89' lang='lat' dir='ltr'>et</span> <span class='ocrx_word' id='word_1_4' title='bbox 355 256 571 304; x_wconf 90' lang='lat' dir='ltr'>ornatior</span> <span class='ocrx_word' id='word_1_5' title='bbox 607 256 691 304; x_wconf 91' lang='lat' dir='ltr'>fiat</span> <span class='ocrx_word' id='word_1_6' title='bbox 721 265 768 304; x_wconf 92' lang='lat' dir='ltr'>et</span> <span class='ocrx_word' id='word_1_7' title='bbox 801 255 964 304; x_wconf 87' lang='lat' dir='ltr'>tutior.</span> <span class='ocrx_word' id='word_1_8' title='bbox 1037 259 1233 307; x_wconf 90' lang='lat' dir='ltr'>Domus</span> <span class='ocrx_word' id='word_1_9' title='bbox 1267 260 1412 308; x_wconf 91' lang='lat' dir='ltr'>unius</span> <span class='ocrx_word' id='word_1_10' title='bbox 1447 261 1660 309; x_wconf 87' lang='lat' dir='ltr'>familiae</span> <span class='ocrx_word' id='word_1_11' title='bbox 1694 260 2035 310; x_wconf 90' lang='lat' dir='ltr'>habitaculum</span> 
     </span>
     <span class='ocr_line' id='line_1_3' title="bbox 280 335 2038 402; baseline 0.004 -17"><span class='ocrx_word' id='word_1_12' title='bbox 280 345 365 397; x_wconf 90' lang='lat' dir='ltr'>est,</span> <span class='ocrx_word' id='word_1_13' title='bbox 412 335 538 386; x_wconf 91' lang='lat' dir='ltr'>sicut</span> <span class='ocrx_word' id='word_1_14' title='bbox 584 337 701 386; x_wconf 91' lang='lat' dir='ltr'>urbs</span> <span class='ocrx_word' id='word_1_15' title='bbox 743 338 888 387; x_wconf 90' lang='lat' dir='ltr'>unius</span> <span class='ocrx_word' id='word_1_16' title='bbox 937 338 1123 402; x_wconf 91' lang='lat' dir='ltr'>populi,</span> <span class='ocrx_word' id='word_1_17' title='bbox 1171 341 1297 388; x_wconf 92' lang='lat' dir='ltr'>sicut</span> <span class='ocrx_word' id='word_1_18' title='bbox 1345 340 1478 389; x_wconf 90' lang='lat' dir='ltr'>orbis</span> <span class='ocrx_word' id='word_1_19' title='bbox 1527 341 1836 391; x_wconf 88' lang='lat' dir='ltr'>domicilium</span> <span class='ocrx_word' id='word_1_20' title='bbox 1884 343 2038 392; x_wconf 91' lang='lat' dir='ltr'>totius</span> 
     </span>
     <span class='ocr_line' id='line_1_4' title="bbox 278 418 2042 485; baseline 0.004 -18"><span class='ocrx_word' id='word_1_21' title='bbox 278 418 471 482; x_wconf 88' lang='lat' dir='ltr'>generis</span> <span class='ocrx_word' id='word_1_22' title='bbox 487 420 706 469; x_wconf 89' lang='lat' dir='ltr'>humani.</span> <span class='ocrx_word' id='word_1_23' title='bbox 750 421 839 469; x_wconf 87' lang='lat' dir='ltr'>Est</span> <span class='ocrx_word' id='word_1_24' title='bbox 858 429 1025 470; x_wconf 89' lang='lat' dir='ltr'>autem</span> <span class='ocrx_word' id='word_1_25' title='bbox 1042 422 1221 470; x_wconf 91' lang='lat' dir='ltr'>domus</span> <span class='ocrx_word' id='word_1_26' title='bbox 1236 438 1403 485; x_wconf 82' lang='lat' dir='ltr'>genuS,</span> <span class='ocrx_word' id='word_1_27' title='bbox 1422 422 1619 484; x_wconf 89' lang='lat' dir='ltr'>familia,</span> <span class='ocrx_word' id='word_1_28' title='bbox 1636 425 1736 473; x_wconf 88' lang='lat' dir='ltr'>sive</span> <span class='ocrx_word' id='word_1_29' title='bbox 1755 424 2042 474; x_wconf 88' lang='lat' dir='ltr'>coniunctio</span> 
     </span>
     <span class='ocr_line' id='line_1_5' title="bbox 281 499 2038 565; baseline 0.005 -17"><span class='ocrx_word' id='word_1_30' title='bbox 281 499 368 549; x_wconf 89' lang='lat' dir='ltr'>viri</span> <span class='ocrx_word' id='word_1_31' title='bbox 395 509 443 550; x_wconf 89' lang='lat' dir='ltr'>et</span> <span class='ocrx_word' id='word_1_32' title='bbox 468 500 644 550; x_wconf 87' lang='lat' dir='ltr'>uxoris.</span> <span class='ocrx_word' id='word_1_33' title='bbox 708 501 890 565; x_wconf 86' lang='lat' dir='ltr'>Incipit</span> <span class='ocrx_word' id='word_1_34' title='bbox 914 511 1081 552; x_wconf 89' lang='lat' dir='ltr'>autem</span> <span class='ocrx_word' id='word_1_35' title='bbox 1107 519 1136 551; x_wconf 90' lang='lat' dir='ltr'>a</span> <span class='ocrx_word' id='word_1_36' title='bbox 1161 504 1371 563; x_wconf 84' lang='lat' dir='ltr'>duobuS,</span> <span class='ocrx_word' id='word_1_37' title='bbox 1393 514 1440 554; x_wconf 87' lang='lat' dir='ltr'>et</span> <span class='ocrx_word' id='word_1_38' title='bbox 1466 515 1538 555; x_wconf 91' lang='lat' dir='ltr'>est</span> <span class='ocrx_word' id='word_1_39' title='bbox 1565 523 1749 555; x_wconf 91' lang='lat' dir='ltr'>nomen</span> <span class='ocrx_word' id='word_1_40' title='bbox 1775 508 2038 556; x_wconf 90' lang='lat' dir='ltr'>Graecum.</span> 
     </span>
    </p>

    <p class='ocr_par' dir='ltr' id='par_1_3' title="bbox 227 583 2090 817">
     <span class='ocr_line' id='line_1_6' title="bbox 227 583 2090 652; baseline 0.003 -20"><span class='ocrx_word' id='word_1_41' title='bbox 227 597 262 646; x_wconf 86' lang='lat'>4</span> <span class='ocrx_word' id='word_1_42' title='bbox 285 583 416 634; x_wconf 91' lang='lat' dir='ltr'>Nam</span> <span class='ocrx_word' id='word_1_43' title='bbox 455 583 639 633; x_wconf 88' lang='lat' dir='ltr'>familia</span> <span class='ocrx_word' id='word_1_44' title='bbox 675 593 748 633; x_wconf 90' lang='lat' dir='ltr'>est</span> <span class='ocrx_word' id='word_1_45' title='bbox 783 584 924 633; x_wconf 90' lang='lat' dir='ltr'>liberi</span> <span class='ocrx_word' id='word_1_46' title='bbox 963 601 1023 634; x_wconf 88' lang='lat' dir='ltr'>ex</span> <span class='ocrx_word' id='word_1_47' title='bbox 1058 585 1222 634; x_wconf 88' lang='lat' dir='ltr'>liberis</span> <span class='ocrx_word' id='word_1_48' title='bbox 1265 586 1455 650; x_wconf 88' lang='lat' dir='ltr'>legibus</span> <span class='ocrx_word' id='word_1_49' title='bbox 1499 588 1727 652; x_wconf 91' lang='lat' dir='ltr'>suscepti,</span> <span class='ocrx_word' id='word_1_50' title='bbox 1767 606 1796 637; x_wconf 91' lang='lat' dir='ltr'>a</span> <span class='ocrx_word' id='word_1_51' title='bbox 1837 591 2040 638; x_wconf 90' lang='lat' dir='ltr'>femore.</span> <span class='ocrx_word' id='word_1_52' title='bbox 2068 603 2090 644; x_wconf 86' lang='lat'>5</span> 
     </span>
     <span class='ocr_line' id='line_1_7' title="bbox 283 665 2043 731; baseline 0.004 -17"><span class='ocrx_word' id='word_1_53' title='bbox 283 666 456 715; x_wconf 92' lang='lat' dir='ltr'>Genus</span> <span class='ocrx_word' id='word_1_54' title='bbox 481 675 566 714; x_wconf 90' lang='lat' dir='ltr'>aut</span> <span class='ocrx_word' id='word_1_55' title='bbox 589 683 619 714; x_wconf 94' lang='lat' dir='ltr'>a</span> <span class='ocrx_word' id='word_1_56' title='bbox 636 665 887 730; x_wconf 89' lang='lat' dir='ltr'>gignendo</span> <span class='ocrx_word' id='word_1_57' title='bbox 907 676 956 716; x_wconf 90' lang='lat' dir='ltr'>et</span> <span class='ocrx_word' id='word_1_58' title='bbox 975 670 1349 731; x_wconf 79' lang='lat' dir='ltr'>progenerando</span> <span class='ocrx_word' id='word_1_59' title='bbox 1375 671 1579 731; x_wconf 91' lang='lat' dir='ltr'>dictum,</span> <span class='ocrx_word' id='word_1_60' title='bbox 1598 681 1682 719; x_wconf 92' lang='lat' dir='ltr'>aut</span> <span class='ocrx_word' id='word_1_61' title='bbox 1706 688 1736 719; x_wconf 92' lang='lat' dir='ltr'>a</span> <span class='ocrx_word' id='word_1_62' title='bbox 1754 671 2043 721; x_wconf 87' lang='lat' dir='ltr'>definitione</span> 
     </span>
     <span class='ocr_line' id='line_1_8' title="bbox 285 748 2043 817; baseline 0.003 -21"><span class='ocrx_word' id='word_1_63' title='bbox 285 757 530 797; x_wconf 88' lang='lat' dir='ltr'>certorum</span> <span class='ocrx_word' id='word_1_64' title='bbox 551 758 918 812; x_wconf 88' lang='lat' dir='ltr'>prognatorum,</span> <span class='ocrx_word' id='word_1_65' title='bbox 938 759 991 799; x_wconf 89' lang='lat' dir='ltr'>ut</span> <span class='ocrx_word' id='word_1_66' title='bbox 1018 748 1257 811; x_wconf 88' lang='lat' dir='ltr'>nationes,</span> <span class='ocrx_word' id='word_1_67' title='bbox 1278 767 1406 815; x_wconf 89' lang='lat' dir='ltr'>quae</span> <span class='ocrx_word' id='word_1_68' title='bbox 1431 752 1638 817; x_wconf 93' lang='lat' dir='ltr'>propriis</span> <span class='ocrx_word' id='word_1_69' title='bbox 1663 753 2043 817; x_wconf 83' lang='lat' dir='ltr'>cognationibus</span> 
     </span>
    </p>

    <p class='ocr_par' dir='ltr' id='par_1_4' title="bbox 233 829 2123 1145">
     <span class='ocr_line' id='line_1_9' title="bbox 233 829 2046 897; baseline 0.003 -18"><span class='ocrx_word' id='word_1_70' title='bbox 233 837 264 887; x_wconf 89' lang='lat'>5</span> <span class='ocrx_word' id='word_1_71' title='bbox 285 829 575 880; x_wconf 86' lang='lat' dir='ltr'>terminatae</span> <span class='ocrx_word' id='word_1_72' title='bbox 603 839 775 894; x_wconf 87' lang='lat' dir='ltr'>gentes</span> <span class='ocrx_word' id='word_1_73' title='bbox 811 833 1135 896; x_wconf 85' lang='lat' dir='ltr'>appellantur.</span> <span class='ocrx_word' id='word_1_74' title='bbox 1203 835 1422 897; x_wconf 91' lang='lat' dir='ltr'>Populus</span> <span class='ocrx_word' id='word_1_75' title='bbox 1452 843 1525 883; x_wconf 92' lang='lat' dir='ltr'>est</span> <span class='ocrx_word' id='word_1_76' title='bbox 1554 836 1802 885; x_wconf 89' lang='lat' dir='ltr'>humanae</span> <span class='ocrx_word' id='word_1_77' title='bbox 1830 837 2046 885; x_wconf 88' lang='lat' dir='ltr'>multitu-</span> 
     </span>
     <span class='ocr_line' id='line_1_10' title="bbox 286 911 2045 983; baseline 0.004 -23"><span class='ocrx_word' id='word_1_78' title='bbox 286 911 430 972; x_wconf 90' lang='lat' dir='ltr'>dinis,</span> <span class='ocrx_word' id='word_1_79' title='bbox 450 911 565 962; x_wconf 90' lang='lat' dir='ltr'>iuris</span> <span class='ocrx_word' id='word_1_80' title='bbox 583 930 829 963; x_wconf 88' lang='lat' dir='ltr'>consensu</span> <span class='ocrx_word' id='word_1_81' title='bbox 848 923 896 963; x_wconf 93' lang='lat' dir='ltr'>et</span> <span class='ocrx_word' id='word_1_82' title='bbox 912 916 1149 964; x_wconf 87' lang='lat' dir='ltr'>concordi</span> <span class='ocrx_word' id='word_1_83' title='bbox 1170 915 1524 966; x_wconf 90' lang='lat' dir='ltr'>communione</span> <span class='ocrx_word' id='word_1_84' title='bbox 1545 919 1772 967; x_wconf 89' lang='lat' dir='ltr'>sociatus.</span> <span class='ocrx_word' id='word_1_85' title='bbox 1826 919 2045 983; x_wconf 91' lang='lat' dir='ltr'>Populus</span> 
     </span>
     <span class='ocr_line' id='line_1_11' title="bbox 287 994 2123 1061; baseline 0.003 -18"><span class='ocrx_word' id='word_1_86' title='bbox 287 1003 454 1043; x_wconf 90' lang='lat' dir='ltr'>autem</span> <span class='ocrx_word' id='word_1_87' title='bbox 480 1011 540 1044; x_wconf 90' lang='lat' dir='ltr'>eo</span> <span class='ocrx_word' id='word_1_88' title='bbox 566 994 715 1044; x_wconf 89' lang='lat' dir='ltr'>distat</span> <span class='ocrx_word' id='word_1_89' title='bbox 749 1013 777 1045; x_wconf 92' lang='lat' dir='ltr'>a</span> <span class='ocrx_word' id='word_1_90' title='bbox 811 996 1055 1059; x_wconf 89' lang='lat' dir='ltr'>plebibus,</span> <span class='ocrx_word' id='word_1_91' title='bbox 1084 998 1221 1061; x_wconf 89' lang='lat' dir='ltr'>quod</span> <span class='ocrx_word' id='word_1_92' title='bbox 1255 1000 1466 1061; x_wconf 92' lang='lat' dir='ltr'>populus</span> <span class='ocrx_word' id='word_1_93' title='bbox 1500 998 1711 1048; x_wconf 87' lang='lat' dir='ltr'>universi</span> <span class='ocrx_word' id='word_1_94' title='bbox 1750 999 1880 1049; x_wconf 89' lang='lat' dir='ltr'>cives</span> <span class='ocrx_word' id='word_1_95' title='bbox 1914 1008 2043 1059; x_wconf 89' lang='lat' dir='ltr'>sunt,</span> <span class='ocrx_word' id='word_1_96' title='bbox 2073 1005 2123 1035; x_wconf 88' lang='lat'>10</span> 
     </span>
     <span class='ocr_line' id='line_1_12' title="bbox 292 1076 2047 1145; baseline 0.002 -20"><span class='ocrx_word' id='word_1_97' title='bbox 292 1076 660 1126; x_wconf 89' lang='lat' dir='ltr'>connumeratis</span> <span class='ocrx_word' id='word_1_98' title='bbox 686 1077 963 1127; x_wconf 89' lang='lat' dir='ltr'>senioribus</span> <span class='ocrx_word' id='word_1_99' title='bbox 990 1078 1211 1127; x_wconf 90' lang='lat' dir='ltr'>civitatis.</span> <span class='ocrx_word' id='word_1_100' title='bbox 1287 1078 1456 1145; x_wconf 87' lang='lat' dir='ltr'>[Plebs</span> <span class='ocrx_word' id='word_1_101' title='bbox 1485 1090 1652 1130; x_wconf 90' lang='lat' dir='ltr'>autem</span> <span class='ocrx_word' id='word_1_102' title='bbox 1678 1080 1920 1144; x_wconf 89' lang='lat' dir='ltr'>reliquum</span> <span class='ocrx_word' id='word_1_103' title='bbox 1947 1083 2047 1130; x_wconf 85' lang='lat' dir='ltr'>vul-</span> 
     </span>
    </p>

    <p class='ocr_par' dir='ltr' id='par_1_5' title="bbox 234 1159 2048 1386">
     <span class='ocr_line' id='line_1_13' title="bbox 234 1159 2048 1227; baseline 0.001 -17"><span class='ocrx_word' id='word_1_104' title='bbox 234 1163 269 1210; x_wconf 87' lang='grc'>6</span> <span class='ocrx_word' id='word_1_105' title='bbox 292 1175 380 1222; x_wconf 92' lang='lat' dir='ltr'>gus</span> <span class='ocrx_word' id='word_1_106' title='bbox 419 1160 524 1208; x_wconf 87' lang='lat' dir='ltr'>sine</span> <span class='ocrx_word' id='word_1_107' title='bbox 562 1159 836 1209; x_wconf 89' lang='lat' dir='ltr'>senioribus</span> <span class='ocrx_word' id='word_1_108' title='bbox 873 1159 1120 1227; x_wconf 90' lang='lat' dir='ltr'>civitatis.]</span> <span class='ocrx_word' id='word_1_109' title='bbox 1191 1164 1409 1224; x_wconf 90' lang='lat' dir='ltr'>Populus</span> <span class='ocrx_word' id='word_1_110' title='bbox 1449 1179 1564 1226; x_wconf 90' lang='lat' dir='ltr'>ergo</span> <span class='ocrx_word' id='word_1_111' title='bbox 1600 1172 1703 1212; x_wconf 88' lang='lat' dir='ltr'>tota</span> <span class='ocrx_word' id='word_1_112' title='bbox 1738 1162 1907 1212; x_wconf 89' lang='lat' dir='ltr'>civitas</span> <span class='ocrx_word' id='word_1_113' title='bbox 1944 1171 2048 1222; x_wconf 82' lang='lat' dir='ltr'>est3</span> 
     </span>
     <span class='ocr_line' id='line_1_14' title="bbox 292 1242 2048 1309; baseline 0.002 -20"><span class='ocrx_word' id='word_1_114' title='bbox 292 1243 465 1304; x_wconf 87' lang='lat' dir='ltr'>vulgus</span> <span class='ocrx_word' id='word_1_115' title='bbox 491 1258 607 1290; x_wconf 90' lang='lat' dir='ltr'>vero</span> <span class='ocrx_word' id='word_1_116' title='bbox 632 1242 775 1305; x_wconf 90' lang='lat' dir='ltr'>plebs</span> <span class='ocrx_word' id='word_1_117' title='bbox 801 1251 886 1292; x_wconf 89' lang='lat' dir='ltr'>est.</span> <span class='ocrx_word' id='word_1_118' title='bbox 962 1244 1110 1292; x_wconf 88' lang='lat' dir='ltr'>Plebs</span> <span class='ocrx_word' id='word_1_119' title='bbox 1135 1252 1302 1292; x_wconf 86' lang='lat' dir='ltr'>autem</span> <span class='ocrx_word' id='word_1_120' title='bbox 1329 1244 1461 1293; x_wconf 90' lang='lat' dir='ltr'>dicta</span> <span class='ocrx_word' id='word_1_121' title='bbox 1485 1262 1514 1293; x_wconf 92' lang='lat' dir='ltr'>a</span> <span class='ocrx_word' id='word_1_122' title='bbox 1546 1247 1821 1309; x_wconf 87' lang='lat' dir='ltr'>pluralitate</span> <span class='ocrx_word' id='word_1_123' title='bbox 1843 1264 1857 1306; x_wconf 92' lang='lat'>,·</span> <span class='ocrx_word' id='word_1_124' title='bbox 1892 1244 2048 1293; x_wconf 90' lang='lat' dir='ltr'>maior</span> 
     </span>
     <span class='ocr_line' id='line_1_15' title="bbox 295 1318 2048 1386; baseline 0.002 -19"><span class='ocrx_word' id='word_1_125' title='bbox 295 1329 368 1368; x_wconf 91' lang='lat' dir='ltr'>est</span> <span class='ocrx_word' id='word_1_126' title='bbox 405 1318 538 1368; x_wconf 91' lang='lat' dir='ltr'>enirn</span> <span class='ocrx_word' id='word_1_127' title='bbox 575 1337 809 1370; x_wconf 89' lang='lat' dir='ltr'>numerus</span> <span class='ocrx_word' id='word_1_128' title='bbox 853 1323 1101 1371; x_wconf 89' lang='lat' dir='ltr'>minorum</span> <span class='ocrx_word' id='word_1_129' title='bbox 1139 1338 1289 1385; x_wconf 87' lang='lat' dir='ltr'>quam</span> <span class='ocrx_word' id='word_1_130' title='bbox 1332 1325 1597 1372; x_wconf 89' lang='lat' dir='ltr'>seniorum.</span> <span class='ocrx_word' id='word_1_131' title='bbox 1672 1325 1890 1386; x_wconf 90' lang='lat' dir='ltr'>Populus</span> <span class='ocrx_word' id='word_1_132' title='bbox 1932 1339 2048 1372; x_wconf 89' lang='lat' dir='ltr'>vero</span> 
     </span>
    </p>
   </div>
   <div class='ocr_carea' id='block_1_3' title="bbox 223 1402 2128 2371">
    <p class='ocr_par' dir='ltr' id='par_1_6' title="bbox 294 1402 2123 1551">
     <span class='ocr_line' id='line_1_16' title="bbox 294 1402 2123 1469; baseline 0 -16"><span class='ocrx_word' id='word_1_133' title='bbox 294 1406 322 1453; x_wconf 85' lang='lat'>†</span> <span class='ocrx_word' id='word_1_134' title='bbox 339 1409 668 1467; x_wconf 70' lang='grc' dir='ltr'>σουχναμοις-Ι·</span> <span class='ocrx_word' id='word_1_135' title='bbox 693 1402 885 1464; x_wconf 82' lang='lat' dir='ltr'>dicitur,</span> <span class='ocrx_word' id='word_1_136' title='bbox 909 1404 960 1453; x_wconf 84' lang='lat' dir='ltr'>id</span> <span class='ocrx_word' id='word_1_137' title='bbox 977 1414 1049 1453; x_wconf 82' lang='lat' dir='ltr'>est</span> <span class='ocrx_word' id='word_1_138' title='bbox 1069 1410 1097 1455; x_wconf 87' lang='lat'><em>†</em></span> <span class='ocrx_word' id='word_1_139' title='bbox 1123 1426 1337 1457; x_wconf 83' lang='grc' dir='ltr'>σιτοασις</span> <span class='ocrx_word' id='word_1_140' title='bbox 1356 1410 1398 1455; x_wconf 78' lang='lat'>†.</span> <span class='ocrx_word' id='word_1_141' title='bbox 1470 1407 1618 1455; x_wconf 83' lang='lat' dir='ltr'>Vnde</span> <span class='ocrx_word' id='word_1_142' title='bbox 1639 1414 1687 1454; x_wconf 80' lang='lat' dir='ltr'>et</span> <span class='ocrx_word' id='word_1_143' title='bbox 1711 1407 1924 1469; x_wconf 88' lang='lat' dir='ltr'>populus</span> <span class='ocrx_word' id='word_1_144' title='bbox 1951 1404 2049 1454; x_wconf 86' lang='lat' dir='ltr'>diC-</span> <span class='ocrx_word' id='word_1_145' title='bbox 2077 1420 2123 1462; x_wconf 91' lang='lat'>15</span> 
     </span>
     <span class='ocr_line' id='line_1_17' title="bbox 296 1482 2048 1551; baseline 0.002 -19"><span class='ocrx_word' id='word_1_146' title='bbox 296 1482 481 1534; x_wconf 63' lang='lat' dir='ltr'>tus‘est.</span> <span class='ocrx_word' id='word_1_147' title='bbox 526 1486 716 1534; x_wconf 90' lang='lat' dir='ltr'>Graece</span> <span class='ocrx_word' id='word_1_148' title='bbox 740 1495 907 1535; x_wconf 89' lang='lat' dir='ltr'>autern</span> <span class='ocrx_word' id='word_1_149' title='bbox 932 1489 1145 1551; x_wconf 91' lang='lat' dir='ltr'>populus</span> <span class='ocrx_word' id='word_1_150' title='bbox 1165 1488 1280 1539; x_wconf 88' lang='grc' dir='ltr'>λαὸς</span> <span class='ocrx_word' id='word_1_151' title='bbox 1304 1487 1495 1548; x_wconf 88' lang='lat' dir='ltr'>dicitur,</span> <span class='ocrx_word' id='word_1_152' title='bbox 1513 1504 1542 1535; x_wconf 89' lang='lat' dir='ltr'>a</span> <span class='ocrx_word' id='word_1_153' title='bbox 1557 1487 1818 1551; x_wconf 88' lang='lat' dir='ltr'>lapidibus.</span> <span class='ocrx_word' id='word_1_154' title='bbox 1858 1488 2048 1550; x_wconf 86' lang='lat' dir='ltr'>Vulgus</span> 
     </span>
    </p>

    <p class='ocr_par' dir='ltr' id='par_1_7' title="bbox 244 1567 2128 1962">
     <span class='ocr_line' id='line_1_18' title="bbox 244 1567 2051 1635; baseline 0 -19"><span class='ocrx_word' id='word_1_155' title='bbox 244 1582 276 1635; x_wconf 87' lang='lat'><em>7</em></span> <span class='ocrx_word' id='word_1_156' title='bbox 297 1575 371 1616; x_wconf 86' lang='lat' dir='ltr'>est</span> <span class='ocrx_word' id='word_1_157' title='bbox 396 1568 578 1629; x_wconf 91' lang='lat' dir='ltr'>passim</span> <span class='ocrx_word' id='word_1_158' title='bbox 605 1567 887 1618; x_wconf 89' lang='lat' dir='ltr'>inhabitans</span> <span class='ocrx_word' id='word_1_159' title='bbox 912 1568 1194 1630; x_wconf 89' lang='lat' dir='ltr'>multitudo,</span> <span class='ocrx_word' id='word_1_160' title='bbox 1223 1569 1362 1633; x_wconf 87' lang='lat' dir='ltr'>quasi</span> <span class='ocrx_word' id='word_1_161' title='bbox 1388 1569 1597 1634; x_wconf 89' lang='lat' dir='ltr'>quisque</span> <span class='ocrx_word' id='word_1_162' title='bbox 1622 1586 1722 1632; x_wconf 88' lang='lat' dir='ltr'>quo</span> <span class='ocrx_word' id='word_1_163' title='bbox 1758 1571 1873 1619; x_wconf 91' lang='lat' dir='ltr'>vult.</span> <span class='ocrx_word' id='word_1_164' title='bbox 1948 1568 2051 1616; x_wconf 92' lang='lat' dir='ltr'>Tri-</span> 
     </span>
     <span class='ocr_line' id='line_1_19' title="bbox 294 1650 2050 1716; baseline 0.001 -18"><span class='ocrx_word' id='word_1_165' title='bbox 294 1650 387 1698; x_wconf 91' lang='lat' dir='ltr'>bus</span> <span class='ocrx_word' id='word_1_166' title='bbox 413 1650 645 1699; x_wconf 91' lang='lat' dir='ltr'>dicuntur</span> <span class='ocrx_word' id='word_1_167' title='bbox 668 1659 923 1716; x_wconf 88' lang='lat' dir='ltr'>tamquam</span> <span class='ocrx_word' id='word_1_168' title='bbox 950 1651 1114 1701; x_wconf 90' lang='lat' dir='ltr'>curiae</span> <span class='ocrx_word' id='word_1_169' title='bbox 1131 1662 1179 1702; x_wconf 91' lang='lat' dir='ltr'>et</span> <span class='ocrx_word' id='word_1_170' title='bbox 1195 1651 1600 1716; x_wconf 90' lang='lat' dir='ltr'>congregationes</span> <span class='ocrx_word' id='word_1_171' title='bbox 1621 1651 1881 1701; x_wconf 89' lang='lat' dir='ltr'>distinctae</span> <span class='ocrx_word' id='word_1_172' title='bbox 1898 1667 2050 1715; x_wconf 89' lang='lat' dir='ltr'>popu-</span> 
     </span>
     <span class='ocr_line' id='line_1_20' title="bbox 293 1732 2051 1798; baseline 0.002 -18"><span class='ocrx_word' id='word_1_173' title='bbox 293 1734 468 1791; x_wconf 90' lang='lat' dir='ltr'>lorum,</span> <span class='ocrx_word' id='word_1_174' title='bbox 488 1741 536 1781; x_wconf 89' lang='lat' dir='ltr'>et</span> <span class='ocrx_word' id='word_1_175' title='bbox 561 1742 766 1783; x_wconf 87' lang='lat' dir='ltr'>vocatae</span> <span class='ocrx_word' id='word_1_176' title='bbox 786 1732 941 1783; x_wconf 89' lang='lat' dir='ltr'>tribus</span> <span class='ocrx_word' id='word_1_177' title='bbox 959 1734 1022 1784; x_wconf 90' lang='lat' dir='ltr'>ab</span> <span class='ocrx_word' id='word_1_178' title='bbox 1044 1752 1104 1783; x_wconf 90' lang='lat' dir='ltr'>eo</span> <span class='ocrx_word' id='word_1_179' title='bbox 1129 1736 1266 1798; x_wconf 87' lang='lat' dir='ltr'>quod</span> <span class='ocrx_word' id='word_1_180' title='bbox 1291 1734 1341 1782; x_wconf 89' lang='lat' dir='ltr'>in</span> <span class='ocrx_word' id='word_1_181' title='bbox 1362 1733 1604 1798; x_wconf 91' lang='lat' dir='ltr'>principio</span> <span class='ocrx_word' id='word_1_182' title='bbox 1631 1733 1847 1783; x_wconf 87' lang='lat' dir='ltr'>Romani</span> <span class='ocrx_word' id='word_1_183' title='bbox 1873 1732 2051 1783; x_wconf 89' lang='lat' dir='ltr'>trifarie</span> 
     </span>
     <span class='ocr_line' id='line_1_21' title="bbox 295 1815 2128 1879; baseline -0.001 -17"><span class='ocrx_word' id='word_1_184' title='bbox 295 1816 492 1863; x_wconf 88' lang='lat' dir='ltr'>fuerunt</span> <span class='ocrx_word' id='word_1_185' title='bbox 507 1831 537 1863; x_wconf 87' lang='lat' dir='ltr'>a</span> <span class='ocrx_word' id='word_1_186' title='bbox 554 1817 774 1864; x_wconf 89' lang='lat' dir='ltr'>Romulo</span> <span class='ocrx_word' id='word_1_187' title='bbox 791 1815 1053 1879; x_wconf 88' lang='lat' dir='ltr'>dispertiti:</span> <span class='ocrx_word' id='word_1_188' title='bbox 1074 1816 1125 1864; x_wconf 90' lang='lat' dir='ltr'>in</span> <span class='ocrx_word' id='word_1_189' title='bbox 1143 1816 1466 1876; x_wconf 89' lang='lat' dir='ltr'>senatoribus,</span> <span class='ocrx_word' id='word_1_190' title='bbox 1485 1816 1723 1865; x_wconf 91' lang='lat' dir='ltr'>militibus</span> <span class='ocrx_word' id='word_1_191' title='bbox 1740 1825 1788 1865; x_wconf 92' lang='lat' dir='ltr'>et</span> <span class='ocrx_word' id='word_1_192' title='bbox 1804 1815 2048 1879; x_wconf 90' lang='lat' dir='ltr'>plebibus.</span> <span class='ocrx_word' id='word_1_193' title='bbox 2078 1832 2128 1860; x_wconf 86' lang='lat'>20</span> 
     </span>
     <span class='ocr_line' id='line_1_22' title="bbox 298 1896 2047 1962; baseline 0.001 -18"><span class='ocrx_word' id='word_1_194' title='bbox 298 1898 442 1959; x_wconf 86' lang='lat' dir='ltr'>Quae</span> <span class='ocrx_word' id='word_1_195' title='bbox 458 1904 626 1946; x_wconf 89' lang='lat' dir='ltr'>tamen</span> <span class='ocrx_word' id='word_1_196' title='bbox 642 1897 797 1946; x_wconf 89' lang='lat' dir='ltr'>tribus</span> <span class='ocrx_word' id='word_1_197' title='bbox 817 1914 951 1946; x_wconf 92' lang='lat' dir='ltr'>nunc</span> <span class='ocrx_word' id='word_1_198' title='bbox 972 1898 1326 1962; x_wconf 88' lang='lat' dir='ltr'>multiplicatae</span> <span class='ocrx_word' id='word_1_199' title='bbox 1342 1913 1528 1947; x_wconf 91' lang='lat' dir='ltr'>nomen</span> <span class='ocrx_word' id='word_1_200' title='bbox 1543 1896 1805 1961; x_wconf 90' lang='lat' dir='ltr'>pristinum</span> <span class='ocrx_word' id='word_1_201' title='bbox 1822 1896 2047 1946; x_wconf 79' lang='lat' dir='ltr'>retinent.</span> 
     </span>
    </p>

    <p class='ocr_par' dir='ltr' id='par_1_8' title="bbox 243 1977 2051 2126">
     <span class='ocr_line' id='line_1_23' title="bbox 243 1977 2051 2044; baseline 0.002 -20"><span class='ocrx_word' id='word_1_202' title='bbox 243 1977 273 2024; x_wconf 91' lang='lat'>8</span> <span class='ocrx_word' id='word_1_203' title='bbox 297 1977 500 2028; x_wconf 86' lang='lat' dir='ltr'>Senatui</span> <span class='ocrx_word' id='word_1_204' title='bbox 519 1994 705 2028; x_wconf 92' lang='lat' dir='ltr'>nomen</span> <span class='ocrx_word' id='word_1_205' title='bbox 723 1988 857 2029; x_wconf 88' lang='lat' dir='ltr'>aetas</span> <span class='ocrx_word' id='word_1_206' title='bbox 877 1980 1029 2040; x_wconf 91' lang='lat' dir='ltr'>dedit,</span> <span class='ocrx_word' id='word_1_207' title='bbox 1053 1981 1191 2044; x_wconf 89' lang='lat' dir='ltr'>quod</span> <span class='ocrx_word' id='word_1_208' title='bbox 1210 1979 1426 2029; x_wconf 87' lang='lat' dir='ltr'>seniores</span> <span class='ocrx_word' id='word_1_209' title='bbox 1447 1989 1623 2028; x_wconf 90' lang='lat' dir='ltr'>essent.</span> <span class='ocrx_word' id='word_1_210' title='bbox 1670 1980 1767 2027; x_wconf 90' lang='lat' dir='ltr'>Alii</span> <span class='ocrx_word' id='word_1_211' title='bbox 1787 1996 1816 2027; x_wconf 91' lang='lat' dir='ltr'>a</span> <span class='ocrx_word' id='word_1_212' title='bbox 1840 1978 2051 2028; x_wconf 91' lang='lat' dir='ltr'>sinendo</span> 
     </span>
     <span class='ocr_line' id='line_1_24' title="bbox 298 2059 2047 2126; baseline -0.001 -16"><span class='ocrx_word' id='word_1_213' title='bbox 298 2059 457 2110; x_wconf 91' lang='lat' dir='ltr'>dictos</span> <span class='ocrx_word' id='word_1_214' title='bbox 483 2060 734 2124; x_wconf 90' lang='lat' dir='ltr'>accipiunt</span> <span class='ocrx_word' id='word_1_215' title='bbox 759 2070 1024 2112; x_wconf 88' lang='lat' dir='ltr'>senatores.</span> <span class='ocrx_word' id='word_1_216' title='bbox 1083 2061 1185 2126; x_wconf 90' lang='lat' dir='ltr'>Ipsi</span> <span class='ocrx_word' id='word_1_217' title='bbox 1202 2061 1334 2110; x_wconf 90' lang='lat' dir='ltr'>enim</span> <span class='ocrx_word' id='word_1_218' title='bbox 1354 2062 1532 2125; x_wconf 88' lang='lat' dir='ltr'>agendi</span> <span class='ocrx_word' id='word_1_219' title='bbox 1549 2062 1831 2110; x_wconf 88' lang='lat' dir='ltr'>facultatem</span> <span class='ocrx_word' id='word_1_220' title='bbox 1848 2061 2047 2110; x_wconf 89' lang='lat' dir='ltr'>dabant.</span> 
     </span>
    </p>

    <p class='ocr_par' dir='ltr' id='par_1_9' title="bbox 242 2141 2052 2206">
     <span class='ocr_line' id='line_1_25' title="bbox 242 2141 2052 2206; baseline -0.001 -14"><span class='ocrx_word' id='word_1_221' title='bbox 242 2155 277 2202; x_wconf 85' lang='lat'><strong>9</strong></span> <span class='ocrx_word' id='word_1_222' title='bbox 300 2145 768 2192; x_wconf 87' lang='lat' dir='ltr'>Senatusconsultus</span> <span class='ocrx_word' id='word_1_223' title='bbox 793 2161 822 2191; x_wconf 92' lang='lat' dir='ltr'>a</span> <span class='ocrx_word' id='word_1_224' title='bbox 846 2145 1155 2193; x_wconf 87' lang='lat' dir='ltr'>consulendo</span> <span class='ocrx_word' id='word_1_225' title='bbox 1180 2152 1229 2192; x_wconf 90' lang='lat' dir='ltr'>et</span> <span class='ocrx_word' id='word_1_226' title='bbox 1251 2144 1509 2192; x_wconf 87' lang='lat' dir='ltr'>tractando</span> <span class='ocrx_word' id='word_1_227' title='bbox 1534 2151 1608 2191; x_wconf 90' lang='lat' dir='ltr'>est</span> <span class='ocrx_word' id='word_1_228' title='bbox 1625 2141 1800 2203; x_wconf 87' lang='lat' dir='ltr'>dictus,</span> <span class='ocrx_word' id='word_1_229' title='bbox 1821 2143 1958 2206; x_wconf 88' lang='lat' dir='ltr'>quod</span> <span class='ocrx_word' id='word_1_230' title='bbox 1983 2142 2052 2192; x_wconf 94' lang='lat' dir='ltr'>sic</span> 
     </span>
    </p>

    <p class='ocr_par' dir='ltr' id='par_1_10' title="bbox 223 2224 2124 2371">
     <span class='ocr_line' id='line_1_26' title="bbox 223 2224 2124 2289; baseline -0.001 -14"><span class='ocrx_word' id='word_1_231' title='bbox 223 2234 281 2275; x_wconf 88' lang='lat'>10</span> <span class='ocrx_word' id='word_1_232' title='bbox 303 2225 357 2273; x_wconf 86' lang='lat' dir='ltr'>fit</span> <span class='ocrx_word' id='word_1_233' title='bbox 377 2234 431 2273; x_wconf 88' lang='lat' dir='ltr'>ut</span> <span class='ocrx_word' id='word_1_234' title='bbox 449 2226 706 2274; x_wconf 88' lang='lat' dir='ltr'>consuleat</span> <span class='ocrx_word' id='word_1_235' title='bbox 726 2235 774 2274; x_wconf 91' lang='lat' dir='ltr'>et</span> <span class='ocrx_word' id='word_1_236' title='bbox 793 2243 972 2275; x_wconf 90' lang='lat' dir='ltr'>nocere</span> <span class='ocrx_word' id='word_1_237' title='bbox 991 2241 1094 2275; x_wconf 91' lang='lat' dir='ltr'>non</span> <span class='ocrx_word' id='word_1_238' title='bbox 1113 2224 1281 2289; x_wconf 91' lang='lat' dir='ltr'>possit.</span> <span class='ocrx_word' id='word_1_239' title='bbox 1332 2228 1500 2274; x_wconf 90' lang='lat' dir='ltr'>Patres</span> <span class='ocrx_word' id='word_1_240' title='bbox 1519 2234 1698 2285; x_wconf 89' lang='lat' dir='ltr'>autem,</span> <span class='ocrx_word' id='word_1_241' title='bbox 1722 2233 1776 2273; x_wconf 93' lang='lat' dir='ltr'>ut</span> <span class='ocrx_word' id='word_1_242' title='bbox 1796 2226 2052 2273; x_wconf 88' lang='lat' dir='ltr'>Sallustius</span> <span class='ocrx_word' id='word_1_243' title='bbox 2077 2244 2124 2286; x_wconf 87' lang='lat'>25</span> 
     </span>
     <span class='ocr_line' id='line_1_27' title="bbox 303 2305 2056 2371; baseline -0.001 -15"><span class='ocrx_word' id='word_1_244' title='bbox 303 2306 433 2371; x_wconf 90' lang='lat' dir='ltr'>(Cat.</span> <span class='ocrx_word' id='word_1_245' title='bbox 457 2306 508 2370; x_wconf 87' lang='lat'>6)</span> <span class='ocrx_word' id='word_1_246' title='bbox 551 2306 684 2367; x_wconf 88' lang='lat' dir='ltr'>dicit,</span> <span class='ocrx_word' id='word_1_247' title='bbox 724 2325 754 2356; x_wconf 94' lang='lat' dir='ltr'>a</span> <span class='ocrx_word' id='word_1_248' title='bbox 789 2324 934 2357; x_wconf 90' lang='lat' dir='ltr'>curae</span> <span class='ocrx_word' id='word_1_249' title='bbox 972 2306 1293 2356; x_wconf 89' lang='lat' dir='ltr'>similitudine</span> <span class='ocrx_word' id='word_1_250' title='bbox 1333 2306 1494 2356; x_wconf 89' lang='lat' dir='ltr'>vocati</span> <span class='ocrx_word' id='word_1_251' title='bbox 1536 2316 1664 2356; x_wconf 89' lang='lat' dir='ltr'>sunt.</span> <span class='ocrx_word' id='word_1_252' title='bbox 1754 2307 1885 2355; x_wconf 89' lang='lat' dir='ltr'>Nam</span> <span class='ocrx_word' id='word_1_253' title='bbox 1927 2305 2056 2355; x_wconf 89' lang='lat' dir='ltr'>sicut</span> 
     </span>
    </p>
   </div>
   <div class='ocr_carea' id='block_1_4' title="bbox 305 2435 2176 3036">
    <p class='ocr_par' dir='ltr' id='par_1_11' title="bbox 305 2435 2176 3036">
     <span class='ocr_line' id='line_1_28' title="bbox 361 2435 2052 2486; baseline 0 -12"><span class='ocrx_word' id='word_1_254' title='bbox 361 2448 379 2474; x_wconf 91' lang='lat'>1</span> <span class='ocrx_word' id='word_1_255' title='bbox 413 2435 491 2475; x_wconf 85' lang='lat' dir='ltr'>fuit</span> <span class='ocrx_word' id='word_1_256' title='bbox 514 2436 563 2474; x_wconf 90' lang='lat' dir='ltr'>Cl</span> <span class='ocrx_word' id='word_1_257' title='bbox 685 2436 813 2476; x_wconf 84' lang='lat' dir='ltr'>totior</span> <span class='ocrx_word' id='word_1_258' title='bbox 836 2437 885 2475; x_wconf 87' lang='lat' dir='ltr'>C1</span> <span class='ocrx_word' id='word_1_259' title='bbox 905 2451 914 2476; x_wconf 74' lang='grc' dir='ltr'>ε</span> <span class='ocrx_word' id='word_1_260' title='bbox 944 2437 1088 2476; x_wconf 91' lang='lat' dir='ltr'>tuitior</span> <span class='ocrx_word' id='word_1_261' title='bbox 1114 2436 1152 2477; x_wconf 85' lang='lat' dir='ltr'><em>T</em></span> <span class='ocrx_word' id='word_1_262' title='bbox 1256 2449 1280 2486; x_wconf 90' lang='lat'>5</span> <span class='ocrx_word' id='word_1_263' title='bbox 1309 2450 1404 2476; x_wconf 92' lang='lat' dir='ltr'>nam</span> <span class='ocrx_word' id='word_1_264' title='bbox 1428 2450 1509 2476; x_wconf 85' lang='lat' dir='ltr'>om.</span> <span class='ocrx_word' id='word_1_265' title='bbox 1535 2436 1603 2476; x_wconf 93' lang='lat' dir='ltr'>K:</span> <span class='ocrx_word' id='word_1_266' title='bbox 1633 2449 1730 2476; x_wconf 88' lang='lat' dir='ltr'>narn</span> <span class='ocrx_word' id='word_1_267' title='bbox 1753 2435 1918 2485; x_wconf 82' lang='grc' dir='ltr'>δώματα</span> <span class='ocrx_word' id='word_1_268' title='bbox 1936 2437 2052 2486; x_wconf 89' lang='lat' dir='ltr'>greci</span> 
     </span>
     <span class='ocr_line' id='line_1_29' title="bbox 305 2491 2058 2541; baseline 0.001 -11"><span class='ocrx_word' id='word_1_269' title='bbox 305 2496 419 2531; x_wconf 85' lang='lat' dir='ltr'>tecta</span> <span class='ocrx_word' id='word_1_270' title='bbox 440 2491 584 2529; x_wconf 92' lang='lat' dir='ltr'>dicunt</span> <span class='ocrx_word' id='word_1_271' title='bbox 606 2491 641 2530; x_wconf 90' lang='lat' dir='ltr'><em>C</em></span> <span class='ocrx_word' id='word_1_272' title='bbox 830 2491 973 2531; x_wconf 91' lang='lat' dir='ltr'>liberis</span> <span class='ocrx_word' id='word_1_273' title='bbox 994 2492 1049 2530; x_wconf 86' lang='grc' dir='ltr'>Β1</span> <span class='ocrx_word' id='word_1_274' title='bbox 1271 2504 1327 2530; x_wconf 85' lang='lat' dir='ltr'>ex</span> <span class='ocrx_word' id='word_1_275' title='bbox 1347 2491 1465 2530; x_wconf 90' lang='lat' dir='ltr'>liberi</span> <span class='ocrx_word' id='word_1_276' title='bbox 1487 2491 1534 2529; x_wconf 90' lang='lat' dir='ltr'><em>K</em></span> <span class='ocrx_word' id='word_1_277' title='bbox 1745 2497 1943 2541; x_wconf 87' lang='lat' dir='ltr'>suscepta</span> <span class='ocrx_word' id='word_1_278' title='bbox 1962 2492 1988 2531; x_wconf 91' lang='lat' dir='ltr'>f.</span> <span class='ocrx_word' id='word_1_279' title='bbox 2020 2492 2058 2531; x_wconf 92' lang='lat' dir='ltr'><em>T</em></span> 
     </span>
     <span class='ocr_line' id='line_1_30' title="bbox 305 2545 2050 2599; baseline 0.001 -15"><span class='ocrx_word' id='word_1_280' title='bbox 305 2548 332 2584; x_wconf 88' lang='lat'><strong>6</strong></span> <span class='ocrx_word' id='word_1_281' title='bbox 360 2546 453 2598; x_wconf 88' lang='lat' dir='ltr'>aut]</span> <span class='ocrx_word' id='word_1_282' title='bbox 474 2552 614 2585; x_wconf 88' lang='lat' dir='ltr'>autem</span> <span class='ocrx_word' id='word_1_283' title='bbox 634 2547 674 2584; x_wconf 88' lang='lat' dir='ltr'><em>B</em></span> <span class='ocrx_word' id='word_1_284' title='bbox 693 2561 703 2586; x_wconf 69' lang='grc' dir='ltr'>ι</span> <span class='ocrx_word' id='word_1_285' title='bbox 732 2560 815 2586; x_wconf 85' lang='lat' dir='ltr'>om.</span> <span class='ocrx_word' id='word_1_286' title='bbox 839 2546 887 2585; x_wconf 93' lang='lat' dir='ltr'><em>K</em></span> <span class='ocrx_word' id='word_1_287' title='bbox 1090 2547 1143 2586; x_wconf 89' lang='lat' dir='ltr'>ad</span> <span class='ocrx_word' id='word_1_288' title='bbox 1164 2547 1249 2596; x_wconf 89' lang='lat' dir='ltr'>gig.</span> <span class='ocrx_word' id='word_1_289' title='bbox 1273 2546 1324 2585; x_wconf 81' lang='lat' dir='ltr'>Cl</span> <span class='ocrx_word' id='word_1_290' title='bbox 1551 2552 1624 2585; x_wconf 87' lang='lat' dir='ltr'>aut</span> <span class='ocrx_word' id='word_1_291' title='bbox 1654 2545 1889 2585; x_wconf 87' lang='lat' dir='ltr'>difinitione</span> <span class='ocrx_word' id='word_1_292' title='bbox 1919 2546 2050 2599; x_wconf 87' lang='lat' dir='ltr'>(diff.)</span> 
     </span>
     <span class='ocr_line' id='line_1_31' title="bbox 309 2599 2053 2651; baseline -0.001 -11"><span class='ocrx_word' id='word_1_293' title='bbox 309 2599 412 2640; x_wconf 84' lang='lat' dir='ltr'>C1K</span> <span class='ocrx_word' id='word_1_294' title='bbox 424 2614 432 2642; x_wconf 90' lang='lat'><strong>:</strong></span> <span class='ocrx_word' id='word_1_295' title='bbox 471 2606 543 2639; x_wconf 87' lang='lat' dir='ltr'>aut</span> <span class='ocrx_word' id='word_1_296' title='bbox 563 2614 587 2639; x_wconf 91' lang='lat' dir='ltr'>a</span> <span class='ocrx_word' id='word_1_297' title='bbox 609 2602 901 2641; x_wconf 88' lang='lat' dir='ltr'>definitionum</span> <span class='ocrx_word' id='word_1_298' title='bbox 923 2601 989 2640; x_wconf 88' lang='lat' dir='ltr'>B:</span> <span class='ocrx_word' id='word_1_299' title='bbox 1010 2607 1083 2640; x_wconf 89' lang='lat' dir='ltr'>aut</span> <span class='ocrx_word' id='word_1_300' title='bbox 1103 2615 1126 2640; x_wconf 87' lang='lat' dir='ltr'>a</span> <span class='ocrx_word' id='word_1_301' title='bbox 1151 2601 1409 2640; x_wconf 88' lang='lat' dir='ltr'>divinatione</span> <span class='ocrx_word' id='word_1_302' title='bbox 1437 2601 1475 2640; x_wconf 99' lang='grc' dir='ltr'><em>Τ</em></span> <span class='ocrx_word' id='word_1_303' title='bbox 1672 2614 1694 2651; x_wconf 94' lang='lat'><strong>7</strong></span> <span class='ocrx_word' id='word_1_304' title='bbox 1727 2607 1966 2645; x_wconf 85' lang='lat' dir='ltr'>ceterorum</span> <span class='ocrx_word' id='word_1_305' title='bbox 1990 2600 2026 2639; x_wconf 89' lang='lat' dir='ltr'><em>C</em></span> <span class='ocrx_word' id='word_1_306' title='bbox 2042 2613 2053 2640; x_wconf 65' lang='grc' dir='ltr'><strong>ε</strong></span> 
     </span>
     <span class='ocr_line' id='line_1_32' title="bbox 308 2655 2052 2708; baseline -0.001 -13"><span class='ocrx_word' id='word_1_307' title='bbox 308 2661 542 2695; x_wconf 87' lang='lat' dir='ltr'>castrorum</span> <span class='ocrx_word' id='word_1_308' title='bbox 561 2656 603 2694; x_wconf 89' lang='grc' dir='ltr'><em>Β</em></span> <span class='ocrx_word' id='word_1_309' title='bbox 714 2662 1081 2708; x_wconf 83' lang='lat' dir='ltr'>propugnatorum</span> <span class='ocrx_word' id='word_1_310' title='bbox 1104 2656 1154 2696; x_wconf 80' lang='lat' dir='ltr'>Cl</span> <span class='ocrx_word' id='word_1_311' title='bbox 1316 2656 1341 2693; x_wconf 90' lang='lat'>8</span> <span class='ocrx_word' id='word_1_312' title='bbox 1370 2655 1596 2695; x_wconf 88' lang='lat' dir='ltr'>terminata</span> <span class='ocrx_word' id='word_1_313' title='bbox 1616 2655 1664 2694; x_wconf 94' lang='lat' dir='ltr'><em>K</em></span> <span class='ocrx_word' id='word_1_314' title='bbox 1819 2670 1847 2706; x_wconf 90' lang='lat'><strong>9</strong></span> <span class='ocrx_word' id='word_1_315' title='bbox 1875 2668 2052 2695; x_wconf 86' lang='lat' dir='ltr'>consen·</span> 
     </span>
     <span class='ocr_line' id='line_1_33' title="bbox 307 2709 2052 2750; baseline -0.001 0"><span class='ocrx_word' id='word_1_316' title='bbox 307 2723 401 2750; x_wconf 88' lang='lat' dir='ltr'>sum</span> <span class='ocrx_word' id='word_1_317' title='bbox 422 2716 465 2749; x_wconf 88' lang='lat' dir='ltr'>et</span> <span class='ocrx_word' id='word_1_318' title='bbox 486 2711 712 2750; x_wconf 87' lang='lat' dir='ltr'>concordis</span> <span class='ocrx_word' id='word_1_319' title='bbox 734 2711 784 2750; x_wconf 86' lang='lat' dir='ltr'>Cl</span> <span class='ocrx_word' id='word_1_320' title='bbox 895 2712 1079 2750; x_wconf 89' lang='lat' dir='ltr'>sociatos</span> <span class='ocrx_word' id='word_1_321' title='bbox 1101 2710 1151 2750; x_wconf 91' lang='lat' dir='ltr'>C1</span> <span class='ocrx_word' id='word_1_322' title='bbox 1297 2724 1348 2750; x_wconf 93' lang='lat'>10</span> <span class='ocrx_word' id='word_1_323' title='bbox 1377 2711 1586 2750; x_wconf 86' lang='lat' dir='ltr'>universis</span> <span class='ocrx_word' id='word_1_324' title='bbox 1607 2709 1655 2748; x_wconf 94' lang='lat' dir='ltr'><em>K</em></span> <span class='ocrx_word' id='word_1_325' title='bbox 1816 2722 1861 2749; x_wconf 93' lang='lat'>11</span> <span class='ocrx_word' id='word_1_326' title='bbox 1896 2722 2052 2749; x_wconf 78' lang='lat' dir='ltr'>connu-</span> 
     </span>
     <span class='ocr_line' id='line_1_34' title="bbox 310 2764 2047 2816; baseline 0.001 -13"><span class='ocrx_word' id='word_1_327' title='bbox 310 2770 498 2804; x_wconf 88' lang='lat' dir='ltr'>meratus</span> <span class='ocrx_word' id='word_1_328' title='bbox 517 2764 574 2803; x_wconf 84' lang='grc' dir='ltr'>Βι</span> <span class='ocrx_word' id='word_1_329' title='bbox 760 2765 941 2806; x_wconf 89' lang='lat' dir='ltr'>civitatis</span> <span class='ocrx_word' id='word_1_330' title='bbox 961 2779 1045 2807; x_wconf 87' lang='lat' dir='ltr'>om.</span> <span class='ocrx_word' id='word_1_331' title='bbox 1075 2766 1147 2806; x_wconf 91' lang='lat' dir='ltr'>TC</span> <span class='ocrx_word' id='word_1_332' title='bbox 1325 2765 1446 2816; x_wconf 90' lang='lat' dir='ltr'>plebs</span> <span class='ocrx_word' id='word_1_333' title='bbox 1466 2794 1477 2806; x_wconf 91' lang='lat'>.</span> <span class='ocrx_word' id='word_1_334' title='bbox 1503 2795 1512 2806; x_wconf 94' lang='lat'>.</span> <span class='ocrx_word' id='word_1_335' title='bbox 1535 2795 1546 2806; x_wconf 90' lang='lat'>.</span> <span class='ocrx_word' id='word_1_336' title='bbox 1567 2765 1644 2805; x_wconf 91' lang='lat' dir='ltr'>civ.</span> <span class='ocrx_word' id='word_1_337' title='bbox 1667 2765 1757 2806; x_wconf 78' lang='lat' dir='ltr'>hab.</span> <span class='ocrx_word' id='word_1_338' title='bbox 1781 2764 1914 2805; x_wconf 85' lang='grc' dir='ltr'>ΛΒΤ</span> <span class='ocrx_word' id='word_1_339' title='bbox 1925 2778 1936 2804; x_wconf 88' lang='lat'>:</span> <span class='ocrx_word' id='word_1_340' title='bbox 1964 2776 2047 2805; x_wconf 85' lang='lat' dir='ltr'>om.</span> 
     </span>
     <span class='ocr_line' id='line_1_35' title="bbox 310 2817 2052 2872; baseline 0.001 -13"><span class='ocrx_word' id='word_1_341' title='bbox 310 2818 412 2860; x_wconf 83' lang='lat' dir='ltr'>C1K</span> <span class='ocrx_word' id='word_1_342' title='bbox 519 2832 569 2869; x_wconf 88' lang='lat'>13</span> <span class='ocrx_word' id='word_1_343' title='bbox 597 2819 719 2872; x_wconf 90' lang='lat' dir='ltr'>vero]</span> <span class='ocrx_word' id='word_1_344' title='bbox 745 2834 817 2860; x_wconf 91' lang='lat' dir='ltr'>ero</span> <span class='ocrx_word' id='word_1_345' title='bbox 841 2820 891 2860; x_wconf 78' lang='lat' dir='ltr'>Cl</span> <span class='ocrx_word' id='word_1_346' title='bbox 1004 2833 1052 2871; x_wconf 89' lang='lat'>15</span> <span class='ocrx_word' id='word_1_347' title='bbox 1083 2820 1404 2871; x_wconf 77' lang='grc' dir='ltr'>σουχναμοιςΒε</span> <span class='ocrx_word' id='word_1_348' title='bbox 1426 2834 1625 2870; x_wconf 85' lang='grc' dir='ltr'>σουαναμο</span> <span class='ocrx_word' id='word_1_349' title='bbox 1648 2819 1724 2860; x_wconf 78' lang='lat' dir='ltr'>C1:</span> <span class='ocrx_word' id='word_1_350' title='bbox 1747 2832 1964 2870; x_wconf 84' lang='grc' dir='ltr'>συχναμοις</span> <span class='ocrx_word' id='word_1_351' title='bbox 1983 2817 2052 2860; x_wconf 85' lang='lat' dir='ltr'>K:</span> 
     </span>
     <span class='ocr_line' id='line_1_36' title="bbox 307 2874 2176 2927; baseline 0.001 -14"><span class='ocrx_word' id='word_1_352' title='bbox 307 2887 562 2926; x_wconf 78' lang='grc' dir='ltr'>σουχναμους</span> <span class='ocrx_word' id='word_1_353' title='bbox 582 2874 648 2927; x_wconf 84' lang='lat' dir='ltr'>(ex</span> <span class='ocrx_word' id='word_1_354' title='bbox 665 2875 769 2925; x_wconf 81' lang='grc' dir='ltr'>-μος)</span> <span class='ocrx_word' id='word_1_355' title='bbox 801 2876 839 2915; x_wconf 89' lang='grc' dir='ltr'><em>Τ</em></span> <span class='ocrx_word' id='word_1_356' title='bbox 970 2877 1136 2916; x_wconf 90' lang='lat' dir='ltr'>ducitur</span> <span class='ocrx_word' id='word_1_357' title='bbox 1158 2874 1194 2915; x_wconf 88' lang='lat' dir='ltr'><em>C</em></span> <span class='ocrx_word' id='word_1_358' title='bbox 1318 2887 1427 2915; x_wconf 82' lang='grc' dir='ltr'>σιτος</span> <span class='ocrx_word' id='word_1_359' title='bbox 1444 2887 1583 2915; x_wconf 82' lang='grc' dir='ltr'>ποασις</span> <span class='ocrx_word' id='word_1_360' title='bbox 1599 2874 1643 2914; x_wconf 90' lang='grc' dir='ltr'><em>Β</em></span> <span class='ocrx_word' id='word_1_361' title='bbox 1661 2888 1671 2913; x_wconf 90' lang='lat'>:</span> <span class='ocrx_word' id='word_1_362' title='bbox 1701 2874 1784 2914; x_wconf 91' lang='lat' dir='ltr'>cito</span> <span class='ocrx_word' id='word_1_363' title='bbox 1805 2879 1974 2919; x_wconf 78' lang='grc' dir='ltr'>σπολσις</span> <span class='ocrx_word' id='word_1_364' title='bbox 1995 2874 2050 2915; x_wconf 88' lang='lat' dir='ltr'>C:</span> <span class='ocrx_word' id='word_1_365' title='bbox 2171 2915 2176 2926; x_wconf 71' lang='grc'><em>,</em></span> 
     </span>
     <span class='ocr_line' id='line_1_37' title="bbox 307 2926 2176 2981; baseline 0.001 -12"><span class='ocrx_word' id='word_1_366' title='bbox 307 2930 390 2970; x_wconf 88' lang='lat' dir='ltr'>cito</span> <span class='ocrx_word' id='word_1_367' title='bbox 405 2930 522 2973; x_wconf 81' lang='lat' dir='ltr'>aciae</span> <span class='ocrx_word' id='word_1_368' title='bbox 537 2926 606 2969; x_wconf 88' lang='lat' dir='ltr'>K:</span> <span class='ocrx_word' id='word_1_369' title='bbox 626 2929 709 2968; x_wconf 88' lang='lat' dir='ltr'>cito</span> <span class='ocrx_word' id='word_1_370' title='bbox 721 2930 803 2969; x_wconf 90' lang='lat' dir='ltr'>cito</span> <span class='ocrx_word' id='word_1_371' title='bbox 818 2930 909 2969; x_wconf 89' lang='lat' dir='ltr'>acie</span> <span class='ocrx_word' id='word_1_372' title='bbox 930 2929 970 2969; x_wconf 91' lang='lat' dir='ltr'><em>T</em></span> <span class='ocrx_word' id='word_1_373' title='bbox 1047 2930 1128 2971; x_wconf 90' lang='lat' dir='ltr'>dic.</span> <span class='ocrx_word' id='word_1_374' title='bbox 1149 2943 1211 2981; x_wconf 85' lang='lat' dir='ltr'>gr.</span> <span class='ocrx_word' id='word_1_375' title='bbox 1230 2929 1267 2970; x_wconf 92' lang='lat' dir='ltr'><em>C</em></span> <span class='ocrx_word' id='word_1_376' title='bbox 1366 2932 1416 2970; x_wconf 89' lang='lat'>16</span> <span class='ocrx_word' id='word_1_377' title='bbox 1435 2929 1595 2981; x_wconf 88' lang='lat' dir='ltr'>autem]</span> <span class='ocrx_word' id='word_1_378' title='bbox 1612 2929 1726 2968; x_wconf 85' lang='lat' dir='ltr'>enim</span> <span class='ocrx_word' id='word_1_379' title='bbox 1741 2928 1782 2967; x_wconf 88' lang='grc' dir='ltr'><em>Β</em></span> <span class='ocrx_word' id='word_1_380' title='bbox 1883 2929 1932 2967; x_wconf 92' lang='lat'>18</span> <span class='ocrx_word' id='word_1_381' title='bbox 1951 2940 2052 2979; x_wconf 87' lang='lat' dir='ltr'>pop.</span> <span class='ocrx_word' id='word_1_382' title='bbox 2170 2940 2176 2981; x_wconf 64' lang='lat' dir='ltr'>fl</span> 
     </span>
     <span class='ocr_line' id='line_1_38' title="bbox 307 2981 2051 3036; baseline -0.001 -12"><span class='ocrx_word' id='word_1_383' title='bbox 307 2985 423 3024; x_wconf 86' lang='lat' dir='ltr'>unde</span> <span class='ocrx_word' id='word_1_384' title='bbox 444 2985 559 3024; x_wconf 90' lang='lat' dir='ltr'>dicta</span> <span class='ocrx_word' id='word_1_385' title='bbox 578 2984 715 3024; x_wconf 88' lang='lat' dir='ltr'>tribus</span> <span class='ocrx_word' id='word_1_386' title='bbox 733 2990 777 3024; x_wconf 87' lang='lat' dir='ltr'>et</span> <span class='ocrx_word' id='word_1_387' title='bbox 795 2998 886 3026; x_wconf 84' lang='lat' dir='ltr'>voc.</span> <span class='ocrx_word' id='word_1_388' title='bbox 911 2986 1008 3026; x_wconf 91' lang='lat' dir='ltr'>trib.</span> <span class='ocrx_word' id='word_1_389' title='bbox 1028 2985 1070 3024; x_wconf 90' lang='grc' dir='ltr'><em>Β</em></span> <span class='ocrx_word' id='word_1_390' title='bbox 1277 2997 1326 3024; x_wconf 88' lang='lat'>21</span> <span class='ocrx_word' id='word_1_391' title='bbox 1358 2998 1481 3036; x_wconf 91' lang='lat' dir='ltr'>quam</span> <span class='ocrx_word' id='word_1_392' title='bbox 1500 2990 1663 3024; x_wconf 84' lang='lat' dir='ltr'>tantum</span> <span class='ocrx_word' id='word_1_393' title='bbox 1685 2983 1780 3023; x_wconf 83' lang='lat' dir='ltr'>trib.</span> <span class='ocrx_word' id='word_1_394' title='bbox 1801 2981 1848 3028; x_wconf 88' lang='lat' dir='ltr'><em>K</em></span> <span class='ocrx_word' id='word_1_395' title='bbox 1865 2982 1968 3035; x_wconf 85' lang='lat' dir='ltr'>(non</span> <span class='ocrx_word' id='word_1_396' title='bbox 1987 2982 2051 3036; x_wconf 83' lang='lat' dir='ltr'>A)</span> 
     </span>
    </p>
   </div>
   <div class='ocr_carea' id='block_1_5' title="bbox 309 3037 2054 3144">
    <p class='ocr_par' dir='ltr' id='par_1_12' title="bbox 309 3037 2054 3144">
     <span class='ocr_line' id='line_1_39' title="bbox 309 3037 2054 3092; baseline 0 -14"><span class='ocrx_word' id='word_1_397' title='bbox 309 3038 536 3090; x_wconf 86' lang='lat' dir='ltr'>pristinum</span> <span class='ocrx_word' id='word_1_398' title='bbox 556 3053 639 3079; x_wconf 89' lang='lat' dir='ltr'>om.</span> <span class='ocrx_word' id='word_1_399' title='bbox 665 3037 712 3077; x_wconf 92' lang='lat' dir='ltr'><em>K</em></span> <span class='ocrx_word' id='word_1_400' title='bbox 727 3039 829 3092; x_wconf 86' lang='lat' dir='ltr'>(non</span> <span class='ocrx_word' id='word_1_401' title='bbox 848 3040 911 3091; x_wconf 87' lang='lat' dir='ltr'>A)</span> <span class='ocrx_word' id='word_1_402' title='bbox 1053 3052 1105 3080; x_wconf 81' lang='lat'>22</span> <span class='ocrx_word' id='word_1_403' title='bbox 1133 3039 1409 3081; x_wconf 85' lang='lat' dir='ltr'>aliasenendo</span> <span class='ocrx_word' id='word_1_404' title='bbox 1427 3040 1568 3079; x_wconf 87' lang='lat' dir='ltr'>dictus</span> <span class='ocrx_word' id='word_1_405' title='bbox 1589 3038 1646 3079; x_wconf 80' lang='grc' dir='ltr'>Β1</span> <span class='ocrx_word' id='word_1_406' title='bbox 1757 3051 1808 3089; x_wconf 86' lang='lat'>23</span> <span class='ocrx_word' id='word_1_407' title='bbox 1837 3037 2054 3089; x_wconf 87' lang='lat' dir='ltr'>accipiunt</span> 
     </span>
     <span class='ocr_line' id='line_1_40' title="bbox 309 3093 1178 3144; baseline 0.001 -10"><span class='ocrx_word' id='word_1_408' title='bbox 309 3107 392 3134; x_wconf 88' lang='lat' dir='ltr'>om.</span> <span class='ocrx_word' id='word_1_409' title='bbox 416 3094 459 3133; x_wconf 90' lang='grc' dir='ltr'><em>Β</em></span> <span class='ocrx_word' id='word_1_410' title='bbox 621 3105 674 3144; x_wconf 80' lang='lat'>25</span> <span class='ocrx_word' id='word_1_411' title='bbox 704 3093 925 3134; x_wconf 86' lang='lat' dir='ltr'>consoleat</span> <span class='ocrx_word' id='word_1_412' title='bbox 945 3094 992 3135; x_wconf 93' lang='lat' dir='ltr'><em>K</em></span> <span class='ocrx_word' id='word_1_413' title='bbox 1175 3113 1178 3115; x_wconf 97' lang='lat'>·</span> 
     </span>
    </p>
   </div>
  </div>
 </body>
</html>
