2176 3424
1061 109 1306 157 SIDORI

295 237 503 301 ignobili
535 237 761 301 gignitur,
790 238 916 287 sicut
941 254 1000 287 ex
1030 236 1324 287 concubina.
1398 238 1487 286 Est
1525 246 1693 288 autem
1730 239 1824 287 hoe
1858 254 2042 290 nomen

205 334 275 382 24
298 319 546 370 Graecum
573 329 621 370 et
642 320 691 368 in
719 319 984 369 Latinitate
1009 318 1189 368 deficit.
1266 318 1400 368 Huic
1426 318 1694 368 contrarius
1729 319 1934 383 spurius,
1962 320 2047 384 qui

300 403 364 452 de
389 411 544 451 matre
570 401 725 451 nobili
750 412 798 451 et
830 411 968 465 patre
1001 400 1206 464 ignobili
1239 400 1468 451 nascitur.
1542 402 1670 450 Item
1696 401 1888 466 spurius
1912 411 2049 465 patre

299 483 498 543 incert0,
539 493 694 534 matre
728 485 878 533 vidua
912 482 1122 547 genitUS,
1158 484 1291 531 velut
1326 491 1518 533 tanturn
1555 482 1705 547 spurii
1741 483 1869 532 filius
1886 502 1900 545 3
1937 484 2051 547 quia

302 565 595 615 muliebrem
629 576 855 615 naturam
881 576 1068 615 veteres
1094 565 1314 629 spurium
1340 566 1586 614 vocabant
1604 583 1618 625 3
1651 566 1783 615 velut
1810 567 1901 615 ἀπὸ
1929 564 2049 632 [τοῦ]
2076 590 2098 634 5

210 663 276 712 25
300 650 494 712 σπόρου,
511 650 608 697 hoc
622 658 696 698 est
710 648 936 710 seminis;
962 665 1064 697 non
1078 650 1227 712 patris
1241 648 1460 697 nomine.
1507 649 1726 697 Eosdem
1743 658 1790 697 et
1806 651 1845 696 F
1846 649 2050 698 avonios

299 730 631 795 appellabant,
653 731 768 794 quia
788 732 1035 793 quaedam
1054 729 1286 779 animalia
1311 729 1531 778 Favonio
1552 729 1722 793 spiritu
1742 731 1919 779 hausto
1939 747 2053 779 con-

303 813 466 877 cipere
502 813 855 863 existimantur.
930 814 1079 861 Vnde
1115 822 1163 861 et
1202 812 1268 874 hi,
1310 812 1395 875 qui
1433 829 1535 862 non
1579 822 1694 861 sunt
1731 815 1795 862 de
1832 813 2052 877 legitimo

302 896 635 956 matrimonio,
667 905 874 944 matrem
905 895 1070 959 potius
1103 911 1253 958 quam
1286 904 1477 958 patrem
1516 904 1802 959 sequuntur.
1878 896 2052 946 Latine

209 978 277 1026 26
301 987 467 1027 autem
485 978 635 1042 spurii
653 978 793 1041 quasi
813 987 946 1026 extra
965 978 1242 1041 puritatem,
1265 977 1317 1027 id
1337 987 1409 1026 est
1427 978 1566 1041 quasi
1584 980 1826 1028 inmundi.
1884 980 2053 1042 Nepos
2080 999 2128 1026 10

302 1070 389 1121 est,
429 1061 514 1124 qui
551 1077 609 1110 ex
645 1062 746 1109 filio
783 1069 926 1109 natus
964 1070 1053 1109 est.
1127 1059 1302 1108 Dictus
1339 1070 1506 1109 autem
1542 1076 1697 1124 nepos
1735 1060 1874 1123 quasi
1910 1069 2054 1109 natus

306 1153 431 1206 post.
508 1142 727 1191 Primum
769 1141 902 1191 enim
942 1142 1069 1190 filius
1113 1142 1341 1199 nascitur,
1382 1141 1565 1191 deinde
1614 1159 1782 1206 nepos.
1857 1144 2054 1192 Gradus

307 1224 439 1273 enim
467 1223 832 1273 substitutionis
854 1232 938 1272 est.
1015 1223 1152 1271 Hinc
1170 1233 1218 1272 et
1238 1223 1510 1287 posteritas,
1532 1223 1671 1286 quasi
1696 1232 1891 1287 postera
1907 1234 2054 1273 aetas.

309 1308 478 1371 Nepos
504 1315 671 1356 autern
699 1305 954 1369 utriusque
980 1321 1122 1355 sexus
1149 1314 1235 1355 est.
1310 1308 1441 1355 Nam
1477 1315 1529 1354 ut
1563 1306 1723 1369 neptis
1754 1306 1978 1355 dicamus
2005 1305 2054 1353 in

219 1407 280 1457 27
304 1392 406 1439 iure
433 1398 506 1438 est
522 1398 720 1453 propter
739 1388 1089 1438 discretionem
1109 1388 1434 1437 successionis
1453 1389 1740 1438 admissum.
1803 1390 2056 1451 Pronepos
2088 1413 2135 1452 15

304 1481 390 1531 est,
419 1471 504 1534 qui
530 1487 589 1520 ex
611 1480 794 1534 nepote
813 1479 1084 1534 conceptus
1111 1479 1354 1533 natusque
1379 1478 1464 1519 est.
1527 1472 1590 1519 Et
1611 1470 1772 1519 dictus
1796 1487 2057 1534 pronepos,

307 1555 447 1619 quasi
473 1563 618 1603 natus
643 1569 788 1617 porro
813 1562 939 1617 post.
1014 1554 1089 1600 Ex
1113 1554 1209 1601 hoc
1227 1569 1428 1616 quoque
1445 1554 1599 1615 gradu
1626 1552 1796 1616 incipit
1820 1554 1983 1601 vocari
2009 1562 2057 1601 et

308 1637 579 1702 progenies,
618 1635 758 1699 quasi
791 1651 936 1698 porro
969 1644 1081 1698 post
1109 1634 1273 1698 geniti.
1349 1636 1480 1683 Nam
1514 1634 1599 1683 filii
1629 1644 1676 1683 et
1713 1644 1918 1698 nepotes
1954 1651 2054 1684 non

217 1723 283 1771 28
309 1730 422 1770 sunt
448 1718 721 1783 progenies,
750 1719 865 1780 quia
890 1733 993 1766 non
1019 1726 1093 1766 est
1119 1716 1168 1764 in
1195 1715 1264 1765 eis
1291 1718 1438 1780 longa
1470 1717 1743 1781 posteritas.
1817 1716 1952 1766 Sicut
1977 1734 2058 1765 au-

310 1813 410 1851 tem
437 1800 638 1850 inferius
663 1801 810 1862 longe
835 1798 954 1848 editi
979 1797 1239 1862 progenies
1265 1798 1509 1857 dicuntur,
1537 1799 1603 1847 ita
1629 1798 1850 1862 superius
1874 1798 2055 1862 proavi,
2084 1820 2133 1847 20

309 1884 437 1934 atavi
463 1883 549 1946 qui
585 1891 633 1931 et
669 1880 1006 1945 progenitores
1042 1881 1364 1944 appellantur,
1396 1881 1536 1943 quasi
1572 1897 1718 1944 porro
1753 1890 2056 1943 generantes.

216 1986 285 2033 29
311 1970 565 2029 Pronepos
581 1964 756 2023 dictus,
776 1962 892 2026 quia
910 1979 1063 2026 prope
1082 1971 1332 2025 nepotem.
1386 1962 1639 2026 Abnepos,
1662 1962 1777 2025 quia
1793 1962 2062 2025 seiungitur

310 2066 338 2098 a
363 2057 558 2112 nepote.
612 2048 702 2095 Est
721 2045 855 2095 enim
874 2044 1000 2093 inter
1018 2043 1156 2092 illum
1178 2053 1225 2092 et
1243 2053 1479 2107 nepotem
1498 2061 1760 2108 pronepos.
1821 2045 2061 2108 Adnepos

219 2151 288 2197 30
311 2128 573 2192 abnepotis
600 2128 742 2177 filius.
814 2126 1059 2190 Trinepos
1083 2125 1346 2189 adnepotis
1372 2125 1513 2186 filius,
1542 2126 1657 2189 quia
1681 2135 1794 2189 post
1826 2135 2060 2189 nepotem

235 2234 290 2282 31
311 2220 513 2275 quartus
550 2211 601 2258 in
629 2209 803 2259 ordine
837 2218 922 2268 est,
962 2207 1103 2271 quasi
1134 2216 1430 2271 tetranepos.
1504 2208 1726 2257 Minores
1754 2217 1920 2257 autem
1958 2224 2060 2255 non
2086 2235 2105 2265 2
2115 2234 2135 2277 5

312 2293 538 2353 dicimus,
577 2291 671 2340 nisi
707 2290 937 2354 quotiens
972 2291 1213 2354 graduum
1247 2289 1415 2338 deficit
1449 2306 1648 2350 nornen,
1680 2300 1733 2338 ut
1765 2299 1884 2353 puta
1918 2289 2057 2352 filius,

315 2391 489 2438 nepos,
515 2390 779 2437 pronepos,
806 2373 1044 2436 abnepos,
1072 2373 1309 2435 adnepos,
1338 2371 1573 2435 trinepos.
1645 2372 1745 2421 Vbi
1778 2371 1856 2420 isti
1885 2373 2062 2434 gradus

369 2502 395 2539 3
417 2491 502 2539 ign.
525 2496 566 2529 et
589 2503 703 2529 nasc.
728 2489 785 2527 Β1
897 2490 1009 2528 idem
1031 2488 1077 2527 K
1181 2501 1206 2536 4
1228 2487 1344 2538 quia]
1367 2501 1490 2538 quam
1513 2487 1559 2526 K
1665 2501 1688 2538 5
1710 2488 1874 2538 puriom
1896 2487 1943 2526 K
1962 2488 1976 2538 (
1983 2494 2063 2540 pro

316 2544 527 2595 σπόριονὲ)
655 2545 770 2584 velut
791 2558 875 2584 om.
902 2542 949 2582 K
1088 2542 1160 2581 τοῦ
1180 2543 1272 2581 hab.
1294 2542 1359 2581 K:
1391 2556 1473 2583 om.
1498 2542 1620 2582 BCT
1794 2544 1821 2581 6
1849 2555 2004 2581 nomen
2031 2543 2069 2582 T

318 2600 443 2639 Eosd.
470 2599 703 2638 effabonios
732 2600 769 2638 T
817 2628 821 2633 .
984 2611 1005 2647 7
1036 2596 1251 2648 appellant
1271 2597 1318 2636 K
1495 2604 1619 2637 austu
1640 2596 1687 2636 K
1847 2598 1988 2647 cipere
2011 2597 2062 2637 C¹

317 2669 345 2706 9
373 2654 560 2706 patrem]
582 2660 759 2693 matrem
778 2653 826 2692 Cl
979 2653 1099 2691 latini
1119 2651 1160 2690 Β
1292 2666 1342 2691 10
1371 2653 1492 2702 quasi
1515 2652 1676 2706 (prius)
1698 2664 1783 2692 om.
1810 2651 1858 2690 K
1874 2653 1977 2702 (non
1997 2651 2059 2702 A)

319 2711 360 2749 id
381 2709 465 2761 est]
485 2708 554 2747 vel
581 2708 619 2747 T
761 2721 804 2746 11
836 2707 928 2759 qui]
949 2708 1069 2757 quasi
1090 2706 1136 2745 K
1248 2713 1314 2746 est
1334 2720 1417 2746 om.
1440 2706 1487 2745 K
1632 2719 1681 2746 12
1710 2720 1771 2757 pr.
1797 2706 1910 2745 enim
1929 2706 2062 2744 filium

320 2763 366 2802 K
476 2776 524 2812 13
543 2763 856 2802 substitioninis
880 2763 918 2802 T
1026 2775 1074 2811 14
1093 2764 1134 2801 in
1148 2776 1231 2802 om.
1251 2760 1298 2799 K
1405 2773 1452 2811 15
1472 2762 1670 2800 amissam
1685 2761 1743 2798 Β1
1762 2776 1772 2800 :
1790 2761 1991 2799 amissum
2008 2760 2060 2801 C²

324 2822 373 2858 16
394 2832 450 2858 ex
470 2831 568 2869 nep.
593 2823 717 2856 natus
738 2822 803 2856 est
825 2817 864 2856 T
945 2830 992 2867 17
1014 2816 1203 2868 quoque]
1226 2829 1309 2866 que
1329 2816 1371 2854 A
1388 2831 1397 2857 ε
1419 2830 1502 2855 om.
1523 2815 1570 2854 K
1652 2817 1700 2854 18
1719 2815 1835 2865 quasi
1855 2844 1865 2853 .
1889 2844 1899 2854 .
1927 2845 1937 2854 .
1962 2828 2059 2864 gen.

319 2888 402 2914 om.
428 2872 478 2912 Cl
654 2884 708 2910 20
736 2872 861 2911 inferi
881 2872 937 2911 Β1
1049 2872 1138 2910 edit
1160 2871 1209 2910 C¹
1321 2870 1401 2911 dic.
1427 2884 1548 2921 prog.
1571 2871 1612 2910 Β
1789 2881 1837 2908 21
1870 2875 1911 2908 et
1932 2870 1997 2907 avi
2019 2883 2058 2919 q.

321 2928 367 2966 K
384 2944 392 2968 ε
423 2927 619 2977 atavique
640 2926 732 2965 dett.
904 2939 956 2965 22
986 2926 1122 2966 dictos
1146 2926 1197 2966 Cl
1308 2926 1426 2975 quasi
1446 2925 1488 2963 Β
1614 2923 1691 2963 sei.
1712 2923 1764 2962 ad
1785 2929 1986 2974 nepotem
2010 2924 2061 2962 Cl

320 2996 372 3033 23
401 2989 584 3032 atnepos
604 2979 650 3019 K
775 2994 827 3030 24
856 2981 1052 3032 adneptis
1076 2980 1156 3020 Cl:
1186 2980 1385 3029 abneptis
1413 2980 1452 3019 T
1574 2990 1626 3027 25
1655 2991 1723 3029 qu.
1743 2982 1988 3029 tretanepos
2011 2978 2061 3017 C¹

322 3041 375 3076 26
403 3036 578 3087 gradum
598 3035 666 3077 K:
695 3036 829 3086 gradu
857 3036 894 3075 T
999 3048 1049 3085 27
1080 3040 1259 3085 atnepus
1278 3034 1345 3075 K:
1367 3048 1449 3076 om.
1476 3033 1512 3073 C
1618 3032 1842 3084 trinepotis
1870 3031 1908 3070 T
