2176 3424
1053 110 1327 158 ISIDORI

306 236 555 285 lamminis
598 237 764 286 ferreis
806 248 890 285 aut
931 239 1085 286 aereis
1124 247 1450 287 concatenata
1487 237 1537 286 in
1578 242 1783 289 modum
1823 257 2059 304 squamae

305 317 465 381 piscis,
495 328 543 367 et
568 336 626 367 ex
659 320 768 382 ipso
802 320 1067 382 splendore
1100 335 1417 382 squamarum
1451 329 1499 368 et
1524 319 1847 370 similitudine
1873 339 2061 371 nuncu-

305 409 434 462 pata.
509 401 587 449 De
613 399 784 449 ciliciis
809 410 975 449 autem
1001 409 1049 448 et
1074 401 1328 464 poliuntur
1352 399 1532 449 loricae
1557 411 1606 450 et
1631 411 1872 465 teguntur.

178 490 282 529 XIV
441 483 525 530 DE
549 497 748 531 GALEIS.
812 481 976 532 Cassis
1002 483 1065 531 de
1091 481 1326 530 lammina
1351 492 1438 543 est,
1465 484 1603 546 galea
1621 485 1685 533 de
1705 501 1863 533 coreo.
1929 487 2059 534 Nam

303 565 492 627 galeros
519 581 719 613 coreum
745 563 936 613 dicitur.
999 563 1261 615 Cassidam
1285 574 1450 613 autem
1476 581 1506 613 a
1525 564 1702 614 Tuscis
1722 566 2029 616 nominatam
2051 586 2059 615 :
2083 587 2105 625 5

251 659 281 692 2
304 645 372 693 illi
409 644 542 694 enim
574 647 765 709 galeam
799 646 975 694 cassim
1011 644 1288 704 nominant,
1320 647 1470 695 credo
1503 662 1532 693 a
1564 646 1738 709 capite.
1811 650 1954 711 Apex
1987 658 2060 697 est

303 729 441 791 quod
479 727 528 775 in
562 745 757 776 summa
787 729 927 791 galea
951 727 1150 786 eminet,
1180 744 1280 790 quo
1308 727 1470 790 figitur
1494 729 1639 776 crista
1656 747 1669 789 3
1706 745 1855 792 quam
1883 729 2059 779 Graeci

305 815 447 859 κῶνον
472 819 665 859 vocant.
739 811 871 858 Nam
905 826 1062 858 conus
1095 819 1168 858 est
1201 819 1459 858 curvatura
1492 827 1619 873 quae
1645 810 1695 858 in
1719 813 1859 874 galea
1883 811 2060 875 promi-

304 902 401 951 net,
430 908 576 955 super
602 909 751 954 quam
779 891 953 941 cristae
979 902 1107 940 sunt,

201 993 281 1031 XV
444 976 526 1021 DE
557 989 710 1022 FORo.
786 976 942 1022 Forus
976 984 1049 1022 est
1078 975 1461 1022 exercendarum
1488 973 1645 1022 litium
1675 977 1826 1034 locus,
1855 993 1883 1023 a
1907 977 2059 1025 fando
2087 995 2134 1023 10

305 1058 467 1105 dictus
503 1055 628 1121 [sive
660 1073 689 1104 a
722 1057 951 1104 Foroneo
981 1073 1107 1119 rege,
1136 1057 1221 1118 qui
1258 1055 1443 1119 primus
1477 1056 1680 1106 Graecis
1717 1059 1849 1120 leges
1880 1056 2057 1123 dedit].

306 1137 407 1199 Qui
443 1139 583 1186 locus
620 1148 668 1186 et
706 1139 958 1186 Prorostra
994 1147 1196 1185 vocatur
1234 1137 1298 1185 ab
1335 1153 1396 1186 eo
1433 1139 1569 1200 quod
1606 1155 1663 1186 ex
1701 1139 1832 1187 bello
1869 1139 2059 1187 Punico

305 1219 460 1282 captis
498 1218 706 1267 navibus
744 1217 1207 1281 Carthaginensium
1246 1228 1400 1267 rostra
1435 1220 1599 1268 ablata
1635 1229 1764 1280 sunt,
1792 1230 1840 1268 et
1872 1219 1923 1267 in
1953 1222 2059 1268 foro

308 1303 540 1350 Romano
575 1301 802 1363 praefixa,
842 1312 894 1348 ut
933 1310 1060 1349 esset
1103 1299 1248 1348 huius
1291 1300 1481 1364 insigne
1518 1301 1763 1351 victoriae.
1850 1304 2058 1353 Constat

250 1400 281 1434 2
303 1392 469 1431 autem
508 1383 639 1431 forus
677 1398 838 1441 causa,
867 1383 973 1445 lege
1007 1391 1054 1430 et
1088 1381 1264 1430 iudice.
1317 1383 1503 1432 .Causa
1535 1393 1708 1432 vocata
1743 1401 1773 1432 a
1808 1400 1923 1432 casu
1957 1402 2058 1448 quo
2086 1407 2132 1447 15

302 1464 483 1514 evenit.
544 1467 633 1514 Est
659 1463 792 1513 enim
819 1463 1023 1513 materia
1048 1474 1096 1512 et
1116 1463 1251 1526 origo
1277 1464 1474 1527 negotii,
1498 1466 1713 1514 necdum
1739 1466 2058 1516 discussionis

265 1567 268 1572 “
303 1546 528 1596 examine
571 1547 851 1609 patefacta5
902 1562 1030 1608 quae
1078 1547 1198 1594 dum
1247 1545 1565 1608 praeponitur
1611 1563 1759 1596 causa
1806 1558 1893 1606 est,
1937 1549 2055 1596 dum

306 1629 567 1679 discutitur
603 1627 842 1677 iudicium
877 1637 963 1686 est,
992 1629 1113 1676 dum
1147 1627 1327 1686 finitur,
1357 1627 1552 1676 iustitia.
1625 1631 1872 1677 Vocatum
1892 1638 2056 1678 autem

304 1710 542 1760 iudicium
578 1711 716 1773 quasi
751 1709 1035 1769 iurisdictio,
1072 1719 1121 1758 et
1154 1709 1337 1758 iustitia
1370 1709 1510 1772 quasi
1544 1710 1660 1759 iuris
1686 1720 1854 1759 status.
1929 1711 2060 1760 Iudi-

303 1792 434 1842 cium
465 1802 631 1841 autem
667 1793 799 1854 prius
837 1790 1090 1855 inquisitio
1121 1791 1420 1848 vocabatur;
1457 1793 1591 1841 unde
1628 1802 1675 1841 et
1711 1802 1900 1842 actores
1937 1793 2060 1843 iudi·
2084 1819 2134 1846 20

303 1875 492 1923 ciorum
543 1883 591 1923 et
638 1872 944 1937 praepositos
993 1882 1280 1936 quaestores
1331 1874 1409 1922 vel
1455 1874 1758 1936 quaesitores
1806 1891 2055 1924 vocamus.

248 1967 279 2013 3
307 1955 576 2019 Negotium
625 1956 781 2003 multa
828 1954 1098 2018 significat:
1161 1956 1313 2003 modo
1364 1964 1530 2003 actum
1583 1957 1651 2005 rei
1700 1955 1920 2016 alicuius,
1978 1957 2058 2006 cui

303 2036 602 2086 contrarium
660 2046 733 2086 est
789 2036 979 2097 otium3
1038 2038 1192 2086 modo
1242 2037 1490 2086 actionem
1544 2054 1734 2097 causae,
1793 2039 1929 2101 quod
1985 2049 2058 2088 est

301 2119 510 2182 iurgium
553 2118 667 2168 litis.
756 2120 821 2167 Et
846 2117 1036 2167 dictum
1077 2118 1331 2181 negotium
1371 2118 1510 2181 quasi
1552 2136 1645 2168 nec
1682 2119 1851 2180 otium,
1891 2119 1942 2169 id
1985 2130 2058 2169 est

302 2202 408 2249 sine
434 2199 550 2249 otio.
614 2201 884 2263 Negotium
909 2209 1076 2249 autem
1103 2199 1153 2247 in
1178 2199 1351 2260 causis,
1379 2201 1648 2264 negotiatio
1673 2201 1724 2249 in
1748 2201 2057 2251 commerciis
2083 2225 2129 2265 25

245 2297 279 2344 4
303 2281 495 2341 dicitur,
524 2280 610 2330 ubi
633 2281 823 2344 aliquid
848 2282 991 2330 datur
1016 2290 1070 2330 ut
1095 2282 1280 2329 maiora
1304 2282 1566 2331 lucrentur.
1629 2282 1848 2346 Iurgium
1868 2283 2055 2333 dictum

307 2365 447 2427 quasi
481 2362 596 2411 iuris
631 2363 856 2426 garrium,
885 2380 946 2411 eo
980 2364 1116 2426 quod
1150 2362 1201 2410 hi
1236 2362 1321 2426 qui
1354 2379 1553 2413 causam
1579 2364 1752 2414 dicunt
1777 2367 1880 2414 iure
1905 2365 2058 2415 disce-

305 2456 456 2509 ptent.
522 2447 604 2493 Lis
624 2462 653 2494 a
672 2444 994 2493 contentione
1019 2444 1185 2493 limitis
1205 2443 1338 2507 prius
1358 2462 1544 2495 nomen
1569 2446 1791 2510 sumpsit.
1856 2450 1935 2497 De
1960 2465 2057 2511 qua

303 2525 547 2590 Vergilius
575 2525 720 2590 (Aen.
746 2544 819 2585 12,
839 2525 958 2590 898)
980 2544 988 2574 :

365 2672 382 2696 1
415 2657 527 2697 aeris
554 2656 592 2696 T
737 2669 762 2694 2
794 2663 836 2694 et
856 2669 936 2694 om.
959 2655 1006 2694 Κ
1123 2669 1320 2706 squarum
1343 2662 1386 2695 et
1403 2656 1451 2694 K
1598 2671 1624 2708 3
1655 2659 1850 2700 cilicisK
1972 2666 2054 2699 ter-

306 2718 464 2763 guntur
489 2712 527 2751 T
687 2725 711 2760 4
742 2711 871 2761 Capis
891 2710 982 2748 KN
997 2725 1006 2750 :
1037 2712 1201 2751 Scassis
1226 2711 1268 2749 U
1398 2712 1471 2751 Ca.
1497 2742 1505 2751 .
1533 2743 1543 2753 .
1563 2742 1574 2752 .
1598 2722 1664 2754 est
1684 2728 1767 2755 om.
1789 2715 1847 2753 Β1
2000 2716 2053 2754 la.

306 2774 349 2806 et
368 2767 452 2817 gal.
479 2767 521 2806 U
533 2780 542 2805 :
573 2765 728 2805 lamine
748 2767 830 2814 gal.
852 2764 944 2803 KN
1145 2767 1170 2803 8
1200 2765 1290 2817 tecm]
1314 2778 1465 2804 conum
1487 2768 1599 2807 codd.
1760 2769 2000 2819 praeminet
2023 2770 2058 2808 C

310 2835 354 2860 11
387 2823 478 2861 sive
498 2852 508 2862 .
531 2849 541 2861 .
569 2851 578 2861 .
601 2820 715 2860 dedit
735 2821 826 2859 hab.
857 2819 918 2859 T:
949 2833 1032 2858 om.
1055 2819 1179 2859 BCK
1307 2832 1356 2858 12
1388 2821 1530 2872 Pron]
1552 2829 1720 2872 prostra
1740 2824 1797 2861 Β1
1818 2837 1827 2862 :
1856 2829 1994 2863 rostra
2011 2823 2058 2862 K

304 2889 401 2917 voc.
422 2877 520 2915 ideo
541 2889 612 2925 qu.
643 2873 681 2913 T
859 2887 908 2923 14
939 2874 1062 2913 huius
1083 2888 1166 2914 om.
1193 2875 1228 2912 C
1362 2876 1485 2923 signe
1511 2875 1548 2913 T
1723 2890 1769 2926 17
1799 2879 2054 2928 prop‘onitur

307 2931 343 2970 C
469 2932 518 2969 18
546 2930 692 2969 finitur
709 2928 790 2968 BC
796 2928 833 2966 T
832 2929 874 2968 U
886 2943 895 2968 :
925 2929 1115 2968 firmatur
1133 2929 1223 2968 ΚΝ
1344 2943 1397 2969 20
1424 2930 1633 2980 inquisitis
1654 2931 1704 2970 Cl
1836 2945 1888 2982 23
1921 2933 2053 2984 quod]

306 2999 415 3036 quae
436 2984 477 3022 Β
605 2997 657 3033 24
687 2997 756 3034 qu.
781 2997 860 3022 nec
881 2990 939 3024 ot.
962 2997 1043 3023 om.
1067 2982 1174 3022 B1K
1299 2996 1350 3034 25
1380 2986 1653 3035 negotiationi
1675 2986 1719 3025 in
1749 2986 1786 3025 T
1911 3000 1961 3038 27
1993 2988 2054 3026 di-

307 3045 503 3090 sceptant
525 3038 613 3077 ΒΚ
731 3040 784 3077 28
811 3038 895 3077 lim.
920 3039 992 3088 qui
1014 3051 1075 3088 pr.
1108 3037 1146 3076 T
1890 3065 1894 3068 -
2007 3067 2010 3069 -
2036 3067 2039 3068 γ
