2228 3444
447 138 1080 189 ETYMOLOGIARVM
1121 139 1252 186 LIB.
1295 137 1441 185 VIII.
1483 134 1546 183 vii

128 271 424 334 privatorum
449 269 708 318 hominum
733 267 1017 332 praedicant
1041 276 1151 315 acta
1168 285 1181 327 3
1217 265 1383 329 tragici
1409 282 1523 314 vero
1548 280 1622 313 res
1648 262 1869 326 publicas

128 362 176 402 et
223 370 390 416 regum
439 351 677 400 historias,
753 353 879 399 Item
928 348 1221 412 tragicorum
1270 355 1556 410 argumenta
1611 362 1670 393 ex
1724 345 1869 393 rebus

127 434 362 483 luctuosis
395 442 537 482 sunt:
575 432 878 482 comicorum
913 448 971 479 ex
1003 430 1149 479 rebus
1182 428 1333 478 laetis.
1407 431 1523 477 Duo
1557 435 1670 475 sunt
1703 435 1868 474 autem
1892 439 1922 488 7

126 534 303 580 genera
328 515 644 574 comicorum,
674 514 725 563 id
751 523 835 574 est,
866 522 1051 562 veteres
1078 522 1126 561 et
1151 511 1277 561 novi.
1329 513 1548 571 Veteres,
1578 508 1662 573 qui
1688 518 1736 557 et
1761 508 1870 556 ioco

80 614 101 654 5
126 598 406 647 ridiculares
433 597 707 655 extiterunt,
736 605 788 644 ut
818 596 1034 654 Plautus,
1063 594 1259 653 Accius,
1287 592 1562 642 Terentius.
1615 590 1760 650 Novi,
1788 590 1872 653 qui

125 689 174 729 et
214 679 416 740 Satirici,
456 697 486 727 a
524 678 703 742 quibus
751 676 1039 741 generaliter
1075 675 1189 725 vitia
1237 684 1514 738 carpuntur,
1554 683 1608 722 ut
1648 674 1870 731 Flaccus,

127 759 334 819 Persius,
365 760 610 809 Iuvenalis
635 761 712 808 vel
745 758 840 808 alii.
914 757 986 806 Hi
1021 757 1152 806 enim
1186 757 1526 806 universorum
1561 755 1741 805 delicta
1773 772 1873 803 cor-

126 842 322 905 ripiunt,
352 859 443 890 nec
468 842 712 890 vitabatur
748 840 817 890 eis
854 839 1124 903 pessimum
1162 856 1411 902 quemque
1449 838 1740 898 describere,
1781 854 1874 886 nec

129 924 330 973 cuilibet
355 934 557 988 peccata
600 939 862 986 moresque
898 923 1272 985 reprehendere.
1344 922 1494 970 Vnde
1531 931 1578 970 et
1616 919 1738 969 nudi
1771 919 1874 983 pin-

58 1022 106 1049 10
128 1015 320 1069 guntur,
359 1023 418 1054 eo
462 1007 597 1068 quod
638 1022 725 1068 per
767 1021 851 1053 eos
888 1003 1005 1052 vitia
1041 1003 1230 1068 singula
1267 1005 1596 1053 denudentur.
1669 998 1875 1050 Saturici
1901 1004 1930 1050 8

56 1431 103 1471 15

58 1841 107 1868 20

128 1098 292 1137 autem
320 1087 452 1148 dicti,
485 1088 586 1136 sive
612 1089 748 1150 quod
782 1088 914 1150 pleni
950 1086 1046 1135 sint
1079 1086 1215 1134 omni
1249 1086 1496 1144 facundia,
1524 1084 1624 1134 sive
1656 1101 1685 1133 a
1710 1081 1876 1131 saturi-

128 1180 226 1219 tate
252 1179 299 1219 et
325 1171 495 1233 copia:
534 1171 596 1218 de
621 1169 842 1232 pluribus
869 1170 999 1217 enim
1022 1167 1166 1216 simul
1193 1168 1338 1217 rebus
1364 1170 1633 1231 loquuntur
1651 1185 1664 1227 ,·
1700 1182 1785 1214 seu
1812 1164 1875 1212 ab

129 1252 208 1300 illa
232 1255 372 1300 lance
398 1268 524 1314 quae
551 1251 752 1300 diversis
779 1253 971 1314 frugum
991 1252 1068 1298 vel
1093 1267 1356 1313 pomorum
1382 1249 1642 1313 generibus
1667 1250 1732 1297 ad
1757 1257 1876 1296 tem·

128 1336 208 1396 pla
232 1333 488 1397 gentilium
514 1333 705 1382 solebat
731 1334 904 1381 deferri
925 1351 938 1393 3
973 1342 1056 1380 aut
1082 1350 1110 1380 a
1135 1332 1304 1395 satyris
1329 1349 1515 1381 nomen
1540 1341 1762 1390 tractum,
1793 1330 1877 1393 qui

129 1416 283 1464 inulta
324 1416 510 1465 habent
559 1432 616 1464 ea
665 1433 791 1478 quae
840 1432 925 1478 per
967 1414 1287 1463 vinolentiam
1337 1414 1581 1463 dicuntur.
1656 1413 1875 1475 Quidam
1903 1426 1937 1474 9

127 1507 292 1546 autem
331 1507 506 1561 poetae
542 1500 586 1545 T
591 1496 832 1559 heologici
869 1496 988 1545 dicti
1026 1506 1153 1556 sunt,
1183 1498 1419 1559 quoniam
1445 1498 1508 1546 de
1543 1496 1635 1545 diis
1661 1494 1878 1544 carmina

129 1579 388 1628 faciebant.
463 1578 694 1629 Officium
732 1588 898 1627 autem
935 1588 1111 1642 poetae
1149 1578 1197 1626 in
1225 1596 1284 1627 eo
1318 1588 1470 1628 estut
1501 1596 1571 1638 ea,
1601 1596 1728 1642 quae
1766 1596 1877 1628 vere
1902 1593 1959 1627 10

128 1671 264 1724 gesta
298 1671 425 1722 sunt,
454 1663 504 1709 in
540 1660 657 1710 alias
695 1661 882 1725 species
913 1660 1126 1723 obliquis
1160 1661 1533 1724 figurationibus
1560 1679 1672 1710 cum
1700 1662 1879 1710 decore

130 1743 295 1806 aliquo
320 1760 557 1792 conversa
581 1745 914 1791 transducant.
987 1745 1136 1791 Vnde
1163 1753 1210 1791 et
1238 1745 1467 1792 Lucanus
1494 1743 1607 1792 ideo
1634 1743 1684 1791 in
1710 1760 1878 1792 nume-

130 1842 183 1873 ro
220 1834 476 1887 poetarum
514 1842 615 1872 non
648 1824 860 1888 ponitur,
898 1824 1012 1887 quia
1048 1824 1240 1873 videtur
1274 1825 1499 1874 historias
1538 1825 1874 1888 conposuisse,

130 1923 229 1955 non
257 1924 448 1970 poema.
500 1908 651 1970 Apud
676 1917 846 1970 poetas
871 1916 1037 1955 autem
1064 1916 1159 1956 tres
1186 1909 1491 1957 characteres
1516 1924 1622 1956 esse
1648 1907 1844 1957 dicendi
1867 1927 1874 1955 :
1900 1923 1946 1956 11

130 2006 299 2048 unum,
339 1988 389 2036 in
426 2006 525 2051 quo
558 1998 750 2037 tantum
786 1998 930 2051 poeta
963 1989 1192 2051 loquitur,
1233 1999 1285 2037 ut
1320 1999 1392 2038 est
1425 1989 1475 2037 in
1507 1989 1640 2038 libris
1677 1987 1878 2053 Vergilii

131 2069 512 2132 Georgicorum:
558 2070 707 2117 alium
745 2069 1088 2130 dramaticum,
1121 2070 1169 2118 in
1214 2088 1314 2133 quo
1350 2088 1594 2134 nusquam
1630 2081 1779 2135 poeta
1814 2074 1881 2121 lo·

132 2151 310 2213 quitur,
332 2161 385 2199 ut
406 2161 478 2199 est
504 2151 553 2199 in
574 2151 846 2200 comoediis
868 2162 915 2200 et
936 2152 1195 2215 tragoediis
1218 2171 1226 2201 z
1265 2153 1461 2201 tertium
1488 2153 1708 2213 mixtum,
1728 2163 1781 2202 ut
1806 2165 1878 2204 est

132 2233 181 2280 in
200 2232 439 2281 Aeneide.
502 2235 633 2282 Nam
654 2243 799 2297 poeta
819 2233 917 2282 illic
937 2244 984 2283 et
1001 2234 1312 2284 introductae
1332 2252 1573 2299 personae
1590 2237 1878 2299 loquuntur.

192 2375 208 2400 1
242 2375 309 2412 pu.
334 2374 421 2412 reg.
441 2361 499 2400 Κ1
521 2378 528 2402 :
551 2376 619 2413 pu,
641 2369 682 2403 et
696 2377 874 2412 regnum
896 2364 1038 2404 Tante
1053 2379 1149 2406 corr.
1239 2380 1262 2404 2
1293 2380 1347 2405 ex
1364 2368 1490 2406 rebus
1510 2399 1518 2407 .
1536 2398 1544 2407 .
1567 2398 1575 2407 .
1595 2381 1757 2417 genera
1772 2367 1812 2418 (ξ
1835 2370 1877 2417 73

133 2430 215 2456 om.
246 2416 283 2454 T
431 2431 456 2466 4
486 2418 528 2456 id
550 2425 615 2457 est
637 2431 720 2458 om.
745 2418 791 2456 K
808 2420 912 2469 (non
932 2419 973 2457 A
982 2422 998 2471 )
1153 2421 1309 2461 veteris
1330 2421 1378 2459 K
1538 2428 1705 2461 veteres
1727 2435 1810 2460 om.
1836 2421 1882 2461 K

133 2471 236 2520 (non
255 2470 320 2522 A)
486 2472 578 2511 iocu
601 2473 688 2524 <-ca
705 2475 738 2525 2)
761 2474 836 2513 rid.
871 2474 924 2513 T:
955 2475 1049 2513 ioca
1070 2476 1351 2515 redicultores
1372 2477 1429 2515 Β1
1615 2490 1638 2526 5
1670 2478 1736 2528 ut]
1758 2483 1800 2517 et
1819 2478 1876 2515 Β1

132 2525 234 2566 Ace.
259 2533 301 2564 et
321 2526 417 2565 Ter.
445 2527 479 2565 C
693 2530 719 2566 6
747 2529 792 2580 a]
814 2542 869 2567 ex
890 2528 956 2568 K:
988 2543 1011 2567 e
1031 2529 1110 2568 BC
1329 2544 1350 2580 7
1382 2533 1494 2570 enim
1519 2546 1601 2572 om.
1626 2531 1671 2570 K
1691 2534 1792 2583 (non
1812 2533 1875 2580 A)

133 2581 158 2617 8
187 2581 409 2619 vetabatur
428 2580 535 2619 B¹K
642 2583 828 2632 pessime
848 2584 889 2622 Β
999 2598 1025 2633 9
1055 2584 1211 2624 colibet
1234 2585 1275 2638 (i.
1291 2600 1320 2625 e.
1343 2587 1550 2635 quolibet)
1575 2587 1634 2626 T:
1655 2587 1874 2626 cuiuslibet

135 2635 170 2673 C
305 2636 570 2685 prehendere
597 2636 631 2675 C
769 2651 819 2676 10
847 2639 934 2677 vita
962 2638 1000 2676 T
1159 2641 1461 2679 denundentur
1480 2642 1534 2679 Β1
1655 2655 1699 2680 11
1734 2641 1876 2679 dicun-

135 2694 201 2727 tur
213 2689 253 2727 Β
361 2695 459 2728 sunt
471 2690 557 2728 BT
682 2705 729 2730 12
751 2693 818 2731 ses
829 2693 879 2731 ab
900 2694 953 2732 Tl
971 2698 1014 2731 nt
1029 2693 1106 2733 vid.
1124 2708 1132 2732 :
1154 2696 1230 2733 sed
1248 2696 1298 2734 ab
1315 2695 1403 2733 ΒΚ
1414 2710 1463 2734 cx
1477 2709 1574 2735 corr.
1708 2709 1754 2745 14
1775 2708 1876 2744 gen-

140 2744 241 2781 tium
263 2743 310 2782 K
470 2745 664 2785 solebant
684 2746 817 2786 BKT
980 2760 1026 2798 15
1058 2748 1187 2787 multa
1207 2749 1248 2786 Β
1412 2751 1597 2789 habente
1619 2750 1664 2788 K
1790 2750 1878 2787 vio-

136 2797 318 2837 lentina
343 2798 380 2837 T
603 2800 822 2849 Quaedam
844 2801 899 2839 Β1
1124 2806 1172 2842 16
1202 2805 1429 2855 theologici
1453 2805 1558 2844 CK:
1589 2804 1778 2853 theologi
1798 2803 1884 2843 BT

140 2864 187 2900 17
218 2859 357 2892 autem
378 2866 458 2892 om.
483 2853 529 2891 K
642 2857 691 2893 18
710 2857 801 2895 aliis
821 2856 862 2894 Β
989 2857 1136 2897 oblicis
1155 2859 1249 2908 quis
1269 2859 1338 2908 fig.
1365 2859 1415 2898 C¹
1531 2873 1579 2908 19
1600 2860 1879 2898 transducunt

137 2905 202 2947 B:
234 2908 426 2946 traducat
446 2909 654 2949 Lactantz'i
671 2910 763 2950 inst.
793 2925 826 2960 1,
854 2923 914 2959 11,
942 2924 992 2961 25
1014 2912 1122 2951 codd.
1145 2914 1300 2962 aliquot
1580 2915 1681 2952 inun
1704 2926 1804 2951 vero
1827 2913 1877 2952 Cl

138 2971 184 2997 21
218 2967 449 3001 cataractes
468 2963 524 3001 Β1
654 2977 706 3002 22
727 2966 912 3015 vergiliis
943 2966 980 3005 T
1086 2981 1137 3016 23
1159 2981 1386 3018 numquam
1409 2969 1454 3007 K
1562 2982 1611 3016 24
1635 2973 1679 3006 ut
1701 2968 1744 3006 in
1765 2967 1875 3007 Aen.

138 3013 178 3074 β
200 3023 302 3075 τἐεῐ
322 3017 362 3054 in
385 3017 494 3070 Aen.
515 3017 572 3057 T:
603 3025 647 3057 ut
669 3025 733 3057 est
753 3019 862 3060 Aen.
882 3019 918 3058 C
1080 3034 1131 3071 25
1162 3023 1313 3062 aedem
1329 3023 1384 3061 Β1
1405 3040 1412 3063 :
1444 3023 1648 3062 aeneidos
1668 3022 1779 3075 (ew)
1802 3021 1882 3061 CK

138 3067 196 3107 111.
217 3075 314 3112 intr.
334 3069 390 3109 Β1
501 3073 686 3121 loquitur
711 3073 759 3112 Cl

197 3124 299 3161 1182
688 3150 694 3154 ,
727 3155 730 3158 .
999 3147 1026 3179 Υ
