2176 3424
1039 141 1310 190 ISIDORI

303 270 515 333 primum
541 269 609 318 ibi
628 269 760 319 visae
786 279 900 318 sunt
924 269 1201 319 coturnices
1234 288 1364 330 aves,
1391 286 1513 334 quas
1539 270 1720 320 Graeci
1746 272 1944 336 ὄρτυγας
1968 285 2048 318 vo-

303 361 431 400 cant.
508 354 567 400 In
597 353 689 400 hac
723 351 881 400 insula
912 354 1103 401 Latona
1136 352 1277 402 enixa
1310 361 1383 403 est
1413 352 1696 416 Apollinem
1734 361 1781 402 et
1817 351 2043 400 Dianam.

218 448 283 483 22
307 435 460 483 Delos
497 443 662 483 autem
693 442 740 483 et
774 433 944 483 civitas
981 433 1158 483 dicitur
1194 443 1242 483 et
1274 433 1447 482 insula.
1521 436 1731 484 Rhodos
1770 434 2044 498 Cycladum

304 514 462 578 prima
485 516 549 565 ab
575 515 776 576 oriente,
798 515 848 564 in
875 533 973 580 qua
997 532 1136 565 rosae
1162 515 1430 580 capitulum
1452 515 1629 566 dicitur
1648 533 1755 566 esse
1774 514 2045 572 inventum,

305 599 425 647 dum
451 597 519 647 ibi
545 597 713 647 civitas
738 600 1047 659 conderetur,
1067 615 1125 648 ex
1150 615 1251 663 quo
1271 608 1319 648 et
1345 600 1459 649 urbs
1486 608 1534 648 et
1553 599 1713 648 insula
1737 600 1948 648 Rhodos
1975 603 2049 645 est

305 683 565 745 appellata.
641 684 701 731 In
734 683 827 730 hac
853 682 975 731 urbe
1000 681 1127 731 Solis
1153 683 1374 731 colossus
1408 681 1499 731 fuit
1535 699 1707 731 aereus
1742 678 2049 744 septuaginta

307 763 586 813 cubitorum
613 765 873 814 altitudine
891 783 903 826 3
936 766 1133 814 fuerunt
1158 774 1206 814 et
1229 764 1310 813 alii
1336 774 1537 814 centum
1562 780 1769 814 numero
1795 764 1847 811 in
1873 762 2047 811 eadem

218 858 281 904 23
306 845 465 894 insula
491 845 670 896 colossi
696 846 925 897 minores.
999 849 1232 897 Tenedos
1266 864 1365 896 una
1395 865 1452 897 ex
1478 847 1779 911 Cycladibus
1807 863 1836 894 a
1860 852 2051 908 septen-

307 927 466 978 trione
500 928 603 989 sita‚
642 928 691 977 in
729 947 826 993 qua
863 931 982 978 olim
1019 929 1188 979 civitas
1225 947 1253 979 a
1290 933 1430 979 Tene
1466 931 1684 993 quodam
1722 927 1925 978 condita
1961 933 2048 975 est.

309 1011 458 1059 Vnde
494 1027 679 1060 nomen
714 1011 847 1060 urbis
881 1011 1008 1060 illius
1041 1013 1117 1061 vel
1150 1012 1314 1075 potius
1348 1012 1535 1061 insulae
1571 1013 1661 1061 fuit
1679 1031 1693 1073 3
1735 1028 1849 1060 nam
1885 1011 2049 1057 Tenes

307 1090 398 1141 iste
424 1091 687 1142 infamatus
713 1094 850 1156 quod
870 1110 984 1142 cum
1010 1110 1221 1143 noverca
1247 1111 1334 1143 sua
1360 1094 1722 1153 concubuisset,
1746 1090 1836 1160 [et]
1862 1089 2052 1154 fugiens

308 1174 437 1222 hanc
474 1174 685 1224 insulam
723 1192 927 1224 vacuam
966 1175 1236 1226 cultoribus
1274 1175 1515 1235 obtinuit;
1564 1177 1698 1226 unde
1734 1184 1782 1224 et
1819 1172 2052 1222 Tenedos

309 1256 442 1306 dicta
471 1267 558 1307 est.
632 1257 712 1306 Sic
738 1257 916 1308 Cicero
943 1257 991 1323 (2
1010 1261 1147 1308 Verr.
1173 1277 1210 1319 1,
1231 1258 1317 1324 49)
1339 1279 1347 1307 :
1386 1261 1399 1285 ‘
1418 1261 1594 1308 Tenen
1624 1258 1799 1322 ipsum,
1829 1254 1968 1304 cuius
1995 1269 2054 1301 ex

222 1352 286 1399 24
310 1338 515 1389 nomine
541 1341 775 1390 Tenedos
809 1340 1152 1389 nominatum.’
1224 1342 1499 1405 Carpathos
1534 1358 1632 1389 una
1661 1357 1719 1390 ex
1753 1336 2054 1403 Cycladibus

311 1440 340 1470 a
377 1421 580 1471 meridie
618 1424 778 1485 posita
814 1431 985 1471 contra
1020 1425 1301 1487 Aegyptum
1320 1441 1331 1483 ;
1369 1441 1398 1472 a
1434 1441 1532 1487 qua
1563 1421 1887 1487 Carpathium
1923 1435 2056 1467 mare

311 1506 613 1568 appellatum
640 1514 725 1564 est,
755 1515 928 1554 vocata
958 1514 1157 1569 propter
1190 1507 1400 1555 celerem
1430 1507 1677 1554 fructuum
1709 1504 2053 1552 maturitatem.

310 1587 400 1635 Est
425 1585 557 1635 enim
583 1585 708 1635 inter
732 1589 1013 1651 Aegyptum
1040 1596 1087 1636 et
1116 1588 1368 1636 Rhodum.
1433 1590 1507 1636 Ex
1527 1588 1619 1636 hac
1645 1586 1804 1635 insula
1823 1584 2055 1635 dicuntur

223 1680 287 1730 25
311 1677 359 1718 et
384 1667 633 1732 carpasiae
661 1685 824 1729 naves,
852 1685 1058 1733 magnae
1089 1678 1137 1718 et
1167 1669 1425 1733 spatiosae.
1500 1671 1745 1733 Cytherea
1770 1668 1932 1717 insula
1958 1682 2057 1714 una

314 1769 371 1800 ex
420 1750 722 1814 Cycladibus
771 1768 800 1798 a
846 1760 982 1815 parte
1029 1750 1239 1800 occidua
1289 1753 1394 1812 sita,
1434 1750 1574 1800 cuius
1614 1749 1876 1815 Porphyris
1914 1757 2059 1798 antea

315 1850 501 1883 nomen
525 1834 628 1881 fuit.
701 1833 946 1896 Cytherea
980 1843 1146 1882 autem
1180 1842 1355 1882 vocata
1384 1835 1522 1897 quod
1556 1833 1623 1882 ibi
1650 1836 1820 1882 Venus
1846 1831 1907 1881 sit
1937 1840 2056 1880 orta.

224 1912 291 1960 26
318 1915 475 1965 Icaria
499 1914 659 1964 insula
683 1931 782 1963 una
801 1916 863 1964 de
880 1915 1195 1978 Cycladibus,
1219 1932 1346 1979 quae
1374 1914 1533 1964 Icario
1555 1914 1675 1963 mari
1694 1930 1879 1964 nomen
1901 1912 2054 1963 dedit.

319 2001 463 2047 Haec
491 1999 616 2046 inter
641 1999 844 2046 Samum
878 2006 926 2046 et
954 1998 1228 2060 Myconum
1260 1995 1659 2061 procurrentibus
1694 1995 1820 2045 saxis
1845 1993 2058 2058 inhospi-

318 2079 426 2128 talis
469 2088 555 2139 est,
595 2088 642 2127 et
679 2077 826 2127 nullis
864 2079 1050 2127 sinibus
1088 2087 1333 2142 portuosa.
1411 2078 1602 2127 Dicitur
1649 2087 1815 2127 autem
1865 2080 2059 2127 Icarum

319 2163 607 2212 Cretensem
627 2159 696 2209 ibi
716 2159 969 2223 naufragio
990 2159 1224 2220 interisse,
1249 2169 1295 2209 et
1320 2161 1384 2209 de
1404 2161 1533 2209 exitu
1554 2159 1768 2209 hominis
1792 2159 2060 2224 inpositum

232 2251 292 2301 27
318 2258 504 2291 nomen
529 2244 656 2291 loco.
730 2244 898 2291 Naxos
925 2241 1084 2290 insula
1112 2259 1142 2291 a
1176 2241 1417 2305 Dionysio
1447 2242 1592 2302 dicta,
1621 2241 1761 2306 quasi
1788 2241 2056 2300 Dionaxos,

320 2321 456 2383 quod
474 2319 719 2369 fertilitate
738 2319 910 2369 vitium
930 2319 1095 2369 vincat
1118 2328 1317 2370 ceteraS.
1394 2322 1482 2369 Est
1500 2329 1666 2368 autem
1685 2337 1715 2368 a
1735 2320 1864 2369 Delo
1884 2321 2058 2369 decem

321 2409 369 2448 et
395 2408 509 2448 octo
534 2398 668 2447 milia
692 2415 927 2462 passuum
954 2407 1189 2462 separata,
1218 2416 1277 2448 ex
1302 2416 1400 2462 qua
1423 2398 1541 2448 olim
1569 2397 1700 2447 Iovis
1725 2399 1873 2447 fertur
1897 2398 2063 2447 adver-

233 2479 298 2527 28
321 2494 402 2527 sus
427 2476 633 2526 Titanas
658 2477 807 2527 fuisse
827 2479 1092 2542 profectus.
1166 2479 1329 2527 Melos
1349 2494 1407 2527 ex
1426 2493 1632 2527 numero
1653 2478 1943 2540 Cycladum,
1965 2492 2064 2524 una

381 2613 396 2639 ι
428 2599 551 2652 quas]
574 2613 656 2651 qua
676 2599 723 2638 K
876 2614 900 2639 2
930 2601 1044 2640 laton
1066 2600 1197 2640 ΒΚΤ
1352 2613 1376 2648 4
1405 2600 1634 2650 capitolum
1658 2600 1697 2638 Β
1717 2614 1727 2639 :
1756 2600 1996 2651 capitolium
2018 2598 2064 2639 K

322 2670 346 2706 5
378 2656 626 2695 fundaretur
657 2655 702 2694 K
838 2656 936 2694 urbs
966 2656 1043 2695 ins.
1064 2655 1119 2694 Β1
1286 2656 1312 2693 6
1341 2655 1462 2706 urbe]
1483 2655 1618 2694 insula
1649 2654 1696 2693 K
1830 2668 1984 2695 aureus
2017 2655 2064 2693 K

323 2710 455 2763 sept]
479 2722 534 2749 Lx
550 2710 596 2748 K
716 2723 737 2760 7
770 2715 812 2749 et
832 2724 914 2750 om.
935 2710 982 2749 K
1114 2711 1139 2748 8
1169 2710 1220 2749 ad
1240 2708 1574 2760 septentrionem
1596 2709 1717 2749 BCK
1834 2724 1861 2760 9
1888 2723 1912 2749 a
1929 2716 2057 2749 tenne

327 2766 464 2817 (mae)
483 2765 587 2803 BT:
621 2765 880 2804 attenneK:
909 2766 963 2804 ad
981 2770 1110 2804 tenue
1127 2763 1177 2804 C¹
1290 2776 1340 2803 10
1367 2770 1518 2804 tennes
1534 2764 1644 2804 codd.
1763 2777 1807 2802 11
1840 2764 2063 2803 infamatur

323 2821 363 2858 Β
474 2819 608 2871 quod]
629 2819 780 2869 quiaB
890 2826 932 2859 et
952 2820 1043 2858 hab.
1065 2819 1170 2859 BK:
1202 2833 1286 2858 om.
1312 2818 1391 2858 CT
1498 2832 1546 2857 12
1576 2832 1646 2859 un.
1667 2819 1771 2858 Ten.
1798 2818 1916 2870 T(‘:‘f·
1940 2818 2056 2858 Serv.

324 2875 383 2914 ad
396 2874 505 2914 Aen.
527 2888 566 2926 2,
582 2874 655 2924 29)
771 2887 819 2923 13
848 2874 909 2913 sic
929 2887 1027 2914 cero
1051 2874 1101 2915 C1
1211 2874 1371 2913 thenen
1401 2872 1460 2912 T:
1490 2879 1607 2912 teten
1629 2873 1676 2911 K
1783 2885 1830 2922 14
1860 2874 2060 2912 tenedum

325 2929 371 2968 K
463 2929 720 2969 nominatam
745 2928 780 2967 C
796 2942 804 2967 :
835 2934 920 2968 -tur
942 2929 1020 2968 Cic.
1117 2929 1323 2978 Carpatos
1342 2928 1383 2967 Β
1392 2928 1429 2967 T
1444 2943 1453 2967 :
1482 2928 1689 2979 Carpatus
1712 2926 1792 2966 CK
1902 2938 1950 2977 15
1972 2941 2060 2966 car-

325 2985 487 3034 patium
527 2984 636 3023 codd.
826 2996 872 3033 17
903 2983 1034 3036 inter]
1073 2983 1139 3022 vel
1178 2982 1224 3021 K
1332 2982 1407 3034 ex]
1448 2983 1500 3022 ab
1537 2982 1584 3022 K
1769 2983 1817 3021 18
1845 2981 1988 3021 Citera
2029 2981 2066 3021 C

327 3051 374 3077 21
408 3039 514 3077 Icria
533 3039 584 3078 Cl
683 3038 796 3077 icaro
817 3051 896 3078 ma.
920 3038 967 3077 K
1073 3051 1124 3087 23
1152 3038 1338 3077 nicarum
1360 3037 1407 3076 K
1514 3050 1565 3087 24
1595 3036 1663 3076 ubi
1683 3036 1724 3075 Β
1797 3037 2004 3076 interesse
2021 3036 2068 3075 K

327 3104 378 3141 25
409 3093 562 3132 Naxon
584 3092 694 3132 codd.
807 3092 1017 3132 dionaxon
1037 3092 1127 3132 ΚΤ
1137 3105 1146 3131 :
1175 3104 1246 3132 -an
1266 3092 1306 3131 Β
1325 3105 1334 3130 :
1363 3092 1451 3131 —ion
1474 3091 1510 3132 C
1669 3091 1722 3129 26
1749 3089 1885 3143 quod]
1905 3091 2003 3142 quia
2021 3089 2064 3128 Β

327 3159 377 3197 27
409 3148 526 3187 ioves
553 3147 591 3187 T
693 3148 745 3185 28
774 3154 996 3197 provectus
1018 3147 1067 3186 C¹
1179 3158 1262 3186 una
1280 3145 1334 3186 ab
1353 3158 1434 3187 om.
1456 3145 1498 3185 Β

2074 617 2096 657 5

2081 1030 2130 1058 10

2083 1440 2131 1482 15

2083 1849 2132 1877 20

2087 2253 2134 2295 25
