2176 3424
481 135 1109 186 ETYMOLOGIARVM
1150 138 1277 184 LIB.
1319 138 1466 186 VIII.
1507 139 1549 185 xi

148 274 364 315 ventum.
415 266 640 315 Eandem
660 267 863 316 Vestam
889 275 936 315 et
962 265 1124 329 ignem
1149 282 1256 315 esse
1280 266 1554 329 perhibent,
1573 268 1688 331 quia
1712 278 1888 320 terram
1914 273 1982 332 67

148 348 309 410 ignem
336 349 516 397 habere
541 365 643 396 non
667 348 874 398 dubium
911 358 996 408 est,
1026 358 1078 397 ut
1115 366 1172 397 ex
1197 351 1360 398 Aetna
1382 351 1708 412 Vulcanoque
1745 353 1889 399 datur

147 428 377 493 intellegi.
450 432 514 478 Et
550 429 663 478 ideo
701 430 936 494 virginem
973 439 1162 494 putant,
1197 431 1312 494 quia
1348 431 1472 495 ignis
1510 431 1792 481 inviolabile
1828 432 1888 480 sit

147 512 461 572 elementum,
483 511 702 576 nihilque
727 512 862 561 nasci
887 512 1041 575 possit
1066 530 1123 562 ex
1144 529 1217 573 eo,
1237 513 1421 577 quippe
1451 514 1535 576 qui
1568 514 1736 563 omnia
1761 531 1888 577 quae

99 604 121 646 5
147 593 398 656 arripuerit
423 594 664 644 absumat.
739 594 946 644 Ovidius
973 594 1022 643 in
1050 595 1206 644 Fastis
1233 594 1298 660 (6,
1323 594 1436 660 291)
1459 616 1467 645 :
1911 608 1980 655 68

281 678 388 725 Nec
425 686 477 726 tu
513 677 646 726 aliud
684 679 888 726 Vestam
927 694 1076 740 quam
1115 677 1274 726 vivam
1323 678 1551 742 intellege
1602 681 1882 737 fiammam3

419 768 632 822 nataque
668 760 731 807 de
770 762 970 808 flamma
1006 777 1211 823 corpora
1247 762 1382 809 nulla
1419 760 1568 810 vides.

148 843 412 903 Propterea
445 849 493 889 et
523 840 730 904 virgines
757 841 800 889 ei
827 841 1003 890 servire
1029 843 1272 903 dicuntur,
1301 859 1361 891 eo
1386 845 1523 906 quod
1548 843 1674 893 sicut
1707 861 1766 894 ex
1794 844 1885 893 vir-

146 922 272 985 gine,
296 922 362 971 ita
381 922 501 970 nihil
519 939 577 971 ex
592 922 703 987 igne
724 932 964 972 nascatur.
1018 926 1264 974 Iunonem
1286 926 1457 973 dicunt
1478 928 1618 988 quasi
1636 928 1881 986 ianonem,
1911 932 1986 990 69

74 1020 124 1049 10
146 1003 196 1051 id
233 1012 306 1051 est
341 1003 551 1064 ianuam,
592 1022 679 1068 pro
717 1005 1089 1070 purgationibus
1126 1006 1432 1067 feminarum,
1475 1024 1536 1057 eo
1573 1011 1709 1071 quod
1746 1009 1885 1073 quasi

145 1093 307 1147 portas
346 1094 554 1133 matrum
593 1096 817 1135 natorum
857 1089 1052 1150 pandat,
1094 1097 1142 1136 et
1184 1089 1462 1138 nubentum
1501 1090 1700 1140 maritis.
1786 1093 1883 1140 Sed

145 1166 239 1213 hoc
265 1167 561 1230 philosophi.
634 1171 816 1217 Poetae
840 1179 1005 1217 autem
1034 1171 1280 1219 Iunonem
1316 1171 1448 1219 Iovis
1478 1174 1711 1221 adserunt
1750 1190 1883 1222 sorc-

145 1264 244 1295 rem
271 1257 318 1296 et
352 1251 612 1312 coniugem
638 1270 646 1299 :
685 1252 846 1314 ignem
874 1251 1004 1299 enirn
1033 1261 1079 1300 et
1105 1269 1266 1301 aerem
1296 1256 1481 1314 Iovem,
1510 1273 1690 1318 aquam
1717 1266 1765 1305 et
1791 1267 1884 1306 ter-

143 1346 244 1378 ram
299 1333 543 1380 Iunonem
595 1331 972 1395 interpretantur
993 1353 1006 1394 3
1056 1351 1265 1396 quorum
1310 1338 1521 1385 duorum
1558 1338 1884 1401 permixtione

36 1411 44 1423 ¹
73 1430 118 1469 15
143 1413 370 1463 universa
394 1413 671 1477 gignuntur.
744 1417 807 1463 Et
833 1432 1049 1464 sororem
1073 1415 1245 1465 dicunt
1272 1420 1408 1482 quod
1436 1420 1612 1468 mundi
1639 1438 1749 1484 pars
1778 1432 1851 1470 est
1871 1441 1882 1483 3
1907 1436 1975 1485 70

143 1494 419 1558 coniugem,
460 1498 595 1558 quod
646 1497 913 1546 commixta
967 1500 1248 1548 concordat.
1352 1502 1502 1550 Vnde
1546 1511 1594 1550 et
1637 1503 1881 1566 Vergilius

141 1575 339 1640 (Georg.
363 1595 403 1636 2,
429 1577 544 1642 325)
568 1597 576 1626 z

342 1661 474 1708 Tum
514 1669 651 1724 pater
691 1663 1005 1724 omnipotens
1046 1663 1270 1712 fecundis
1311 1663 1550 1715 imbribus
1591 1669 1758 1718 aether

345 1742 567 1805 coniugis
607 1743 656 1791 in
695 1746 934 1806 gremium
975 1746 1248 1795 descendit.

69 1844 119 1871 20
150 1824 374 1871 Minerva
411 1826 544 1887 apud
586 1827 801 1874 Graecos
828 1824 1003 1890 Ἀθήνη
1037 1826 1227 1887 dicitur,
1260 1829 1311 1878 id
1342 1839 1428 1890 est,
1466 1832 1662 1882 femina.
1733 1835 1883 1897 Apud
1907 1846 1960 1896 71

146 1905 348 1953 Latinos
395 1915 560 1954 autem
618 1909 894 1957 Minervam
944 1919 1169 1958 vocatam
1219 1914 1356 1974 quasi
1405 1914 1550 1961 deam
1600 1923 1647 1962 et
1704 1933 1884 1965 munus

147 1987 322 2034 artium
349 1986 601 2037 variarum.
678 1992 825 2038 Hanc
852 1990 983 2039 enirn
1015 1991 1335 2041 inventricem
1363 1996 1630 2044 multorum
1667 1997 1883 2061 ingenio-

145 2084 251 2115 rum
289 2068 563 2130 perhibent,
591 2080 638 2119 et
672 2070 788 2119 inde
814 2088 921 2120 eam
943 2081 1095 2120 artem
1131 2083 1178 2121 et
1212 2074 1451 2124 rationem
1490 2076 1879 2141 interpretantur,

145 2148 259 2211 quia
293 2149 398 2198 sine
431 2150 618 2199 ratione
651 2151 772 2199 nihil
806 2162 968 2216 potest
1002 2154 1254 2204 contineri.
1329 2158 1472 2218 Quae
1509 2159 1645 2218 ratio,
1671 2161 1786 2224 quia
1825 2179 1882 2211 ex
1903 2168 1966 2219 72

68 2251 114 2291 25
142 2234 247 2281 solo
273 2234 440 2282 animo
466 2234 692 2294 nascitur,
720 2234 1042 2299 animumque
1075 2246 1250 2300 putant
1284 2256 1390 2287 esse
1421 2239 1470 2288 in
1497 2242 1657 2305 capite
1683 2253 1729 2292 et
1756 2262 1882 2294 cere-

140 2315 241 2375 bro,
271 2315 384 2364 ideo
422 2332 529 2364 earn
557 2316 727 2365 dicunt
754 2319 816 2366 de
850 2318 1008 2381 capite
1045 2319 1174 2368 Iovis
1208 2337 1314 2369 esse
1349 2332 1528 2382 natam,
1558 2324 1672 2386 quia
1709 2343 1880 2376 sensus

142 2396 388 2459 sapientis,
417 2397 499 2459 qui
537 2397 722 2446 invenit
758 2399 939 2456 omnia,
967 2399 1015 2448 in
1054 2401 1212 2465 capite
1250 2412 1337 2451 est.
1411 2407 1470 2452 In
1507 2408 1645 2455 cuius
1682 2418 1880 2471 pectore
1905 2421 1964 2470 73

195 2533 211 2557 1
245 2520 439 2572 Vestam]
458 2534 560 2560 vero
582 2527 664 2560 tam
688 2521 733 2560 K
749 2521 851 2571 {non
873 2523 932 2569 A)
1112 2526 1229 2578 quia]
1251 2540 1373 2577 quam
1397 2527 1442 2565 K
1629 2545 1652 2580 4
1686 2533 1822 2582 poscit
1851 2533 1887 2571 T

136 2588 159 2624 5
190 2576 382 2614 adsumat
402 2575 510 2615 codd.
534 2589 543 2614 z
571 2589 668 2616 corr.
693 2577 785 2616 dett.
933 2580 959 2616 6
989 2579 1122 2631 aliud]
1143 2580 1214 2619 liat
1242 2581 1279 2619 T
1385 2582 1570 2633 intellegi
1593 2585 1661 2625 K:
1691 2588 1734 2625 in
1757 2588 1879 2627 intel-

136 2630 219 2678 lige
239 2629 280 2667 Β
390 2643 412 2679 7
445 2635 543 2669 nata
565 2632 617 2669 de
646 2632 682 2669 T
758 2632 908 2671 videns
929 2633 976 2671 C¹
1089 2636 1114 2672 8
1135 2635 1197 2673 eis
1224 2635 1261 2674 T
1339 2637 1481 2676 dicunt
1500 2639 1585 2678 BT
1689 2655 1715 2690 9
1746 2643 1880 2681 nasci-

137 2690 205 2722 tur
225 2683 296 2723 K:
326 2691 552 2724 nascuntur
579 2685 616 2724 T
804 2687 961 2727 Dicunt
984 2688 1185 2728 iononem
1205 2690 1300 2729 KM
1315 2691 1414 2742 (non
1435 2692 1497 2743 A)
1696 2697 1876 2735 iaionem

143 2738 181 2776 T
289 2751 337 2777 10
376 2740 693 2789 propug**ibus
712 2740 767 2778 Β1
880 2742 974 2782 sem.
1001 2750 1041 2782 et
1063 2745 1176 2794 quod
1197 2744 1287 2784 dett.
1426 2759 1468 2785 11
1502 2754 1694 2788 natorum
1716 2750 1876 2790 KMU:

141 2799 329 2832 naturam
359 2792 417 2833 T:
447 2799 639 2833 notorum
661 2795 726 2834 B:
757 2801 908 2835 natura
930 2797 979 2835 Cl
1003 2813 1011 2837 :
1041 2812 1096 2836 cm
1117 2799 1255 2840 natis?
1596 2805 1769 2843 maritus
1797 2806 1883 2844 TM

144 2858 191 2884 12
211 2853 351 2886 autem
372 2861 456 2888 om.
477 2849 517 2886 B
617 2862 664 2899 13
685 2849 796 2889 enim
817 2864 897 2891 om.
921 2851 966 2889 K
1051 2867 1097 2902 14
1118 2854 1421 2904 interpretatur
1438 2857 1485 2895 K
1572 2871 1620 2907 15
1642 2871 1739 2908 pars
1761 2860 1814 2898 sit
1836 2860 1880 2898 K

141 2903 191 2939 16
219 2904 448 2942 concordat
473 2904 528 2942 C:
569 2905 715 2943 cordat
742 2905 800 2944 T:
840 2908 1056 2946 cordatum
1088 2908 1158 2947 dat
1188 2908 1228 2946 Β
1254 2923 1303 2948 ex
1330 2923 1427 2952 corr.
1450 2927 1459 2952 :
1500 2913 1625 2951 corda
1646 2913 1783 2952 tundit
1803 2913 1876 2955 K:

140 2957 291 2995 condat
307 2957 352 2995 D
438 2958 488 2996 18
505 2958 564 2997 ait
580 2964 665 2997 tum
685 2958 719 2998 C
737 2974 745 2998 :
765 2966 807 2999 at
824 2966 910 2999 tum
923 2961 969 2999 K
1061 2963 1254 3002 facundis
1270 2965 1366 3005 imb.
1385 2979 1408 3005 a
1422 2973 1534 3006 terra
1562 2967 1599 3004 T
1685 2981 1738 3007 20
1757 2969 1876 3007 athe-

139 3022 215 3049 nas
228 3010 338 3051 codd.
453 3025 500 3050 21
523 3019 663 3052 autem
677 3027 758 3052 om.
773 3014 819 3052 K
900 3028 1048 3056 manus
1064 3017 1103 3055 Β
1117 3030 1167 3056 ex
1181 3031 1280 3058 corr.
1301 3019 1346 3057 K
1351 3022 1389 3060 T
1494 3034 1545 3060 22
1565 3021 1768 3060 artiarum
1784 3036 1870 3064 var.

144 3064 182 3102 T
244 3120 268 3156 8
347 3079 399 3115 23
420 3066 723 3119 interpretatur
743 3068 787 3106 K
967 3082 1018 3119 25
1048 3071 1233 3113 animum
1254 3079 1338 3126 put.
1363 3077 1409 3114 K
1553 3088 1641 3129 cap.
1664 3077 1705 3115 in
1728 3090 1807 3118 cer.
1833 3079 1878 3122 K

194 3131 237 3158 11
272 3132 296 3158 2
699 3156 707 3162 r
988 3141 1013 3173 Z
