2228 3444
505 143 1138 193 ETYMOLOGIARVM
1179 146 1307 193 LIB.
1350 146 1388 192 I.
1427 144 1574 193 vii-ix

169 267 352 316 habent
401 267 772 315 demonstrandi
821 265 1245 329 significationem.
1319 268 1552 330 Aliquem
1601 269 1731 316 enim
1780 285 1912 332 prae-

169 358 358 398 sentem
388 349 464 396 his
501 348 910 406 demonstramus,
944 355 997 395 ut
1029 346 1166 406 ‘hic,'
1202 349 1382 409 ‘haec,’
1420 350 1605 399 ‘hoc':
1663 366 1788 412 quae
1821 352 1911 398 tria

169 438 216 478 et
241 427 430 478 articuli
454 429 786 478 nominantur.
858 429 1067 477 Articuli
1091 437 1258 478 autem
1292 429 1425 490 dicti,
1453 431 1589 493 quod
1625 431 1909 480 nominibus
1929 444 1962 490 4

169 517 397 571 artantur,
439 511 490 560 id
526 520 599 559 est
634 512 954 573 conligantur,
983 527 1097 558 curn
1132 510 1342 560 dicimus
1371 513 1479 560 ‘hic
1513 515 1702 561 orator.'
1776 515 1911 562 Inter

126 603 148 643 5
169 591 427 641 articulum
452 602 618 641 autem
644 602 692 641 et
716 608 993 654 pronomen
1018 593 1113 641 hoc
1139 591 1353 653 interest,
1375 595 1511 656 quod
1537 593 1768 642 articulus
1794 603 1911 643 tunc

169 684 254 733 est,
295 690 449 737 quum
491 673 682 723 nomini
725 672 1052 737 coniungitur,
1098 682 1152 722 ut
1191 673 1298 722 ‘hic
1334 674 1558 738 sapiens.'
1631 676 1760 725 Cum
1797 692 1911 725 vero

169 773 270 804 non
312 755 641 819 coniungitur,
680 754 1123 805 demonstrativum
1165 773 1444 819 pronomen
1488 766 1574 818 est,
1620 766 1673 805 ut
1719 757 1826 806 ‘hic
1863 768 1911 806 et

169 839 290 886 haec
328 847 375 886 et
407 839 532 886 hoc.'
604 839 788 886 Omnia
819 847 984 886 autem
1022 838 1317 900 pronomina
1346 847 1430 887 aut
1459 839 1765 902 primogenia
1797 849 1910 888 sunt
1933 856 1963 904 5

169 928 252 967 aut
288 919 564 969 deductiva.
638 918 951 983 Primogenia
980 919 1112 968 dicta
1149 930 1261 968 sunt
1291 920 1407 983 quia
1438 920 1639 970 aliunde
1672 920 1910 984 originem

97 1012 146 1040 10
169 1016 271 1049 non
296 1002 505 1049 trahunt.
581 1003 724 1049 Haec
748 1001 919 1064 viginti
944 1010 992 1049 et
1017 1019 1172 1050 unum
1210 1011 1337 1049 sunt.
1414 1001 1575 1050 Finita
1600 1001 1690 1050 tria
1712 1021 1721 1051 :
1762 1004 1911 1065 ‘ego‚'

173 1084 281 1142 ‘tu,'
311 1084 451 1131 ‘ille.'
505 1082 706 1131 Infinita
731 1092 918 1146 septem
945 1102 954 1131 ε
996 1083 1166 1146 ‘quis,’
1196 1087 1207 1108 ‘
1227 1084 1414 1146 qualis,’
1444 1083 1609 1144 ‘talis‚'
1639 1087 1896 1147 ‘quantus‚

171 1165 393 1223 ‘tantus‚⁷
416 1166 427 1188 ‘
444 1165 654 1226 quotus‚⁷
677 1167 687 1189 ‘
708 1166 871 1213 totus.'
916 1164 1085 1212 Minus
1106 1181 1255 1227 quam
1277 1164 1414 1212 finita
1434 1181 1518 1214 sex
1539 1182 1548 1213 :
1580 1165 1726 1224 ‘iste,'
1747 1169 1759 1191 ζ
1777 1165 1895 1228 ipse,

170 1246 311 1302 ‘hic,⁷
350 1245 444 1304 ‘is,'
483 1244 675 1304 ‘idem‚⁷
711 1245 840 1294 ‘sui'
915 1245 1196 1295 Possessiva
1222 1245 1471 1309 quinque:
1513 1248 1710 1308 ‘meus,'
1744 1251 1896 1306 ‘tuus,

171 1328 344 1386 ‘suus‚⁷
381 1329 603 1386 ‘noster,'
640 1330 652 1352 ‘
673 1326 859 1376 vester.'
933 1327 1147 1391 Reliqua
1178 1336 1344 1376 autem
1379 1328 1642 1377 deductiva
1667 1328 1911 1387 dicuntur,

96 1425 141 1465 15
168 1407 283 1470 quia
315 1425 373 1456 ex
406 1408 508 1457 istis
538 1409 751 1458 deducta
787 1419 937 1472 atque
968 1408 1228 1473 conposita
1254 1409 1480 1469 existunt,
1518 1420 1570 1458 ut
1609 1410 1912 1474 ‘quispiam‚'

168 1492 181 1514 ‘
201 1489 407 1553 aliquis]
433 1499 481 1538 et
507 1490 705 1554 reliqua.

303 1573 386 1619 DE
412 1587 597 1621 VERBO.
646 1573 868 1621 Verbum
889 1572 1076 1622 dictum
1098 1588 1171 1632 eo,
1195 1574 1328 1635 quod
1348 1573 1601 1622 verberato
1621 1590 1732 1638 aere
1757 1583 1911 1633 sonat,
1938 1588 1952 1627 1
1960 1589 1999 1628 X

167 1654 243 1703 vel
268 1655 403 1716 quod
428 1655 551 1703 haec
571 1671 680 1717 pars
701 1656 980 1717 frequenter
999 1654 1049 1702 in
1069 1653 1290 1703 oratione
1311 1664 1539 1703 versetur.
1599 1658 1723 1704 Sunt
1747 1665 1911 1705 autem

167 1734 316 1783 verba
342 1734 519 1783 mentis
545 1735 695 1798 signa,
726 1735 905 1798 quibus
942 1735 1170 1784 homines
1201 1735 1524 1799 cogitationes
1559 1754 1669 1785 suas
1700 1737 1910 1787 invicem

94 1836 146 1863 20
168 1818 422 1878 loquendo
459 1818 814 1866 demonstrant.
888 1817 1023 1867 Sicut
1050 1827 1217 1866 autem
1255 1834 1439 1866 nomen
1477 1817 1716 1881 significat
1751 1836 1912 1882 perso-

167 1914 296 1956 nam,
318 1897 386 1946 ita
410 1898 614 1946 verbum
635 1900 818 1947 factum
839 1898 1129 1962 dictumque
1149 1915 1400 1961 personae.
1464 1901 1524 1947 In
1543 1915 1753 1962 persona
1779 1900 1913 1949 verbi

166 1978 352 2041 agentis
401 1989 449 2028 et
495 1982 725 2043 patientis
763 1980 1053 2044 significatio
1090 1990 1176 2030 est.
1251 1982 1381 2028 Nam
1423 1980 1638 2029 ‘scribo'
1674 1999 1911 2044 personae

165 2063 350 2110 factum
375 2072 463 2111 est.
538 2066 666 2112 Item
696 2064 933 2112 ‘scribor'
959 2080 1197 2127 personae
1238 2065 1420 2111 factum
1459 2063 1657 2124 indicat,
1685 2066 1773 2113 sed
1807 2064 1910 2113 eius

166 2160 194 2190 a
236 2160 336 2206 quo
373 2144 564 2206 patitur.
639 2145 916 2193 Verborum
952 2162 1131 2208 genera
1166 2146 1267 2194 duo
1304 2154 1446 2194 sunt:
1483 2145 1909 2208 grammaticorum
1934 2163 1964 2197 2

95 2240 142 2280 25
167 2234 316 2287 atque
362 2227 627 2275 rhetorum.
701 2226 1150 2275 Grammaticorum
1198 2226 1249 2274 in
1302 2226 1389 2275 tria
1432 2228 1615 2275 cadunt
1655 2237 1909 2290 tempora:

166 2307 493 2369 praeteritum,
524 2307 725 2367 instans,
754 2310 985 2367 futurum,
1013 2319 1067 2357 ut
1109 2308 1279 2368 ‘fecit‚'
1309 2308 1480 2368 ‘facit,'
1509 2309 1711 2358 ‘faciet'
1782 2311 1911 2358 Rhe-

165 2399 326 2438 torum
346 2399 511 2439 autem
531 2390 756 2438 universa
775 2391 930 2438 oratio
948 2390 1097 2439 verba
1115 2390 1347 2439 dicuntur
1365 2391 1527 2451 veluti,
1560 2395 1571 2415 ‘
1586 2390 1746 2440 verbis
1767 2391 1909 2439 bonis

164 2488 255 2519 nos
281 2471 441 2534 cepit,'
467 2475 479 2496 ‘
495 2471 644 2520 verba
669 2472 802 2520 bona
827 2471 1028 2530 habuit‚'
1054 2471 1139 2520 ubi
1165 2489 1268 2520 non
1300 2481 1491 2520 tantum
1518 2473 1677 2530 verba,
1708 2489 1834 2535 quae
1859 2471 1907 2519 in

163 2553 253 2602 tria
277 2555 462 2602 cadunt
487 2562 721 2616 tempora,
745 2555 832 2603 sed
852 2553 1078 2602 universa
1098 2555 1253 2603 oratio
1273 2563 1358 2603 est.
1421 2553 1700 2602 Verborum
1721 2553 1906 2616 species

1903 1087 1912 1106 7

1903 1167 1912 1187 ²

1903 1249 1912 1270 Ξ

221 2702 238 2728 1
273 2689 590 2730 demonstrandi
621 2688 681 2727 Kl
711 2695 757 2729 ut
784 2690 864 2730 vid.
906 2690 963 2728 T:
1004 2690 1334 2729 demonstrantis
1354 2689 1433 2729 BC
1606 2702 1631 2738 3
1662 2695 1704 2728 et
1730 2703 1809 2729 om.
1845 2689 1905 2727 Κ1

162 2745 254 2785 Art.
280 2775 288 2784 .
313 2775 323 2786 .
343 2775 353 2785 .
379 2752 519 2785 orator
538 2758 620 2783 om.
652 2745 694 2783 U
833 2758 857 2793 4
888 2744 1001 2796 cum]
1025 2746 1132 2784 sicut
1159 2743 1213 2782 T1
1371 2757 1395 2793 5
1425 2750 1563 2782 autern
1593 2757 1674 2784 om.
1698 2744 1744 2781 K
1879 2745 1905 2781 6

162 2800 351 2850 iungitur
368 2799 455 2838 BT
642 2811 664 2848 7
697 2798 806 2850 non]
829 2799 987 2838 nomini
1014 2799 1051 2836 T
1225 2798 1477 2850 pronomen]
1501 2811 1652 2836 nomen
1681 2797 1736 2835 T1
1834 2798 1902 2836 hic

162 2855 268 2893 haec
290 2855 371 2893 hoc
391 2853 451 2894 Kl
629 2855 654 2891 8
684 2860 783 2892 sunt
804 2859 875 2892 aut
897 2854 989 2892 ded.
1011 2851 1118 2892 KC:
1147 2860 1218 2893 aut
1239 2854 1333 2894 ded.
1355 2859 1453 2892 sunt
1480 2851 1553 2891 ΤΒ
1719 2864 1768 2889 10
1797 2852 1902 2903 non]

161 2909 332 2947 nomine
360 2907 397 2947 T
503 2922 551 2957 14
582 2913 728 2947 noster
747 2914 789 2947 et
809 2914 954 2948 vester
972 2907 1012 2946 B
1127 2921 1173 2956 17
1203 2915 1327 2947 sonet
1349 2908 1387 2947 Β
1497 2920 1548 2945 22
1579 2906 1716 2946 scribo
1737 2906 1904 2956 agentis

161 2973 370 3011 personae
398 2963 435 3002 T
514 2975 564 3012 24
594 2963 754 3012 potitur
775 2962 825 3001 Cl
909 2964 961 3002 26
991 2962 1174 3014 instans]
1197 2975 1373 3012 presens
1401 2961 1438 2999 T
1515 2963 1566 2998 28
1595 2960 1729 3011 cepit]
1751 2960 1902 3010 accipit

163 3015 198 3055 C
301 3017 408 3069 non]
430 3030 583 3056 nomen
611 3016 648 3055 T
