2228 3444
474 142 1107 190 ETYMOLOGIARVM
1148 143 1277 189 LIB.
1321 143 1416 189 III.
1460 140 1574 189 iii-v

148 271 365 335 partibus
386 273 484 320 suis
510 272 754 334 perfectus
775 280 860 330 est,
890 269 1242 334 perfectionem
1266 269 1439 318 mundi
1464 270 1678 332 quadam
1706 266 1896 316 numeri

150 352 266 420 [sui]
293 353 649 417 significatione
675 353 904 402 declarat.
967 351 1199 401 Similiter
1223 360 1271 400 et
1296 350 1621 415 quadraginta
1646 351 1766 410 dies,
1795 349 1897 412 qui-

147 435 241 485 bus
271 439 470 499 Moyses
501 444 548 484 et
577 434 750 484 Helias
785 444 833 483 et
863 434 968 497 ipse
996 434 1244 483 Dominus
1280 433 1634 493 ieiunaverunt,
1672 433 1778 480 sine
1812 449 1894 479 nu-

149 534 395 566 merorum
422 516 705 580 cognitione
731 534 832 566 non
858 516 1219 579 intelleguntur.
1283 515 1363 565 Sic
1388 524 1436 565 et
1461 514 1542 563 alii
1568 514 1618 562 in
1649 513 1896 576 scripturis
1921 532 1950 577 3

102 626 123 664 5
149 599 295 648 sacris
316 601 507 649 numeri
533 599 761 660 existunt,
789 616 1000 662 quorum
1031 600 1209 662 figuras
1242 597 1440 647 nonnisi
1473 596 1579 646 noti
1612 597 1756 644 huius
1782 595 1896 644 artis

150 681 384 731 scientiae
422 683 608 731 solvere
644 691 867 745 possunt.
942 683 1128 729 Datum
1167 690 1240 730 est
1274 682 1421 729 etiam
1460 678 1605 728 nobis
1643 697 1700 727 ex
1733 677 1897 740 aliqua

149 774 284 827 parte
311 765 403 814 sub
437 780 754 813 numerorum
790 764 1057 812 consistere
1091 762 1367 826 disciplina,
1395 763 1598 825 quando
1633 763 1775 809 horas
1814 778 1898 823 per

150 865 258 896 cam
308 846 532 907 dicimus,
586 848 787 909 quando
841 847 904 894 de
960 862 1221 894 mensuum
1280 844 1521 893 curriculo
1570 843 1893 906 disputamus,

150 931 351 993 quando
393 928 606 992 spatium
649 928 767 977 anni
807 929 1057 977 redeuntis
1099 926 1427 991 agnoscimus.
1506 928 1598 974 Per
1636 939 1952 986 numerum4

78 1033 126 1062 10
151 1011 395 1076 siquidem
445 1028 507 1059 ne
556 1012 920 1060 confundamur
969 1009 1266 1058 instruimur.
1346 1010 1490 1057 Tolle
1539 1024 1798 1055 numerum
1849 1005 1899 1054 in

150 1094 294 1143 rebus
320 1092 568 1152 omnibus,
598 1102 646 1142 et
671 1094 839 1140 onmia
864 1101 1085 1155 pereunt.
1173 1090 1356 1140 Adime
1383 1092 1581 1140 saeculo
1607 1097 1895 1152 computum,

150 1185 196 1224 et
233 1184 412 1224 cuncta
451 1173 724 1237 ignorantia
760 1190 907 1223 caeca
945 1175 1286 1237 conplectitur,
1327 1190 1419 1221 nec
1456 1171 1635 1222 differri
1672 1180 1835 1234 potest
1872 1188 1900 1218 a

150 1255 322 1307 ceteris
347 1255 657 1316 animalibus,
687 1255 771 1319 qui
797 1255 972 1304 calculi
1000 1254 1226 1304 nesciunt
1252 1254 1506 1304 rationem.

286 1341 369 1386 DE
412 1353 578 1386 PRIMA
622 1353 894 1387 DIVISIONE
938 1353 1139 1385 PARIVM
1186 1353 1250 1385 ET
1294 1352 1569 1385 INPARIVM.
1648 1337 1958 1385 NumerusV

80 1442 124 1482 15
150 1420 383 1470 dividitur
407 1420 457 1468 in
485 1418 602 1487 [his]
630 1419 829 1483 paribus
864 1429 911 1469 et
942 1419 1209 1483 inparibus.
1286 1423 1377 1468 Par
1407 1436 1640 1467 numerus
1666 1417 1900 1467 dividitur

150 1502 199 1551 in
234 1502 336 1551 his:
375 1501 552 1566 pariter
586 1519 685 1565 par,
718 1501 896 1566 pariter
930 1504 1082 1566 inpar,
1112 1511 1160 1551 et
1193 1501 1425 1566 inpariter
1458 1518 1558 1564 par.
1633 1503 1782 1564 Inpar
1816 1517 1900 1548 nu—

151 1601 311 1633 merus
338 1583 571 1634 dividitur
597 1584 647 1632 in
673 1583 748 1633 his
770 1603 779 1632 :
816 1583 1031 1647 primum
1058 1593 1105 1632 et
1132 1583 1379 1647 simplum,
1410 1584 1686 1633 secundum
1714 1591 1762 1632 et
1787 1599 1900 1631 con·

150 1667 379 1730 positum,
409 1665 605 1715 tertium
633 1667 970 1727 mediocrem,
1008 1667 1092 1729 qui
1124 1667 1501 1729 quodammodo
1535 1667 1720 1729 primus
1751 1674 1797 1713 et
1832 1664 1899 1713 in-

149 1749 454 1812 compositus
498 1757 584 1807 est,
625 1748 721 1798 alio
759 1764 874 1797 vero
915 1749 1068 1797 modo
1107 1749 1356 1798 secundus
1395 1757 1443 1797 et
1483 1746 1770 1811 conpositus
1810 1756 1896 1795 est.

77 1851 127 1879 20
151 1833 243 1878 Par
267 1846 501 1879 numerus
533 1839 618 1889 est,
649 1829 733 1894 qui
767 1832 817 1878 in
852 1830 1046 1879 duabus
1072 1832 1243 1894 aequis
1278 1829 1499 1894 partibus
1534 1829 1686 1879 dividi
1720 1838 1896 1892 potest,
1922 1848 1952 1882 2

150 1921 202 1961 ut
229 1927 282 1972 11,
312 1927 363 1959 1v
388 1922 435 1961 et
462 1927 570 1960 V111.
635 1914 784 1975 Inpar
809 1929 924 1962 vero
950 1929 1184 1961 numerus
1211 1922 1297 1972 est,
1322 1912 1406 1975 qui
1423 1911 1577 1961 dividi
1601 1910 1772 1974 aequis
1798 1928 1899 1974 par-

150 1993 281 2043 tibus
315 1993 499 2057 nequit,
528 2010 631 2043 uno
658 1994 825 2044 medio
851 1996 927 2043 vel
961 1994 1224 2044 deficiente
1258 1996 1335 2044 vel
1366 2003 1640 2057 superante,
1670 2002 1723 2042 ut
1749 2008 1822 2054 111,
1852 2009 1896 2052 v,

151 2091 237 2135 vn,
283 2091 337 2124 ix
381 2086 429 2125 et
471 2076 661 2140 reliqui.
737 2078 921 2126 Pariter
963 2093 1049 2139 par
1088 2092 1321 2125 numerus
1366 2086 1451 2137 est,
1495 2077 1579 2139 qui
1623 2077 1899 2125 secundum
1925 2094 1955 2140 3

150 2173 318 2221 parem
354 2174 614 2207 numerum
652 2159 831 2222 pariter
867 2158 1114 2219 dividitur,
1152 2175 1413 2222 quousque
1449 2161 1513 2208 ad
1551 2158 1899 2208 indivisibilem

77 2258 125 2301 25
151 2239 401 2303 perveniat
435 2240 708 2301 unitatem,
743 2250 796 2289 ut
828 2250 947 2304 puta
982 2256 1105 2288 Lxlv
1136 2241 1285 2291 habet
1321 2242 1586 2291 medietate
1616 2255 1784 2301 XXXII,
1820 2241 1900 2289 hic

150 2331 316 2370 autem
337 2335 442 2382 XVI,
471 2337 561 2370 xvl
583 2339 698 2371 vero
719 2337 829 2383 V111,
856 2324 1139 2371 octonarius
1162 2339 1226 2384 1v,
1246 2325 1586 2387 quaternarius
1608 2339 1659 2383 11,
1685 2322 1900 2372 binarius

151 2418 319 2464 unum,
361 2404 447 2468 qui
486 2404 743 2468 singularis
782 2404 1092 2454 indivisibilis
1131 2414 1216 2454 est.
1293 2405 1478 2454 Pariter
1514 2404 1654 2469 inpar
1690 2414 1778 2465 est,
1816 2407 1898 2468 qui
1922 2418 1955 2466 4

207 2548 230 2572 2
260 2533 325 2572 sui
345 2533 437 2572 hab.
460 2532 568 2572 BT:
598 2547 681 2573 om.
708 2533 787 2573 CK
909 2546 934 2584 5
965 2534 1032 2584 fig.
1060 2535 1225 2573 numeri
1246 2535 1338 2574 sine
1358 2534 1509 2573 notitia
1529 2535 1568 2573 h.
1590 2548 1626 2574 a.
1649 2547 1708 2574 sc.
1729 2547 1789 2574 so.
1815 2548 1898 2573 non

151 2601 219 2638 po.
247 2588 293 2626 K
311 2588 417 2638 (non
436 2587 478 2625 A
504 2587 610 2639 Col.)
749 2590 777 2627 6
804 2588 961 2641 aliqua]
984 2601 1138 2638 magna
1165 2588 1320 2641 T<n0n
1343 2589 1448 2642 Col.)
1577 2590 1603 2627 8
1632 2590 1809 2628 dicimus
1829 2590 1899 2628 K:

155 2643 353 2682 discimus
373 2643 451 2681 BC
457 2642 494 2680 T
613 2658 650 2694 q.
675 2656 728 2683 m.
751 2643 956 2682 curricula
977 2650 1255 2694 supputamus
1282 2644 1320 2683 T
1439 2644 1647 2683 curricula
1666 2644 1711 2683 K
1733 2645 1787 2695 (et
1791 2646 1894 2693 fort.

152 2697 271 2749 Isid.)
291 2711 300 2735 :
330 2697 549 2736 curriculis
567 2697 608 2736 Β
776 2711 825 2736 10
857 2698 1168 2737 confundantur
1186 2698 1232 2736 K
1410 2712 1426 2736 1
1439 2712 1455 2737 1
1488 2700 1650 2738 adimes
1675 2698 1835 2738 calculo
1855 2698 1901 2735 K

155 2757 259 2803 (non
278 2751 339 2802 A)
456 2765 504 2801 13
536 2752 673 2791 nescit
701 2752 739 2791 T
848 2766 895 2802 15
927 2753 993 2791 his
1013 2753 1104 2792 hab.
1127 2752 1279 2793 KLA:
1309 2766 1391 2792 om.
1414 2753 1625 2793 BCDTU
1729 2753 1898 2802 paribus

156 2838 164 2846 .
183 2836 191 2845 .
212 2835 222 2846 .
242 2807 286 2845 in
306 2807 390 2858 his]
408 2820 492 2846 om.
508 2807 549 2845 A
619 2807 809 2857 partibus
824 2807 906 2845 KL
984 2813 1027 2846 et
1043 2808 1086 2846 in
1102 2807 1322 2858 inparibus
1337 2806 1437 2847 BU1
1455 2813 1501 2846 ut
1514 2809 1594 2848 vid.
1713 2810 1762 2846 16
1793 2806 1899 2856 pari-

155 2866 222 2900 ter
240 2874 317 2912 par
334 2874 417 2901 om.
438 2860 520 2900 KL
646 2874 722 2912 par
741 2862 903 2911 pariter
923 2875 1006 2902 om.
1036 2862 1074 2901 T
1091 2862 1194 2915 (non
1220 2863 1278 2913 U)
1405 2876 1494 2913 par.
1518 2863 1647 2913 Inpar
1667 2875 1748 2900 om.
1770 2860 1895 2899 KLA

158 2927 204 2964 17
235 2929 296 2966 pr.
326 2917 454 2967 simp.
484 2929 567 2956 sec.
601 2929 724 2966 conp.
758 2921 852 2956 tert.
888 2918 998 2956 med.
1036 2915 1074 2955 T
1223 2917 1459 2956 secundum
1496 2916 1808 2967 inconpositum
1849 2914 1897 2953 C1

159 2972 208 3009 18
238 2969 403 3021 inconp.
425 2971 505 3010 alio
528 2971 586 3010 T:
614 2971 863 3021 conpositus
883 2972 965 3010 alio
979 2971 1048 3010 K:
1079 2985 1200 3022 conp.
1218 2979 1283 3012 est
1304 2971 1385 3010 alio
1402 2972 1483 3011 BC
1594 2985 1642 3020 19
1671 2976 1735 3009 est
1755 2983 1838 3009 om.
1857 2969 1901 3008 K

155 3037 206 3063 22
236 3026 345 3066 med.
363 3031 408 3065 ut
427 3026 510 3065 def.
527 3025 573 3064 K
680 3039 731 3076 23
762 3025 926 3065 Pariter
944 3039 1026 3067 om.
1047 3025 1093 3063 K
1201 3038 1252 3076 25
1282 3028 1533 3077 perveniant
1551 3024 1595 3062 K
1610 3040 1619 3064 ε
1649 3025 1845 3074 pervenit
1868 3023 1906 3062 T

156 3092 245 3118 seX.
263 3085 304 3118 et
321 3086 452 3130 quatt.
476 3079 534 3119 T:
562 3093 654 3120 sex,
670 3086 798 3130 quatt.
817 3080 915 3120 BC:
947 3092 1075 3119 Lxun
1097 3081 1142 3118 K
1234 3082 1391 3120 habent
1407 3080 1453 3118 K
1533 3080 1627 3129 trig.
1645 3086 1688 3118 et
1705 3080 1807 3120 duos
1824 3079 1904 3118 BC

156 3135 208 3172 26
236 3139 330 3173 octo
351 3140 392 3173 et
412 3135 654 3175 octonarius
674 3134 754 3174 BC
916 3149 965 3185 27
999 3135 1176 3186 singulis
1196 3135 1288 3174 ΑΚ
1397 3133 1535 3185 inpar]
1559 3147 1634 3183 par
1656 3133 1702 3171 K
