<?xml version="1.0" encoding="UTF-8"?>
<!DOCTYPE html PUBLIC "-//W3C//DTD XHTML 1.0 Transitional//EN"
    "http://www.w3.org/TR/xhtml1/DTD/xhtml1-transitional.dtd">
<html xmlns="http://www.w3.org/1999/xhtml" xml:lang="en" lang="en">
 <head>
  <title>
</title>
<meta http-equiv="Content-Type" content="text/html;charset=utf-8" />
  <meta name='ocr-system' content='tesseract 3.04.00' />
  <meta name='ocr-capabilities' content='ocr_page ocr_carea ocr_par ocr_line ocrx_word'/>
</head>
<body>
  <div class='ocr_page' id='page_1' title='image "./isidori01isiduoft/isidori01isiduoft_0145.png"; bbox 0 0 2228 3444; ppageno 0'>
   <div class='ocr_carea' id='block_1_1' title="bbox 441 125 1611 175">
    <p class='ocr_par' dir='ltr' id='par_1_1' title="bbox 441 125 1611 175">
     <span class='ocr_line' id='line_1_1' title="bbox 441 125 1611 175; baseline 0 -2"><span class='ocrx_word' id='word_1_1' title='bbox 441 126 1077 175; x_wconf 86' lang='lat' dir='ltr'><strong>ETYMOLOGIARVM</strong></span> <span class='ocrx_word' id='word_1_2' title='bbox 1118 126 1247 174; x_wconf 89' lang='lat' dir='ltr'><strong>LIB.</strong></span> <span class='ocrx_word' id='word_1_3' title='bbox 1290 127 1390 174; x_wconf 95' lang='lat' dir='ltr'>III.</span> <span class='ocrx_word' id='word_1_4' title='bbox 1429 125 1611 174; x_wconf 81' lang='lat' dir='ltr'>viii-xii</span> 
     </span>
    </p>
   </div>
   <div class='ocr_carea' id='block_1_2' title="bbox 88 256 2016 2287">
    <p class='ocr_par' dir='ltr' id='par_1_2' title="bbox 153 256 1905 552">
     <span class='ocr_line' id='line_1_2' title="bbox 154 256 1904 319; baseline 0.001 -16"><span class='ocrx_word' id='word_1_5' title='bbox 154 256 242 304; x_wconf 88' lang='lat' dir='ltr'>tria</span> <span class='ocrx_word' id='word_1_6' title='bbox 267 257 330 305; x_wconf 90' lang='lat' dir='ltr'>de</span> <span class='ocrx_word' id='word_1_7' title='bbox 358 265 482 305; x_wconf 92' lang='lat' dir='ltr'>terra</span> <span class='ocrx_word' id='word_1_8' title='bbox 508 265 555 304; x_wconf 92' lang='lat' dir='ltr'>et</span> <span class='ocrx_word' id='word_1_9' title='bbox 580 258 642 305; x_wconf 89' lang='lat' dir='ltr'>de</span> <span class='ocrx_word' id='word_1_10' title='bbox 668 273 898 305; x_wconf 90' lang='lat' dir='ltr'>mensura</span> <span class='ocrx_word' id='word_1_11' title='bbox 922 265 1206 319; x_wconf 88' lang='lat' dir='ltr'>nuncupata</span> <span class='ocrx_word' id='word_1_12' title='bbox 1232 265 1318 304; x_wconf 92' lang='lat' dir='ltr'>est.</span> <span class='ocrx_word' id='word_1_13' title='bbox 1381 258 1532 304; x_wconf 88' lang='lat' dir='ltr'>Terra</span> <span class='ocrx_word' id='word_1_14' title='bbox 1556 256 1688 304; x_wconf 91' lang='lat' dir='ltr'>enim</span> <span class='ocrx_word' id='word_1_15' title='bbox 1716 258 1904 305; x_wconf 82' lang='lat' dir='ltr'>Graece</span> 
     </span>
     <span class='ocr_line' id='line_1_3' title="bbox 153 337 1903 404; baseline 0 -18"><span class='ocrx_word' id='word_1_16' title='bbox 153 342 214 404; x_wconf 81' lang='grc' dir='ltr'>γῆ</span> <span class='ocrx_word' id='word_1_17' title='bbox 233 347 448 398; x_wconf 91' lang='lat' dir='ltr'>vocatur,</span> <span class='ocrx_word' id='word_1_18' title='bbox 465 341 611 402; x_wconf 85' lang='grc' dir='ltr'>μέτρα</span> <span class='ocrx_word' id='word_1_19' title='bbox 636 355 877 387; x_wconf 87' lang='lat' dir='ltr'>mensura.</span> <span class='ocrx_word' id='word_1_20' title='bbox 930 340 1095 386; x_wconf 92' lang='lat' dir='ltr'>Huius</span> <span class='ocrx_word' id='word_1_21' title='bbox 1121 337 1409 400; x_wconf 90' lang='lat' dir='ltr'>disciplinae</span> <span class='ocrx_word' id='word_1_22' title='bbox 1434 355 1509 386; x_wconf 89' lang='lat' dir='ltr'>ars</span> <span class='ocrx_word' id='word_1_23' title='bbox 1535 338 1756 386; x_wconf 91' lang='lat' dir='ltr'>continet</span> <span class='ocrx_word' id='word_1_24' title='bbox 1781 338 1831 385; x_wconf 93' lang='lat' dir='ltr'>in</span> <span class='ocrx_word' id='word_1_25' title='bbox 1851 355 1903 386; x_wconf 91' lang='lat' dir='ltr'>se</span> 
     </span>
     <span class='ocr_line' id='line_1_4' title="bbox 154 419 1905 483; baseline -0.001 -15"><span class='ocrx_word' id='word_1_26' title='bbox 154 420 469 481; x_wconf 81' lang='lat' dir='ltr'>lineamenta,</span> <span class='ocrx_word' id='word_1_27' title='bbox 495 419 760 480; x_wconf 89' lang='lat' dir='ltr'>intervalla,</span> <span class='ocrx_word' id='word_1_28' title='bbox 788 419 1152 483; x_wconf 81' lang='lat' dir='ltr'>magnitudines</span> <span class='ocrx_word' id='word_1_29' title='bbox 1186 430 1234 468; x_wconf 91' lang='lat' dir='ltr'>et</span> <span class='ocrx_word' id='word_1_30' title='bbox 1265 420 1454 483; x_wconf 90' lang='lat' dir='ltr'>figuras,</span> <span class='ocrx_word' id='word_1_31' title='bbox 1484 429 1532 468; x_wconf 92' lang='lat' dir='ltr'>et</span> <span class='ocrx_word' id='word_1_32' title='bbox 1565 420 1615 467; x_wconf 89' lang='lat' dir='ltr'>in</span> <span class='ocrx_word' id='word_1_33' title='bbox 1646 420 1809 483; x_wconf 91' lang='lat' dir='ltr'>figuris</span> <span class='ocrx_word' id='word_1_34' title='bbox 1835 420 1905 468; x_wconf 92' lang='lat' dir='ltr'>di-</span> 
     </span>
     <span class='ocr_line' id='line_1_5' title="bbox 154 502 782 552; baseline 0.002 -2"><span class='ocrx_word' id='word_1_35' title='bbox 154 502 435 551; x_wconf 83' lang='lat' dir='ltr'>mensiones</span> <span class='ocrx_word' id='word_1_36' title='bbox 461 512 509 552; x_wconf 93' lang='lat' dir='ltr'>et</span> <span class='ocrx_word' id='word_1_37' title='bbox 534 520 782 551; x_wconf 90' lang='lat' dir='ltr'>numeros.</span> 
     </span>
    </p>

    <p class='ocr_par' dir='ltr' id='par_1_3' title="bbox 107 583 1988 973">
     <span class='ocr_line' id='line_1_6' title="bbox 107 583 1988 645; baseline -0.002 -13"><span class='ocrx_word' id='word_1_38' title='bbox 107 605 130 645; x_wconf 86' lang='lat'>5</span> <span class='ocrx_word' id='word_1_39' title='bbox 292 586 376 632; x_wconf 85' lang='lat' dir='ltr'>DE</span> <span class='ocrx_word' id='word_1_40' title='bbox 402 599 830 640; x_wconf 87' lang='lat' dir='ltr'><strong>QVADRIPERTITA</strong></span> <span class='ocrx_word' id='word_1_41' title='bbox 856 598 1128 632; x_wconf 79' lang='lat' dir='ltr'>mvismNE</span> <span class='ocrx_word' id='word_1_42' title='bbox 1155 584 1528 632; x_wconf 84' lang='lat' dir='ltr'><strong>GEOMETRIAE.</strong></span> <span class='ocrx_word' id='word_1_43' title='bbox 1587 583 1901 632; x_wconf 89' lang='lat' dir='ltr'>Geometriae</span> <span class='ocrx_word' id='word_1_44' title='bbox 1928 588 1988 628; x_wconf 89' lang='lat' dir='ltr'>XI</span> 
     </span>
     <span class='ocr_line' id='line_1_7' title="bbox 157 665 1904 729; baseline -0.001 -15"><span class='ocrx_word' id='word_1_45' title='bbox 157 667 510 729; x_wconf 87' lang='lat' dir='ltr'>quadripertita</span> <span class='ocrx_word' id='word_1_46' title='bbox 535 665 709 715; x_wconf 88' lang='lat' dir='ltr'>divisio</span> <span class='ocrx_word' id='word_1_47' title='bbox 735 675 821 726; x_wconf 90' lang='lat' dir='ltr'>est,</span> <span class='ocrx_word' id='word_1_48' title='bbox 849 665 899 713; x_wconf 94' lang='lat' dir='ltr'>in</span> <span class='ocrx_word' id='word_1_49' title='bbox 931 666 1150 728; x_wconf 89' lang='lat' dir='ltr'>planum,</span> <span class='ocrx_word' id='word_1_50' title='bbox 1178 665 1229 712; x_wconf 93' lang='lat' dir='ltr'>in</span> <span class='ocrx_word' id='word_1_51' title='bbox 1259 666 1652 728; x_wconf 83' lang='lat' dir='ltr'>magnitudinem</span> <span class='ocrx_word' id='word_1_52' title='bbox 1683 681 1904 714; x_wconf 88' lang='lat' dir='ltr'>numera-</span> 
     </span>
     <span class='ocr_line' id='line_1_8' title="bbox 157 746 1963 811; baseline -0.004 -14"><span class='ocrx_word' id='word_1_53' title='bbox 157 748 322 808; x_wconf 90' lang='lat' dir='ltr'>bilem,</span> <span class='ocrx_word' id='word_1_54' title='bbox 342 748 392 796; x_wconf 93' lang='lat' dir='ltr'>in</span> <span class='ocrx_word' id='word_1_55' title='bbox 412 748 804 811; x_wconf 83' lang='lat' dir='ltr'>magnitudinem</span> <span class='ocrx_word' id='word_1_56' title='bbox 821 746 1125 806; x_wconf 85' lang='lat' dir='ltr'>rationalem,</span> <span class='ocrx_word' id='word_1_57' title='bbox 1145 756 1193 795; x_wconf 92' lang='lat' dir='ltr'>et</span> <span class='ocrx_word' id='word_1_58' title='bbox 1210 748 1258 794; x_wconf 91' lang='lat' dir='ltr'>in</span> <span class='ocrx_word' id='word_1_59' title='bbox 1278 748 1453 810; x_wconf 89' lang='lat' dir='ltr'>figuras</span> <span class='ocrx_word' id='word_1_60' title='bbox 1470 746 1666 795; x_wconf 89' lang='lat' dir='ltr'>solidas.</span> <span class='ocrx_word' id='word_1_61' title='bbox 1723 748 1905 795; x_wconf 87' lang='lat' dir='ltr'>Planae</span> <span class='ocrx_word' id='word_1_62' title='bbox 1932 757 1963 790; x_wconf 91' lang='lat'><strong>2</strong></span> 
     </span>
     <span class='ocr_line' id='line_1_9' title="bbox 160 827 1905 893; baseline 0.001 -17"><span class='ocrx_word' id='word_1_63' title='bbox 160 831 341 893; x_wconf 88' lang='lat' dir='ltr'>figurae</span> <span class='ocrx_word' id='word_1_64' title='bbox 375 839 500 889; x_wconf 87' lang='lat' dir='ltr'>sunt,</span> <span class='ocrx_word' id='word_1_65' title='bbox 536 847 662 892; x_wconf 89' lang='lat' dir='ltr'>quae</span> <span class='ocrx_word' id='word_1_66' title='bbox 697 828 1005 892; x_wconf 88' lang='lat' dir='ltr'>longitudine</span> <span class='ocrx_word' id='word_1_67' title='bbox 1040 837 1088 877; x_wconf 90' lang='lat' dir='ltr'>et</span> <span class='ocrx_word' id='word_1_68' title='bbox 1118 827 1379 877; x_wconf 87' lang='lat' dir='ltr'>latitudine</span> <span class='ocrx_word' id='word_1_69' title='bbox 1409 828 1740 888; x_wconf 89' lang='lat' dir='ltr'>continentur,</span> <span class='ocrx_word' id='word_1_70' title='bbox 1778 845 1905 891; x_wconf 87' lang='lat' dir='ltr'>quae</span> 
     </span>
     <span class='ocr_line' id='line_1_10' title="bbox 158 909 1906 973; baseline -0.001 -14"><span class='ocrx_word' id='word_1_71' title='bbox 158 921 272 960; x_wconf 91' lang='lat' dir='ltr'>sunt</span> <span class='ocrx_word' id='word_1_72' title='bbox 289 911 422 959; x_wconf 87' lang='lat' dir='ltr'>iuxta</span> <span class='ocrx_word' id='word_1_73' title='bbox 442 910 930 969; x_wconf 72' lang='lat' dir='ltr'>Platonems&#39;numero</span> <span class='ocrx_word' id='word_1_74' title='bbox 951 910 1185 973; x_wconf 87' lang='lat' dir='ltr'>quinque.</span> <span class='ocrx_word' id='word_1_75' title='bbox 1262 910 1594 959; x_wconf 90' lang='lat' dir='ltr'>Numerabilis</span> <span class='ocrx_word' id='word_1_76' title='bbox 1616 909 1906 973; x_wconf 87' lang='lat' dir='ltr'>magnitudo</span> 
     </span>
    </p>

    <p class='ocr_par' dir='ltr' id='par_1_4' title="bbox 89 991 1962 1228">
     <span class='ocr_line' id='line_1_11' title="bbox 89 991 1962 1056; baseline -0.001 -15"><span class='ocrx_word' id='word_1_77' title='bbox 89 1010 137 1037; x_wconf 76' lang='grc' dir='ltr'>ιο</span> <span class='ocrx_word' id='word_1_78' title='bbox 160 1003 245 1053; x_wconf 90' lang='lat' dir='ltr'>est,</span> <span class='ocrx_word' id='word_1_79' title='bbox 286 1010 413 1056; x_wconf 86' lang='lat' dir='ltr'>quae</span> <span class='ocrx_word' id='word_1_80' title='bbox 450 994 666 1042; x_wconf 88' lang='lat' dir='ltr'>numeris</span> <span class='ocrx_word' id='word_1_81' title='bbox 703 993 1042 1042; x_wconf 87' lang='lat' dir='ltr'>arithmeticae</span> <span class='ocrx_word' id='word_1_82' title='bbox 1082 992 1234 1042; x_wconf 92' lang='lat' dir='ltr'>dividi</span> <span class='ocrx_word' id='word_1_83' title='bbox 1278 1002 1457 1055; x_wconf 86' lang='lat' dir='ltr'>potest.</span> <span class='ocrx_word' id='word_1_84' title='bbox 1533 991 1905 1055; x_wconf 89' lang='lat' dir='ltr'>Magnitudines</span> <span class='ocrx_word' id='word_1_85' title='bbox 1933 1001 1962 1046; x_wconf 89' lang='lat'><strong>3</strong></span> 
     </span>
     <span class='ocr_line' id='line_1_12' title="bbox 160 1065 1905 1138; baseline -0.001 -15"><span class='ocrx_word' id='word_1_86' title='bbox 160 1075 419 1124; x_wconf 89' lang='lat' dir='ltr'>rationales</span> <span class='ocrx_word' id='word_1_87' title='bbox 446 1085 573 1133; x_wconf 90' lang='lat' dir='ltr'>sunt,</span> <span class='ocrx_word' id='word_1_88' title='bbox 596 1092 806 1138; x_wconf 87' lang='lat' dir='ltr'>quorum</span> <span class='ocrx_word' id='word_1_89' title='bbox 828 1092 1109 1124; x_wconf 90' lang='lat' dir='ltr'>mensuram</span> <span class='ocrx_word' id='word_1_90' title='bbox 1137 1065 1259 1123; x_wconf 82' lang='lat' dir='ltr'>scire</span> <span class='ocrx_word' id='word_1_91' title='bbox 1286 1091 1561 1137; x_wconf 89' lang='lat' dir='ltr'>possumus,</span> <span class='ocrx_word' id='word_1_92' title='bbox 1591 1073 1905 1122; x_wconf 87' lang='lat' dir='ltr'>inrationales</span> 
     </span>
     <span class='ocr_line' id='line_1_13' title="bbox 160 1148 1688 1228; baseline -0.001 -23"><span class='ocrx_word' id='word_1_93' title='bbox 160 1174 289 1216; x_wconf 86' lang='lat' dir='ltr'>vero,</span> <span class='ocrx_word' id='word_1_94' title='bbox 318 1173 529 1219; x_wconf 86' lang='lat' dir='ltr'>quorum</span> <span class='ocrx_word' id='word_1_95' title='bbox 557 1148 1313 1228; x_wconf 41' lang='lat' dir='ltr'>mensuraesquantitas&#39;cognita</span> <span class='ocrx_word' id='word_1_96' title='bbox 1339 1173 1441 1204; x_wconf 90' lang='lat' dir='ltr'>non</span> <span class='ocrx_word' id='word_1_97' title='bbox 1466 1156 1688 1204; x_wconf 91' lang='lat' dir='ltr'>habetur.</span> 
     </span>
    </p>

    <p class='ocr_par' dir='ltr' id='par_1_5' title="bbox 159 1237 2016 1384">
     <span class='ocr_line' id='line_1_14' title="bbox 296 1237 2016 1301; baseline 0 -15"><span class='ocrx_word' id='word_1_98' title='bbox 296 1241 379 1286; x_wconf 83' lang='lat' dir='ltr'>DE</span> <span class='ocrx_word' id='word_1_99' title='bbox 407 1254 611 1287; x_wconf 82' lang='lat' dir='ltr'>FIGVRIS</span> <span class='ocrx_word' id='word_1_100' title='bbox 637 1240 1010 1289; x_wconf 83' lang='lat' dir='ltr'>GEOMETRIAE.</span> <span class='ocrx_word' id='word_1_101' title='bbox 1064 1237 1271 1301; x_wconf 87' lang='lat' dir='ltr'>Figurae</span> <span class='ocrx_word' id='word_1_102' title='bbox 1294 1239 1482 1286; x_wconf 84' lang='lat' dir='ltr'>solidae</span> <span class='ocrx_word' id='word_1_103' title='bbox 1506 1246 1634 1296; x_wconf 87' lang='lat' dir='ltr'>sunt,</span> <span class='ocrx_word' id='word_1_104' title='bbox 1659 1253 1785 1299; x_wconf 85' lang='lat' dir='ltr'>quae</span> <span class='ocrx_word' id='word_1_105' title='bbox 1805 1238 1908 1285; x_wconf 91' lang='lat' dir='ltr'>lon-</span> <span class='ocrx_word' id='word_1_106' title='bbox 1933 1238 2016 1286; x_wconf 78' lang='grc' dir='ltr'>,ΧΠ</span> 
     </span>
     <span class='ocr_line' id='line_1_15' title="bbox 159 1319 1908 1384; baseline -0.001 -16"><span class='ocrx_word' id='word_1_107' title='bbox 159 1320 394 1384; x_wconf 87' lang='lat' dir='ltr'>gitudine‚</span> <span class='ocrx_word' id='word_1_108' title='bbox 417 1320 677 1369; x_wconf 91' lang='lat' dir='ltr'>latitudine</span> <span class='ocrx_word' id='word_1_109' title='bbox 694 1330 742 1369; x_wconf 91' lang='lat' dir='ltr'>et</span> <span class='ocrx_word' id='word_1_110' title='bbox 766 1320 1027 1369; x_wconf 89' lang='lat' dir='ltr'>altitudine</span> <span class='ocrx_word' id='word_1_111' title='bbox 1046 1321 1374 1378; x_wconf 87' lang='lat' dir='ltr'>continentur,</span> <span class='ocrx_word' id='word_1_112' title='bbox 1396 1329 1449 1367; x_wconf 94' lang='lat' dir='ltr'>ut</span> <span class='ocrx_word' id='word_1_113' title='bbox 1475 1329 1548 1367; x_wconf 89' lang='lat' dir='ltr'>est</span> <span class='ocrx_word' id='word_1_114' title='bbox 1574 1319 1744 1377; x_wconf 89' lang='lat' dir='ltr'>cubus,</span> <span class='ocrx_word' id='word_1_115' title='bbox 1768 1319 1908 1367; x_wconf 88' lang='lat' dir='ltr'>cuius</span> 
     </span>
    </p>

    <p class='ocr_par' dir='ltr' id='par_1_6' title="bbox 90 1401 1966 1793">
     <span class='ocr_line' id='line_1_16' title="bbox 90 1401 1909 1467; baseline -0.002 -16"><span class='ocrx_word' id='word_1_116' title='bbox 90 1419 135 1458; x_wconf 86' lang='lat'>15</span> <span class='ocrx_word' id='word_1_117' title='bbox 162 1403 349 1467; x_wconf 90' lang='lat' dir='ltr'>species</span> <span class='ocrx_word' id='word_1_118' title='bbox 379 1404 600 1466; x_wconf 86' lang='lat' dir='ltr'>quinque</span> <span class='ocrx_word' id='word_1_119' title='bbox 634 1403 685 1451; x_wconf 92' lang='lat' dir='ltr'>in</span> <span class='ocrx_word' id='word_1_120' title='bbox 721 1405 884 1466; x_wconf 88' lang='lat' dir='ltr'>plano.</span> <span class='ocrx_word' id='word_1_121' title='bbox 960 1404 1183 1463; x_wconf 83' lang='lat' dir='ltr'>Quarum</span> <span class='ocrx_word' id='word_1_122' title='bbox 1214 1401 1371 1465; x_wconf 88' lang='lat' dir='ltr'>prima</span> <span class='ocrx_word' id='word_1_123' title='bbox 1400 1401 1610 1449; x_wconf 90' lang='lat' dir='ltr'>circulus</span> <span class='ocrx_word' id='word_1_124' title='bbox 1650 1410 1722 1449; x_wconf 90' lang='lat' dir='ltr'>est</span> <span class='ocrx_word' id='word_1_125' title='bbox 1756 1402 1909 1464; x_wconf 88' lang='lat' dir='ltr'>figura</span> 
     </span>
     <span class='ocr_line' id='line_1_17' title="bbox 159 1482 1905 1551; baseline 0 -21"><span class='ocrx_word' id='word_1_126' title='bbox 159 1485 320 1545; x_wconf 87' lang='lat' dir='ltr'>plana,</span> <span class='ocrx_word' id='word_1_127' title='bbox 349 1501 476 1548; x_wconf 84' lang='lat' dir='ltr'>quae</span> <span class='ocrx_word' id='word_1_128' title='bbox 502 1494 703 1534; x_wconf 89' lang='lat' dir='ltr'>vocatur</span> <span class='ocrx_word' id='word_1_129' title='bbox 729 1485 1068 1551; x_wconf 86' lang='lat' dir='ltr'>circumducta</span> <span class='ocrx_word' id='word_1_130' title='bbox 1086 1502 1098 1544; x_wconf 81' lang='lat'><em>3</em></span> <span class='ocrx_word' id='word_1_131' title='bbox 1134 1483 1273 1532; x_wconf 92' lang='lat' dir='ltr'>cuius</span> <span class='ocrx_word' id='word_1_132' title='bbox 1306 1483 1356 1530; x_wconf 91' lang='lat' dir='ltr'>in</span> <span class='ocrx_word' id='word_1_133' title='bbox 1382 1482 1549 1532; x_wconf 91' lang='lat' dir='ltr'>medio</span> <span class='ocrx_word' id='word_1_134' title='bbox 1579 1492 1792 1546; x_wconf 91' lang='lat' dir='ltr'>punctus</span> <span class='ocrx_word' id='word_1_135' title='bbox 1818 1492 1905 1542; x_wconf 89' lang='lat' dir='ltr'>est,</span> 
     </span>
     <span class='ocr_line' id='line_1_18' title="bbox 162 1563 1909 1630; baseline -0.002 -15"><span class='ocrx_word' id='word_1_136' title='bbox 162 1582 261 1629; x_wconf 89' lang='lat' dir='ltr'>quo</span> <span class='ocrx_word' id='word_1_137' title='bbox 281 1577 460 1615; x_wconf 91' lang='lat' dir='ltr'>cuncta</span> <span class='ocrx_word' id='word_1_138' title='bbox 476 1576 794 1630; x_wconf 89' lang='lat' dir='ltr'>convergunt,</span> <span class='ocrx_word' id='word_1_139' title='bbox 814 1568 951 1630; x_wconf 91' lang='lat' dir='ltr'>quod</span> <span class='ocrx_word' id='word_1_140' title='bbox 971 1575 1193 1615; x_wconf 89' lang='lat' dir='ltr'>centrum</span> <span class='ocrx_word' id='word_1_141' title='bbox 1215 1564 1513 1628; x_wconf 90' lang='lat' dir='ltr'>geometriae</span> <span class='ocrx_word' id='word_1_142' title='bbox 1532 1573 1723 1623; x_wconf 90' lang='lat' dir='ltr'>vocant,</span> <span class='ocrx_word' id='word_1_143' title='bbox 1746 1563 1909 1612; x_wconf 90' lang='lat' dir='ltr'>Latini</span> 
     </span>
     <span class='ocr_line' id='line_1_19' title="bbox 162 1645 1966 1712; baseline -0.002 -16"><span class='ocrx_word' id='word_1_144' title='bbox 162 1658 402 1711; x_wconf 89' lang='lat' dir='ltr'>punctum</span> <span class='ocrx_word' id='word_1_145' title='bbox 448 1650 615 1697; x_wconf 90' lang='lat' dir='ltr'>circuli</span> <span class='ocrx_word' id='word_1_146' title='bbox 659 1657 950 1711; x_wconf 89' lang='lat' dir='ltr'>nuncupant</span> <span class='ocrx_word' id='word_1_147' title='bbox 1000 1647 1239 1712; x_wconf 77' lang='lat' dir='ltr'>(sequitur</span> <span class='ocrx_word' id='word_1_148' title='bbox 1266 1646 1477 1710; x_wconf 88' lang='lat' dir='ltr'>figura).</span> <span class='ocrx_word' id='word_1_149' title='bbox 1567 1645 1910 1707; x_wconf 86' lang='lat' dir='ltr'>Quadrilatera</span> <span class='ocrx_word' id='word_1_150' title='bbox 1934 1665 1966 1701; x_wconf 92' lang='lat'>2</span> 
     </span>
     <span class='ocr_line' id='line_1_20' title="bbox 164 1726 1909 1793; baseline -0.001 -16"><span class='ocrx_word' id='word_1_151' title='bbox 164 1731 316 1792; x_wconf 89' lang='lat' dir='ltr'>figura</span> <span class='ocrx_word' id='word_1_152' title='bbox 352 1740 425 1778; x_wconf 93' lang='lat' dir='ltr'>est</span> <span class='ocrx_word' id='word_1_153' title='bbox 458 1730 509 1778; x_wconf 94' lang='lat' dir='ltr'>in</span> <span class='ocrx_word' id='word_1_154' title='bbox 539 1732 689 1792; x_wconf 90' lang='lat' dir='ltr'>plano</span> <span class='ocrx_word' id='word_1_155' title='bbox 726 1732 965 1793; x_wconf 88' lang='lat' dir='ltr'>quadrata</span> <span class='ocrx_word' id='word_1_156' title='bbox 982 1748 994 1790; x_wconf 78' lang='lat'><em>3</em></span> <span class='ocrx_word' id='word_1_157' title='bbox 1037 1746 1165 1792; x_wconf 90' lang='lat' dir='ltr'>quae</span> <span class='ocrx_word' id='word_1_158' title='bbox 1200 1729 1292 1778; x_wconf 93' lang='lat' dir='ltr'>sub</span> <span class='ocrx_word' id='word_1_159' title='bbox 1327 1737 1559 1791; x_wconf 89' lang='lat' dir='ltr'>quattuor</span> <span class='ocrx_word' id='word_1_160' title='bbox 1591 1727 1734 1776; x_wconf 90' lang='lat' dir='ltr'>rectis</span> <span class='ocrx_word' id='word_1_161' title='bbox 1768 1726 1909 1775; x_wconf 88' lang='lat' dir='ltr'>lineis</span> 
     </span>
    </p>

    <p class='ocr_par' dir='ltr' id='par_1_7' title="bbox 88 1811 1964 2204">
     <span class='ocr_line' id='line_1_21' title="bbox 88 1811 1907 1877; baseline -0.002 -17"><span class='ocrx_word' id='word_1_162' title='bbox 88 1826 139 1852; x_wconf 89' lang='lat'>20</span> <span class='ocrx_word' id='word_1_163' title='bbox 165 1813 304 1871; x_wconf 90' lang='lat' dir='ltr'>iacet,</span> <span class='ocrx_word' id='word_1_164' title='bbox 334 1811 400 1860; x_wconf 89' lang='lat' dir='ltr'>ita</span> <span class='ocrx_word' id='word_1_165' title='bbox 437 1812 544 1877; x_wconf 79' lang='lat' dir='ltr'>(seq.</span> <span class='ocrx_word' id='word_1_166' title='bbox 567 1811 778 1875; x_wconf 86' lang='lat' dir='ltr'>figura).</span> <span class='ocrx_word' id='word_1_167' title='bbox 869 1812 1209 1860; x_wconf 90' lang='lat' dir='ltr'>Dianatheton</span> <span class='ocrx_word' id='word_1_168' title='bbox 1248 1827 1506 1873; x_wconf 90' lang='lat' dir='ltr'>grammon</span> <span class='ocrx_word' id='word_1_169' title='bbox 1547 1811 1700 1873; x_wconf 89' lang='lat' dir='ltr'>figura</span> <span class='ocrx_word' id='word_1_170' title='bbox 1748 1811 1907 1872; x_wconf 90' lang='lat' dir='ltr'>plana,</span> 
     </span>
     <span class='ocr_line' id='line_1_22' title="bbox 164 1891 1912 1961; baseline -0.002 -19"><span class='ocrx_word' id='word_1_171' title='bbox 164 1892 274 1961; x_wconf 88' lang='lat' dir='ltr'>[ita]</span> <span class='ocrx_word' id='word_1_172' title='bbox 314 1893 426 1959; x_wconf 78' lang='lat' dir='ltr'>(seq.</span> <span class='ocrx_word' id='word_1_173' title='bbox 449 1894 657 1960; x_wconf 85' lang='lat' dir='ltr'>figura).</span> <span class='ocrx_word' id='word_1_174' title='bbox 748 1893 1128 1957; x_wconf 89' lang='lat' dir='ltr'>Orthogonium,</span> <span class='ocrx_word' id='word_1_175' title='bbox 1169 1892 1220 1941; x_wconf 92' lang='lat' dir='ltr'>id</span> <span class='ocrx_word' id='word_1_176' title='bbox 1257 1902 1329 1941; x_wconf 90' lang='lat' dir='ltr'>est</span> <span class='ocrx_word' id='word_1_177' title='bbox 1365 1891 1719 1954; x_wconf 88' lang='lat' dir='ltr'>rectiangulum</span> <span class='ocrx_word' id='word_1_178' title='bbox 1759 1892 1912 1953; x_wconf 90' lang='lat' dir='ltr'>figura</span> 
     </span>
     <span class='ocr_line' id='line_1_23' title="bbox 161 1972 1906 2039; baseline -0.003 -15"><span class='ocrx_word' id='word_1_179' title='bbox 161 1979 321 2039; x_wconf 87' lang='lat' dir='ltr'>plana.</span> <span class='ocrx_word' id='word_1_180' title='bbox 411 1979 501 2025; x_wconf 89' lang='lat' dir='ltr'>Est</span> <span class='ocrx_word' id='word_1_181' title='bbox 538 1976 671 2026; x_wconf 89' lang='lat' dir='ltr'>enim</span> <span class='ocrx_word' id='word_1_182' title='bbox 705 1975 1002 2039; x_wconf 90' lang='lat' dir='ltr'>triangulum</span> <span class='ocrx_word' id='word_1_183' title='bbox 1040 1985 1088 2024; x_wconf 91' lang='lat' dir='ltr'>et</span> <span class='ocrx_word' id='word_1_184' title='bbox 1120 1975 1272 2023; x_wconf 87' lang='lat' dir='ltr'>habet</span> <span class='ocrx_word' id='word_1_185' title='bbox 1304 1976 1538 2037; x_wconf 91' lang='lat' dir='ltr'>angulum</span> <span class='ocrx_word' id='word_1_186' title='bbox 1573 1981 1762 2021; x_wconf 89' lang='lat' dir='ltr'>rectum</span> <span class='ocrx_word' id='word_1_187' title='bbox 1799 1972 1906 2036; x_wconf 81' lang='lat' dir='ltr'>(seq.</span> 
     </span>
     <span class='ocr_line' id='line_1_24' title="bbox 146 2053 1905 2123; baseline -0.003 -17"><span class='ocrx_word' id='word_1_188' title='bbox 146 2059 354 2123; x_wconf 85' lang='lat' dir='ltr'>figura).</span> <span class='ocrx_word' id='word_1_189' title='bbox 423 2059 881 2121; x_wconf 87' lang='lat' dir='ltr'>Isopleuros-figura</span> <span class='ocrx_word' id='word_1_190' title='bbox 900 2058 1059 2120; x_wconf 89' lang='lat' dir='ltr'>plana,</span> <span class='ocrx_word' id='word_1_191' title='bbox 1079 2065 1211 2104; x_wconf 90' lang='lat' dir='ltr'>recta</span> <span class='ocrx_word' id='word_1_192' title='bbox 1237 2065 1284 2103; x_wconf 92' lang='lat' dir='ltr'>et</span> <span class='ocrx_word' id='word_1_193' title='bbox 1310 2055 1479 2103; x_wconf 87' lang='lat' dir='ltr'>subter</span> <span class='ocrx_word' id='word_1_194' title='bbox 1503 2053 1773 2102; x_wconf 90' lang='lat' dir='ltr'>constituta</span> <span class='ocrx_word' id='word_1_195' title='bbox 1797 2053 1905 2118; x_wconf 77' lang='lat' dir='ltr'>(seq.</span> 
     </span>
     <span class='ocr_line' id='line_1_25' title="bbox 148 2135 1964 2204; baseline -0.003 -17"><span class='ocrx_word' id='word_1_196' title='bbox 148 2140 358 2204; x_wconf 86' lang='lat' dir='ltr'>figura).</span> <span class='ocrx_word' id='word_1_197' title='bbox 421 2141 640 2203; x_wconf 88' lang='lat' dir='ltr'>Sphaera</span> <span class='ocrx_word' id='word_1_198' title='bbox 665 2149 737 2188; x_wconf 90' lang='lat' dir='ltr'>est</span> <span class='ocrx_word' id='word_1_199' title='bbox 757 2141 910 2202; x_wconf 90' lang='lat' dir='ltr'>figura</span> <span class='ocrx_word' id='word_1_200' title='bbox 935 2138 985 2186; x_wconf 91' lang='lat' dir='ltr'>in</span> <span class='ocrx_word' id='word_1_201' title='bbox 1011 2139 1279 2186; x_wconf 91' lang='lat' dir='ltr'>rotundum</span> <span class='ocrx_word' id='word_1_202' title='bbox 1307 2138 1527 2196; x_wconf 90' lang='lat' dir='ltr'>formata,</span> <span class='ocrx_word' id='word_1_203' title='bbox 1550 2135 1768 2198; x_wconf 89' lang='lat' dir='ltr'>partibus</span> <span class='ocrx_word' id='word_1_204' title='bbox 1795 2152 1910 2183; x_wconf 90' lang='lat' dir='ltr'>cun-</span> <span class='ocrx_word' id='word_1_205' title='bbox 1934 2154 1964 2199; x_wconf 89' lang='lat'><strong>3</strong></span> 
     </span>
    </p>

    <p class='ocr_par' dir='ltr' id='par_1_8' title="bbox 88 2216 1912 2287">
     <span class='ocr_line' id='line_1_26' title="bbox 88 2216 1912 2287; baseline -0.006 -14"><span class='ocrx_word' id='word_1_206' title='bbox 88 2248 136 2286; x_wconf 84' lang='lat'>25</span> <span class='ocrx_word' id='word_1_207' title='bbox 167 2225 256 2271; x_wconf 91' lang='lat' dir='ltr'>ctis</span> <span class='ocrx_word' id='word_1_208' title='bbox 282 2222 500 2286; x_wconf 88' lang='lat' dir='ltr'>aequalis</span> <span class='ocrx_word' id='word_1_209' title='bbox 521 2221 630 2287; x_wconf 81' lang='lat' dir='ltr'>(seq.</span> <span class='ocrx_word' id='word_1_210' title='bbox 644 2219 852 2286; x_wconf 87' lang='lat' dir='ltr'>figura).</span> <span class='ocrx_word' id='word_1_211' title='bbox 917 2220 1089 2270; x_wconf 92' lang='lat' dir='ltr'>Cubus</span> <span class='ocrx_word' id='word_1_212' title='bbox 1111 2228 1184 2268; x_wconf 91' lang='lat' dir='ltr'>est</span> <span class='ocrx_word' id='word_1_213' title='bbox 1206 2220 1358 2281; x_wconf 90' lang='lat' dir='ltr'>figura</span> <span class='ocrx_word' id='word_1_214' title='bbox 1377 2216 1572 2281; x_wconf 89' lang='lat' dir='ltr'>propria</span> <span class='ocrx_word' id='word_1_215' title='bbox 1592 2217 1763 2274; x_wconf 89' lang='lat' dir='ltr'>solida,</span> <span class='ocrx_word' id='word_1_216' title='bbox 1785 2232 1912 2277; x_wconf 85' lang='lat' dir='ltr'>quae</span> 
     </span>
    </p>
   </div>
   <div class='ocr_carea' id='block_1_3' title="bbox 163 2345 1916 3060">
    <p class='ocr_par' dir='ltr' id='par_1_9' title="bbox 163 2345 1916 3060">
     <span class='ocr_line' id='line_1_27' title="bbox 223 2345 1915 2401; baseline -0.005 -9"><span class='ocrx_word' id='word_1_217' title='bbox 223 2367 239 2392; x_wconf 90' lang='lat'>1</span> <span class='ocrx_word' id='word_1_218' title='bbox 265 2355 318 2392; x_wconf 88' lang='lat' dir='ltr'>de</span> <span class='ocrx_word' id='word_1_219' title='bbox 335 2360 447 2392; x_wconf 90' lang='lat' dir='ltr'>terra</span> <span class='ocrx_word' id='word_1_220' title='bbox 464 2366 546 2392; x_wconf 88' lang='lat' dir='ltr'>om.</span> <span class='ocrx_word' id='word_1_221' title='bbox 562 2351 607 2389; x_wconf 87' lang='lat' dir='ltr'><em>K</em></span> <span class='ocrx_word' id='word_1_222' title='bbox 623 2353 722 2401; x_wconf 81' lang='lat' dir='ltr'>(non</span> <span class='ocrx_word' id='word_1_223' title='bbox 739 2352 797 2401; x_wconf 80' lang='lat' dir='ltr'>A)</span> <span class='ocrx_word' id='word_1_224' title='bbox 889 2355 1131 2399; x_wconf 89' lang='lat' dir='ltr'>nuncupata</span> <span class='ocrx_word' id='word_1_225' title='bbox 1143 2347 1331 2386; x_wconf 79' lang='lat' dir='ltr'><em>ABCT:</em></span> <span class='ocrx_word' id='word_1_226' title='bbox 1351 2352 1501 2386; x_wconf 89' lang='lat' dir='ltr'>vocata</span> <span class='ocrx_word' id='word_1_227' title='bbox 1518 2346 1562 2383; x_wconf 90' lang='lat' dir='ltr'><em>K</em></span> <span class='ocrx_word' id='word_1_228' title='bbox 1643 2346 1759 2385; x_wconf 88' lang='lat' dir='ltr'>enirn</span> <span class='ocrx_word' id='word_1_229' title='bbox 1772 2360 1855 2384; x_wconf 84' lang='lat' dir='ltr'>om.</span> <span class='ocrx_word' id='word_1_230' title='bbox 1869 2345 1915 2382; x_wconf 93' lang='lat' dir='ltr'><em>K</em></span> 
     </span>
     <span class='ocr_line' id='line_1_28' title="bbox 165 2400 1907 2458; baseline -0.003 -12"><span class='ocrx_word' id='word_1_231' title='bbox 165 2422 188 2446; x_wconf 85' lang='lat'><strong>2</strong></span> <span class='ocrx_word' id='word_1_232' title='bbox 209 2408 431 2458; x_wconf 86' lang='lat' dir='ltr'>disciplina</span> <span class='ocrx_word' id='word_1_233' title='bbox 445 2407 490 2444; x_wconf 91' lang='lat' dir='ltr'><em>K</em></span> <span class='ocrx_word' id='word_1_234' title='bbox 597 2420 622 2456; x_wconf 87' lang='lat'>3</span> <span class='ocrx_word' id='word_1_235' title='bbox 644 2405 947 2456; x_wconf 86' lang='lat' dir='ltr'>magnitudinis</span> <span class='ocrx_word' id='word_1_236' title='bbox 963 2404 1051 2442; x_wconf 79' lang='lat' dir='ltr'>RK</span> <span class='ocrx_word' id='word_1_237' title='bbox 1133 2404 1267 2453; x_wconf 87' lang='lat' dir='ltr'>figura</span> <span class='ocrx_word' id='word_1_238' title='bbox 1284 2408 1326 2441; x_wconf 88' lang='lat' dir='ltr'>et</span> <span class='ocrx_word' id='word_1_239' title='bbox 1345 2402 1386 2440; x_wconf 93' lang='lat' dir='ltr'>in</span> <span class='ocrx_word' id='word_1_240' title='bbox 1405 2402 1563 2449; x_wconf 88' lang='lat' dir='ltr'>figuras</span> <span class='ocrx_word' id='word_1_241' title='bbox 1578 2400 1624 2438; x_wconf 92' lang='lat' dir='ltr'><em>K</em></span> <span class='ocrx_word' id='word_1_242' title='bbox 1713 2412 1737 2449; x_wconf 85' lang='lat'>5</span> <span class='ocrx_word' id='word_1_243' title='bbox 1761 2401 1907 2440; x_wconf 88' lang='lat' dir='ltr'>Geom.</span> 
     </span>
     <span class='ocr_line' id='line_1_29' title="bbox 164 2456 1911 2511; baseline -0.005 -10"><span class='ocrx_word' id='word_1_244' title='bbox 164 2477 245 2501; x_wconf 83' lang='lat' dir='ltr'>om.</span> <span class='ocrx_word' id='word_1_245' title='bbox 276 2463 310 2501; x_wconf 88' lang='lat' dir='ltr'>C</span> <span class='ocrx_word' id='word_1_246' title='bbox 418 2476 438 2511; x_wconf 92' lang='lat'><strong>7</strong></span> <span class='ocrx_word' id='word_1_247' title='bbox 472 2461 767 2500; x_wconf 84' lang='lat' dir='ltr'>rationabilem</span> <span class='ocrx_word' id='word_1_248' title='bbox 788 2461 834 2498; x_wconf 91' lang='lat' dir='ltr'><em>K</em></span> <span class='ocrx_word' id='word_1_249' title='bbox 941 2461 966 2498; x_wconf 90' lang='lat'>8</span> <span class='ocrx_word' id='word_1_250' title='bbox 996 2471 1103 2508; x_wconf 87' lang='lat' dir='ltr'>quae</span> <span class='ocrx_word' id='word_1_251' title='bbox 1125 2465 1168 2496; x_wconf 91' lang='lat' dir='ltr'>et</span> <span class='ocrx_word' id='word_1_252' title='bbox 1188 2458 1214 2497; x_wconf 93' lang='lat' dir='ltr'>I.</span> <span class='ocrx_word' id='word_1_253' title='bbox 1238 2457 1306 2496; x_wconf 89' lang='lat' dir='ltr'>K:</span> <span class='ocrx_word' id='word_1_254' title='bbox 1337 2458 1406 2507; x_wconf 93' lang='lat' dir='ltr'>qui</span> <span class='ocrx_word' id='word_1_255' title='bbox 1428 2469 1484 2494; x_wconf 87' lang='lat' dir='ltr'>ex</span> <span class='ocrx_word' id='word_1_256' title='bbox 1503 2456 1530 2496; x_wconf 90' lang='lat' dir='ltr'>l.</span> <span class='ocrx_word' id='word_1_257' title='bbox 1554 2456 1605 2494; x_wconf 88' lang='grc' dir='ltr'><em>Μ</em></span> <span class='ocrx_word' id='word_1_258' title='bbox 1716 2468 1760 2493; x_wconf 92' lang='lat'>11</span> <span class='ocrx_word' id='word_1_259' title='bbox 1795 2468 1911 2492; x_wconf 90' lang='lat' dir='ltr'>men-</span> 
     </span>
     <span class='ocr_line' id='line_1_30' title="bbox 164 2509 1916 2565; baseline -0.006 -9"><span class='ocrx_word' id='word_1_260' title='bbox 164 2530 304 2556; x_wconf 89' lang='lat' dir='ltr'>suram</span> <span class='ocrx_word' id='word_1_261' title='bbox 324 2546 334 2556; x_wconf 91' lang='lat'>.</span> <span class='ocrx_word' id='word_1_262' title='bbox 359 2546 369 2556; x_wconf 89' lang='lat'><em>.</em></span> <span class='ocrx_word' id='word_1_263' title='bbox 397 2548 406 2556; x_wconf 91' lang='lat'><strong>.</strong></span> <span class='ocrx_word' id='word_1_264' title='bbox 428 2529 605 2565; x_wconf 91' lang='lat' dir='ltr'>quorum</span> <span class='ocrx_word' id='word_1_265' title='bbox 627 2529 708 2555; x_wconf 79' lang='lat' dir='ltr'>om.</span> <span class='ocrx_word' id='word_1_266' title='bbox 738 2516 776 2554; x_wconf 97' lang='lat' dir='ltr'><em>T</em></span> <span class='ocrx_word' id='word_1_267' title='bbox 934 2511 1241 2552; x_wconf 84' lang='lat' dir='ltr'>inrationavilis</span> <span class='ocrx_word' id='word_1_268' title='bbox 1260 2511 1305 2549; x_wconf 90' lang='lat' dir='ltr'><em>K</em></span> <span class='ocrx_word' id='word_1_269' title='bbox 1498 2522 1545 2548; x_wconf 89' lang='lat'>12</span> <span class='ocrx_word' id='word_1_270' title='bbox 1577 2509 1744 2559; x_wconf 86' lang='lat' dir='ltr'>cognita</span> <span class='ocrx_word' id='word_1_271' title='bbox 1764 2522 1846 2548; x_wconf 84' lang='lat' dir='ltr'>om.</span> <span class='ocrx_word' id='word_1_272' title='bbox 1870 2509 1916 2546; x_wconf 90' lang='lat' dir='ltr'><em>K</em></span> 
     </span>
     <span class='ocr_line' id='line_1_31' title="bbox 169 2563 1910 2621; baseline -0.005 -11"><span class='ocrx_word' id='word_1_273' title='bbox 169 2585 216 2620; x_wconf 84' lang='lat'>13</span> <span class='ocrx_word' id='word_1_274' title='bbox 246 2573 356 2621; x_wconf 88' lang='lat' dir='ltr'>long.</span> <span class='ocrx_word' id='word_1_275' title='bbox 381 2576 423 2609; x_wconf 88' lang='lat' dir='ltr'>et</span> <span class='ocrx_word' id='word_1_276' title='bbox 444 2571 512 2610; x_wconf 91' lang='lat' dir='ltr'>lat.</span> <span class='ocrx_word' id='word_1_277' title='bbox 534 2576 644 2610; x_wconf 89' lang='lat' dir='ltr'>cont.</span> <span class='ocrx_word' id='word_1_278' title='bbox 670 2570 710 2608; x_wconf 90' lang='grc' dir='ltr'><em>Β</em></span> <span class='ocrx_word' id='word_1_279' title='bbox 838 2582 887 2618; x_wconf 90' lang='lat'>14</span> <span class='ocrx_word' id='word_1_280' title='bbox 918 2568 1040 2607; x_wconf 90' lang='lat' dir='ltr'>huius</span> <span class='ocrx_word' id='word_1_281' title='bbox 1067 2568 1104 2606; x_wconf 93' lang='lat' dir='ltr'><em>T</em></span> <span class='ocrx_word' id='word_1_282' title='bbox 1232 2578 1279 2615; x_wconf 88' lang='lat'>15</span> <span class='ocrx_word' id='word_1_283' title='bbox 1310 2579 1348 2615; x_wconf 90' lang='lat' dir='ltr'>q.</span> <span class='ocrx_word' id='word_1_284' title='bbox 1374 2566 1500 2615; x_wconf 91' lang='lat' dir='ltr'>plano</span> <span class='ocrx_word' id='word_1_285' title='bbox 1523 2566 1590 2614; x_wconf 81' lang='lat' dir='ltr'>(ex</span> <span class='ocrx_word' id='word_1_286' title='bbox 1610 2565 1744 2614; x_wconf 89' lang='lat' dir='ltr'>prima</span> <span class='ocrx_word' id='word_1_287' title='bbox 1764 2563 1910 2614; x_wconf 90' lang='lat' dir='ltr'>plano)</span> 
     </span>
     <span class='ocr_line' id='line_1_32' title="bbox 165 2618 1911 2676; baseline -0.005 -12"><span class='ocrx_word' id='word_1_288' title='bbox 165 2628 274 2675; x_wconf 88' lang='lat' dir='ltr'>pede</span> <span class='ocrx_word' id='word_1_289' title='bbox 296 2627 430 2676; x_wconf 79' lang='lat' dir='ltr'>prima</span> <span class='ocrx_word' id='word_1_290' title='bbox 451 2626 546 2664; x_wconf 81' lang='lat' dir='ltr'>circ.</span> <span class='ocrx_word' id='word_1_291' title='bbox 574 2631 639 2663; x_wconf 90' lang='lat' dir='ltr'>est</span> <span class='ocrx_word' id='word_1_292' title='bbox 659 2625 727 2674; x_wconf 88' lang='lat' dir='ltr'>fig.</span> <span class='ocrx_word' id='word_1_293' title='bbox 749 2625 806 2662; x_wconf 93' lang='lat' dir='ltr'>ita</span> <span class='ocrx_word' id='word_1_294' title='bbox 826 2626 921 2674; x_wconf 83' lang='lat' dir='ltr'>(seq.</span> <span class='ocrx_word' id='word_1_295' title='bbox 933 2623 1034 2674; x_wconf 85' lang='lat' dir='ltr'>fig.)</span> <span class='ocrx_word' id='word_1_296' title='bbox 1056 2621 1240 2661; x_wconf 87' lang='lat' dir='ltr'>circulus</span> <span class='ocrx_word' id='word_1_297' title='bbox 1261 2626 1326 2659; x_wconf 84' lang='lat' dir='ltr'>est</span> <span class='ocrx_word' id='word_1_298' title='bbox 1347 2621 1481 2670; x_wconf 87' lang='lat' dir='ltr'>figura</span> <span class='ocrx_word' id='word_1_299' title='bbox 1502 2620 1625 2670; x_wconf 90' lang='lat' dir='ltr'>plana</span> <span class='ocrx_word' id='word_1_300' title='bbox 1644 2618 1690 2656; x_wconf 88' lang='lat' dir='ltr'><em>K</em></span> <span class='ocrx_word' id='word_1_301' title='bbox 1773 2631 1818 2668; x_wconf 91' lang='lat'>17</span> <span class='ocrx_word' id='word_1_302' title='bbox 1841 2618 1911 2667; x_wconf 92' lang='lat' dir='ltr'>qui</span> 
     </span>
     <span class='ocr_line' id='line_1_33' title="bbox 164 2673 1908 2729; baseline -0.005 -10"><span class='ocrx_word' id='word_1_303' title='bbox 164 2694 228 2720; x_wconf 89' lang='lat' dir='ltr'>cu.</span> <span class='ocrx_word' id='word_1_304' title='bbox 254 2686 513 2729; x_wconf 86' lang='lat' dir='ltr'>convergent</span> <span class='ocrx_word' id='word_1_305' title='bbox 534 2680 579 2717; x_wconf 89' lang='lat' dir='ltr'><em>K</em></span> <span class='ocrx_word' id='word_1_306' title='bbox 687 2678 934 2728; x_wconf 87' lang='lat' dir='ltr'>geometrici</span> <span class='ocrx_word' id='word_1_307' title='bbox 955 2678 1002 2716; x_wconf 92' lang='lat' dir='ltr'><em>K</em></span> <span class='ocrx_word' id='word_1_308' title='bbox 1113 2678 1162 2714; x_wconf 91' lang='lat'>18</span> <span class='ocrx_word' id='word_1_309' title='bbox 1191 2676 1390 2714; x_wconf 89' lang='lat' dir='ltr'>circulum</span> <span class='ocrx_word' id='word_1_310' title='bbox 1412 2680 1613 2724; x_wconf 89' lang='lat' dir='ltr'>punctum</span> <span class='ocrx_word' id='word_1_311' title='bbox 1640 2673 1678 2711; x_wconf 92' lang='lat' dir='ltr'><em>T</em></span> <span class='ocrx_word' id='word_1_312' title='bbox 1782 2686 1908 2711; x_wconf 90' lang='lat' dir='ltr'>nunc.</span> 
     </span>
     <span class='ocr_line' id='line_1_34' title="bbox 166 2727 1910 2787; baseline -0.005 -13"><span class='ocrx_word' id='word_1_313' title='bbox 166 2737 292 2785; x_wconf 85' lang='lat' dir='ltr'>plano</span> <span class='ocrx_word' id='word_1_314' title='bbox 315 2736 426 2787; x_wconf 88' lang='lat' dir='ltr'>pede</span> <span class='ocrx_word' id='word_1_315' title='bbox 446 2734 560 2773; x_wconf 89' lang='lat' dir='ltr'><em>DK:</em></span> <span class='ocrx_word' id='word_1_316' title='bbox 591 2747 701 2772; x_wconf 90' lang='lat' dir='ltr'>nunc</span> <span class='ocrx_word' id='word_1_317' title='bbox 722 2734 776 2784; x_wconf 89' lang='lat' dir='ltr'>pl.</span> <span class='ocrx_word' id='word_1_318' title='bbox 799 2747 868 2783; x_wconf 89' lang='lat' dir='ltr'>pe.</span> <span class='ocrx_word' id='word_1_319' title='bbox 889 2733 947 2771; x_wconf 90' lang='lat' dir='ltr'>ita</span> <span class='ocrx_word' id='word_1_320' title='bbox 967 2732 1008 2770; x_wconf 87' lang='lat' dir='ltr'><em>B</em></span> <span class='ocrx_word' id='word_1_321' title='bbox 1186 2743 1239 2769; x_wconf 88' lang='lat'>20</span> <span class='ocrx_word' id='word_1_322' title='bbox 1267 2731 1378 2769; x_wconf 89' lang='lat' dir='ltr'>iacet</span> <span class='ocrx_word' id='word_1_323' title='bbox 1398 2730 1525 2779; x_wconf 92' lang='lat' dir='ltr'>plano</span> <span class='ocrx_word' id='word_1_324' title='bbox 1545 2729 1654 2778; x_wconf 91' lang='lat' dir='ltr'>pede</span> <span class='ocrx_word' id='word_1_325' title='bbox 1683 2727 1721 2766; x_wconf 94' lang='lat' dir='ltr'><em>T</em></span> <span class='ocrx_word' id='word_1_326' title='bbox 1848 2739 1910 2775; x_wconf 85' lang='lat' dir='ltr'>gr.</span> 
     </span>
     <span class='ocr_line' id='line_1_35' title="bbox 166 2781 1907 2840; baseline -0.005 -12"><span class='ocrx_word' id='word_1_327' title='bbox 166 2791 293 2840; x_wconf 92' lang='lat' dir='ltr'>plano</span> <span class='ocrx_word' id='word_1_328' title='bbox 315 2791 423 2839; x_wconf 90' lang='lat' dir='ltr'>pede</span> <span class='ocrx_word' id='word_1_329' title='bbox 446 2790 515 2838; x_wconf 89' lang='lat' dir='ltr'>fig.</span> <span class='ocrx_word' id='word_1_330' title='bbox 542 2789 595 2839; x_wconf 86' lang='lat' dir='ltr'>pl.</span> <span class='ocrx_word' id='word_1_331' title='bbox 620 2788 666 2825; x_wconf 90' lang='lat' dir='ltr'><em>K</em></span> <span class='ocrx_word' id='word_1_332' title='bbox 685 2788 786 2840; x_wconf 87' lang='lat' dir='ltr'>(non</span> <span class='ocrx_word' id='word_1_333' title='bbox 807 2788 874 2838; x_wconf 92' lang='lat' dir='ltr'>M)</span> <span class='ocrx_word' id='word_1_334' title='bbox 895 2801 903 2826; x_wconf 80' lang='lat' dir='ltr'><strong><em>z</em></strong></span> <span class='ocrx_word' id='word_1_335' title='bbox 932 2800 994 2835; x_wconf 87' lang='lat' dir='ltr'>gr.</span> <span class='ocrx_word' id='word_1_336' title='bbox 1020 2787 1089 2835; x_wconf 80' lang='lat' dir='ltr'>fig,</span> <span class='ocrx_word' id='word_1_337' title='bbox 1115 2785 1169 2835; x_wconf 92' lang='lat' dir='ltr'>pl.</span> <span class='ocrx_word' id='word_1_338' title='bbox 1191 2785 1317 2834; x_wconf 85' lang='lat' dir='ltr'>plano</span> <span class='ocrx_word' id='word_1_339' title='bbox 1339 2785 1450 2835; x_wconf 87' lang='lat' dir='ltr'>pede</span> <span class='ocrx_word' id='word_1_340' title='bbox 1477 2783 1515 2822; x_wconf 91' lang='lat' dir='ltr'><em>T</em></span> <span class='ocrx_word' id='word_1_341' title='bbox 1657 2795 1706 2820; x_wconf 85' lang='lat'>21</span> <span class='ocrx_word' id='word_1_342' title='bbox 1738 2781 1796 2820; x_wconf 92' lang='lat' dir='ltr'>ita</span> <span class='ocrx_word' id='word_1_343' title='bbox 1815 2781 1907 2820; x_wconf 79' lang='lat' dir='ltr'>hab.</span> 
     </span>
     <span class='ocr_line' id='line_1_36' title="bbox 164 2835 1915 2892; baseline -0.006 -9"><span class='ocrx_word' id='word_1_344' title='bbox 164 2844 252 2882; x_wconf 90' lang='grc' dir='ltr'>ΒΚ</span> <span class='ocrx_word' id='word_1_345' title='bbox 264 2858 271 2882; x_wconf 92' lang='lat'><strong>:</strong></span> <span class='ocrx_word' id='word_1_346' title='bbox 302 2858 384 2883; x_wconf 86' lang='lat' dir='ltr'>om.</span> <span class='ocrx_word' id='word_1_347' title='bbox 411 2844 496 2882; x_wconf 91' lang='lat' dir='ltr'>CM</span> <span class='ocrx_word' id='word_1_348' title='bbox 503 2844 538 2882; x_wconf 87' lang='lat' dir='ltr'><em>T</em></span> <span class='ocrx_word' id='word_1_349' title='bbox 659 2842 908 2892; x_wconf 90' lang='lat' dir='ltr'>rectianguli</span> <span class='ocrx_word' id='word_1_350' title='bbox 936 2841 973 2879; x_wconf 93' lang='lat' dir='ltr'><em>T</em></span> <span class='ocrx_word' id='word_1_351' title='bbox 1093 2841 1229 2889; x_wconf 88' lang='lat' dir='ltr'>figura</span> <span class='ocrx_word' id='word_1_352' title='bbox 1251 2869 1260 2879; x_wconf 92' lang='lat'><strong>.</strong></span> <span class='ocrx_word' id='word_1_353' title='bbox 1283 2869 1291 2878; x_wconf 88' lang='lat'><strong>.</strong></span> <span class='ocrx_word' id='word_1_354' title='bbox 1315 2870 1323 2879; x_wconf 92' lang='lat'><strong><em>.</em></strong></span> <span class='ocrx_word' id='word_1_355' title='bbox 1347 2838 1459 2877; x_wconf 89' lang='lat' dir='ltr'>enim</span> <span class='ocrx_word' id='word_1_356' title='bbox 1482 2837 1736 2886; x_wconf 88' lang='lat' dir='ltr'>triangulum</span> <span class='ocrx_word' id='word_1_357' title='bbox 1757 2847 1839 2873; x_wconf 85' lang='lat' dir='ltr'>om.</span> <span class='ocrx_word' id='word_1_358' title='bbox 1862 2835 1915 2872; x_wconf 94' lang='lat' dir='ltr'><em>M</em></span> 
     </span>
     <span class='ocr_line' id='line_1_37' title="bbox 165 2891 1912 2948; baseline -0.006 -11"><span class='ocrx_word' id='word_1_359' title='bbox 165 2899 236 2948; x_wconf 88' lang='lat' dir='ltr'>fig.</span> <span class='ocrx_word' id='word_1_360' title='bbox 257 2898 324 2938; x_wconf 90' lang='lat' dir='ltr'>vel</span> <span class='ocrx_word' id='word_1_361' title='bbox 345 2898 603 2948; x_wconf 88' lang='lat' dir='ltr'>triangulum</span> <span class='ocrx_word' id='word_1_362' title='bbox 623 2897 679 2948; x_wconf 88' lang='lat' dir='ltr'>pl.</span> <span class='ocrx_word' id='word_1_363' title='bbox 700 2897 746 2935; x_wconf 94' lang='lat' dir='ltr'><em>K</em></span> <span class='ocrx_word' id='word_1_364' title='bbox 871 2909 924 2945; x_wconf 85' lang='lat'>23</span> <span class='ocrx_word' id='word_1_365' title='bbox 954 2901 1087 2935; x_wconf 89' lang='lat' dir='ltr'>const.</span> <span class='ocrx_word' id='word_1_366' title='bbox 1110 2895 1237 2944; x_wconf 88' lang='lat' dir='ltr'>plano</span> <span class='ocrx_word' id='word_1_367' title='bbox 1258 2894 1367 2944; x_wconf 89' lang='lat' dir='ltr'>pede</span> <span class='ocrx_word' id='word_1_368' title='bbox 1394 2892 1432 2931; x_wconf 92' lang='lat' dir='ltr'><em>T</em></span> <span class='ocrx_word' id='word_1_369' title='bbox 1447 2893 1550 2942; x_wconf 82' lang='lat' dir='ltr'>(non</span> <span class='ocrx_word' id='word_1_370' title='bbox 1575 2891 1634 2940; x_wconf 87' lang='lat' dir='ltr'>U)</span> <span class='ocrx_word' id='word_1_371' title='bbox 1763 2903 1814 2938; x_wconf 87' lang='lat'>24</span> <span class='ocrx_word' id='word_1_372' title='bbox 1845 2894 1912 2927; x_wconf 84' lang='lat' dir='ltr'>est</span> 
     </span>
     <span class='ocr_line' id='line_1_38' title="bbox 165 2944 1911 3003; baseline -0.005 -12"><span class='ocrx_word' id='word_1_373' title='bbox 165 2966 245 2994; x_wconf 88' lang='lat' dir='ltr'>om.</span> <span class='ocrx_word' id='word_1_374' title='bbox 269 2954 315 2991; x_wconf 91' lang='lat' dir='ltr'><em>K</em></span> <span class='ocrx_word' id='word_1_375' title='bbox 497 2965 549 3003; x_wconf 88' lang='lat'>25</span> <span class='ocrx_word' id='word_1_376' title='bbox 579 2952 741 3003; x_wconf 86' lang='lat' dir='ltr'>equalis</span> <span class='ocrx_word' id='word_1_377' title='bbox 762 2951 803 2990; x_wconf 91' lang='lat' dir='ltr'>in</span> <span class='ocrx_word' id='word_1_378' title='bbox 825 2952 1006 2991; x_wconf 88' lang='lat' dir='ltr'>solidum</span> <span class='ocrx_word' id='word_1_379' title='bbox 1033 2949 1189 3001; x_wconf 74' lang='lat' dir='ltr'><em>T&lt;non</em></span> <span class='ocrx_word' id='word_1_380' title='bbox 1213 2948 1267 2999; x_wconf 90' lang='lat' dir='ltr'>U)</span> <span class='ocrx_word' id='word_1_381' title='bbox 1289 2963 1298 2988; x_wconf 73' lang='grc' dir='ltr'><strong><em>ε</em></strong></span> <span class='ocrx_word' id='word_1_382' title='bbox 1326 2947 1573 2998; x_wconf 86' lang='lat' dir='ltr'>aequalibus</span> <span class='ocrx_word' id='word_1_383' title='bbox 1596 2946 1631 2985; x_wconf 88' lang='lat' dir='ltr'><em>C</em></span> <span class='ocrx_word' id='word_1_384' title='bbox 1739 2944 1911 2995; x_wconf 84' lang='lat' dir='ltr'>propria</span> 
     </span>
     <span class='ocr_line' id='line_1_39' title="bbox 163 3008 507 3060; baseline 0 -13"><span class='ocrx_word' id='word_1_385' title='bbox 163 3021 247 3048; x_wconf 89' lang='lat' dir='ltr'>om.</span> <span class='ocrx_word' id='word_1_386' title='bbox 274 3008 426 3060; x_wconf 85' lang='lat' dir='ltr'><em>T(non</em></span> <span class='ocrx_word' id='word_1_387' title='bbox 452 3008 507 3059; x_wconf 88' lang='lat' dir='ltr'>U)</span> 
     </span>
    </p>
   </div>
  </div>
 </body>
</html>
