2228 3444
1047 167 1320 217 ISIDORI

308 314 655 347 ABBREVIATA.
732 298 974 348 Definitio
1004 307 1078 347 est
1109 297 1542 362 Philosophorum,
1571 313 1699 360 quae
1728 296 1778 344 in
1812 296 1958 345 rebus
1983 313 2059 344 ex-

302 381 574 444 primendis
618 380 830 445 explicat
872 380 993 444 quid
1031 397 1106 439 res
1144 379 1250 443 ipsa
1293 379 1374 440 sit,
1414 379 1571 443 qualis
1613 379 1688 439 sit,
1731 387 1779 428 et
1822 380 2059 443 quemad-

303 466 511 514 modum
538 464 773 513 membris
799 463 898 512 suis
920 472 1146 511 constare
1172 463 1367 512 debeat.
1443 465 1532 511 Est
1557 463 1690 511 enim
1716 461 1871 510 oratio
1896 461 2057 511 brevis

303 546 692 609 uniuscuiusque
736 545 804 595 rei
852 554 1078 594 naturam
1128 563 1157 593 a
1205 544 1561 593 communione
1609 542 1816 592 divisam
1863 543 2058 607 propria

303 628 663 692 significatione
681 629 1001 676 concludens.
1079 626 1270 675 Divisio
1291 625 1640 675 definitionum
1658 625 1708 673 in
1734 634 1895 688 partes
1921 625 2059 690 quin·
2084 644 2106 683 5

249 730 279 764 2
303 710 466 760 decim
494 711 716 760 habetur.
791 709 955 758 Prima
981 709 1170 773 species
1204 708 1507 758 definitionis
1533 717 1605 757 est
1631 709 1869 771 οὒσιώδης,
1900 710 1950 757 id
1985 717 2058 756 est

303 793 651 852 substantialis,
699 810 826 856 quae
870 792 1065 855 proprie
1107 801 1154 840 et
1198 808 1309 841 vere
1353 790 1531 840 dicitur
1573 790 1816 852 definitio,
1858 799 1911 838 ut
1951 799 2053 839 est:

305 879 511 926 ‘Homo
527 876 711 925 animal
737 875 988 935 rationale,
1012 876 1231 933 mortale,
1254 891 1427 923 sensus
1454 872 1845 937 disciplinaeque
1870 869 2057 936 capax.'

305 962 450 1007 Haec
467 958 598 1008 enim
627 957 852 1007 definitio
878 975 965 1020 per
991 955 1179 1020 species
1201 965 1249 1004 et
1267 955 1566 1005 differentias
1588 956 1898 1004 descendens
1926 956 2057 1004 venit

249 1064 279 1110 3
302 1043 366 1090 ad
394 1040 660 1104 proprium,
689 1049 737 1089 et
763 1039 989 1102 designat
1015 1037 1301 1101 plenissime
1335 1037 1458 1100 quid
1492 1039 1553 1086 sit
1586 1039 1752 1086 homo.
1827 1039 2058 1087 Secunda
2085 1060 2133 1088 10

230 1112 233 1115 Δ
303 1123 492 1186 species
519 1123 823 1172 definitionis
850 1130 937 1181 est,
966 1138 1094 1184 quae
1120 1121 1310 1170 Graece
1336 1121 1638 1184 ἐννοηματική
1664 1118 1856 1179 dicitur,
1881 1119 2057 1169 Latine

303 1206 442 1254 notio
495 1214 824 1267 nuncupatur,
877 1220 1027 1266 quam
1077 1202 1335 1251 notionem
1386 1201 1656 1261 communi,
1708 1218 1811 1249 non
1858 1201 2056 1265 proprio

304 1286 506 1335 nornine
540 1303 806 1350 possumus
841 1285 1019 1335 dicere.
1098 1287 1241 1334 Haec
1272 1286 1366 1333 isto
1401 1286 1555 1333 modo
1589 1300 1782 1346 semper
1817 1283 2054 1331 efficitur:

304 1373 314 1394 ‘
335 1371 509 1417 Homo
530 1378 616 1428 est,
639 1369 775 1431 quod
794 1366 1019 1416 rationali
1041 1366 1372 1430 conceptione
1389 1364 1482 1431 (et)
1499 1364 1729 1415 exercitio
1750 1373 1942 1428 praeest
1958 1365 2056 1413 ani-

303 1450 514 1499 malibus
552 1449 772 1498 cunctis.'
846 1451 964 1498 Non
1002 1448 1136 1498 enim
1174 1448 1295 1497 dixit
1335 1447 1457 1511 quid
1494 1457 1567 1496 est
1603 1448 1770 1506 honiO,
1811 1447 1898 1494 sed
1936 1445 2056 1509 quid
2084 1467 2130 1508 15

301 1542 426 1596 agat,
456 1531 596 1595 quasi
622 1533 844 1594 quodam
871 1533 1012 1594 signo
1039 1531 1090 1579 in
1115 1530 1342 1579 notitiam
1373 1531 1632 1579 devocato.
1706 1531 1767 1576 In
1797 1527 1890 1576 ista
1922 1530 2054 1576 enim

302 1624 350 1663 et
375 1613 426 1661 in
460 1612 660 1676 reliquis
693 1612 868 1661 notitia
903 1612 971 1661 rei
1005 1615 1260 1676 profertur,
1290 1629 1392 1661 non
1425 1609 1760 1661 substantialis
1793 1609 2056 1674 explicatio

300 1697 575 1745 declaratur
592 1713 605 1755 ,·
642 1704 689 1743 et
723 1694 839 1758 quia
871 1694 952 1743 illa
978 1694 1314 1743 substantialis
1340 1703 1426 1753 est,
1456 1691 1803 1743 definitionum
1830 1691 2054 1740 omnium

246 1800 279 1847 4
302 1777 495 1827 obtinet
545 1776 891 1841 principatum.
983 1776 1151 1825 Tertia
1199 1775 1389 1839 species
1438 1773 1740 1825 definitionis
1789 1782 1876 1833 est,
1928 1790 2056 1837 quae

301 1861 493 1909 Graece
542 1860 733 1923 ποιότης
774 1858 966 1918 dicitur,
1010 1858 1186 1907 Latine
1229 1857 1515 1921 qualitativa
1557 1864 1786 1905 vocatur:
1840 1856 1956 1918 quia
1997 1872 2055 1903 ex
2081 1872 2132 1899 20

301 1942 538 2006 qualitate
565 1959 752 1991 nomen
777 1943 968 2004 accepit
994 1957 1083 2004 pro
1117 1957 1178 1989 eo
1207 1942 1344 2003 quod
1378 1939 1514 2003 quid,
1551 1940 1696 2001 quale
1730 1937 1790 1985 sit
1816 1936 1880 1996 id,
1917 1938 2055 2000 quod

301 2027 375 2084 sit,
405 2024 659 2074 evidenter
679 2023 911 2073 ostendit.
985 2023 1140 2073 Cuius
1166 2024 1448 2086 exemplum
1475 2023 1572 2070 tale
1598 2028 1699 2068 est:
1742 2021 1944 2068 ‘Homo
1964 2028 2051 2077 est,

301 2108 385 2170 qui
411 2106 611 2169 ingenio
636 2108 778 2166 valet,
806 2105 992 2155 artibus
1019 2107 1171 2168 pollet
1206 2115 1254 2154 et
1287 2103 1571 2167 cognitione
1604 2119 1783 2162 rerum,
1807 2110 1892 2150 aut
1918 2103 2055 2164 quod

302 2206 445 2253 agere
483 2189 636 2238 debet
686 2188 833 2252 eligit,
874 2197 959 2236 aut
995 2186 1424 2236 animadversione
1461 2186 1599 2249 quod
1636 2183 1808 2232 inutile
1845 2182 1906 2232 sit
1941 2200 2055 2232 con-

302 2270 510 2321 temnit.⁷
583 2270 680 2319 His
717 2270 850 2319 enim
888 2269 1206 2333 qualitatibus
1245 2284 1500 2331 expressus
1537 2283 1594 2314 ac
1632 2264 1865 2314 definitus
1901 2266 2055 2313 homo
2082 2281 2128 2321 25

245 2378 277 2427 5
302 2363 389 2404 est.
467 2355 658 2415 Quarta
686 2351 875 2416 species
906 2350 1210 2401 definitionis
1244 2359 1331 2409 est,
1360 2365 1487 2412 quae
1520 2349 1710 2396 Graece
1737 2348 2051 2413 ὑπογραφική,

303 2436 480 2486 Latine
507 2453 534 2484 a
560 2434 727 2484 Tullio
747 2432 1015 2497 descriptio
1041 2431 1338 2492 nominatur,
1367 2446 1494 2494 quae
1519 2427 1743 2478 adhibita
1767 2427 2054 2477 circuitione

301 2518 547 2568 dictorum
596 2519 939 2580 factorumque
988 2532 1106 2575 rem,
1152 2530 1279 2578 quae
1328 2512 1403 2572 sit,
1448 2510 1781 2575 descriptione
1823 2511 2052 2559 declarat.

355 2659 379 2684 2
410 2646 545 2696 qualis
565 2646 617 2684 sit
638 2659 719 2684 om.
744 2644 790 2682 K
898 2649 941 2682 et
963 2657 1045 2682 om.
1072 2643 1110 2682 T
1226 2654 1252 2690 3
1281 2642 1323 2680 in
1345 2641 1496 2680 memb.
1513 2640 1559 2678 K
1668 2654 1692 2689 4
1722 2652 1948 2679 commune
1969 2639 2052 2679 div.

299 2701 474 2752 proprie
495 2701 533 2740 T
611 2712 635 2750 5
658 2700 850 2750 partibus
866 2699 910 2737 K
995 2712 1016 2748 7
1041 2704 1084 2736 ut
1098 2711 1180 2736 om.
1198 2696 1244 2734 K
1325 2697 1351 2733 8
1371 2702 1448 2735 rat.
1464 2701 1506 2735 et
1519 2700 1641 2735 mort.
1658 2695 1704 2733 K
1779 2706 1827 2731 12
1849 2694 2002 2733 notitio
2022 2693 2060 2732 T

306 2769 352 2806 14
383 2769 499 2796 conc.
526 2761 569 2794 et
590 2768 657 2795 ex.
684 2753 869 2793 Cassiod.
1027 2764 1076 2802 15
1108 2765 1195 2790 non
1212 2750 1318 2789 dixit
1337 2751 1507 2801 quidem
1524 2752 1650 2789 horno
1665 2749 1711 2787 K
1864 2750 1914 2787 16
1934 2747 2052 2799 quasi

300 2824 490 2850 summus
513 2812 696 2862 (sumus)
720 2809 903 2860 quodam
923 2808 1013 2846 ΒΚ
1168 2806 1332 2856 signum
1354 2806 1408 2844 ad
1433 2806 1581 2845 notitia
1602 2805 1807 2844 advocato
1828 2803 1874 2841 K
2009 2803 2051 2841 in

299 2867 381 2905 ista
407 2866 466 2905 T:
496 2865 576 2905 ista
594 2864 719 2903 BCK
831 2877 878 2913 17
910 2861 1064 2913 explic.
1088 2861 1191 2901 decl.
1209 2865 1308 2912 post
1325 2861 1458 2901 subst.
1481 2866 1544 2899 est
1565 2860 1605 2898 Κ
1625 2874 1634 2898 :
1663 2871 1746 2897 om.
1771 2857 1812 2896 A
1931 2858 1979 2896 18
2009 2863 2053 2896 et

301 2934 383 2960 om.
402 2919 490 2959 KA
576 2925 640 2959 est
660 2932 744 2958 om.
763 2919 804 2956 Β
918 2931 967 2967 19
996 2916 1296 2956 diffinitionum
1312 2915 1359 2966 K
1464 2928 1519 2954 20
1548 2912 1756 2964 qualitat.]
1777 2913 1957 2962 qualitas
1969 2912 2015 2950 K
2020 2913 2057 2951 T

299 2979 404 3025 (non
423 2975 490 3027 A)
605 2987 653 3012 21
688 2986 768 3024 pro
786 2986 837 3012 eo
855 2972 1058 3023 quicquid
1077 2984 1173 3022 qua.
1190 2969 1231 3008 Β
1250 2984 1259 3008 :
1289 2983 1367 3019 pro
1391 2983 1442 3009 eo
1463 2970 1572 3020 quod
1589 2968 1684 3019 quis
1701 2967 1837 3018 qualis
1852 2967 1897 3005 K
1913 2981 1922 3006 :
1951 2968 2052 3016 quid

299 3043 383 3068 om.
408 3030 446 3068 T
565 3042 617 3079 23
646 3028 779 3079 pollet
798 3040 918 3077 cogn.
949 3028 987 3066 T
1093 3030 1166 3064 aut
1185 3024 1320 3075 quod]
1342 3030 1469 3075 atque
1489 3022 1545 3062 Β1
1656 3036 1707 3072 24
1738 3021 1989 3061 adversione
2009 3021 2056 3060 K

300 3085 402 3123 utile
429 3085 467 3124 T
626 3095 678 3133 25
709 3083 928 3133 expressis
951 3081 988 3120 T
1098 3080 1244 3119 finitus
1264 3079 1310 3116 K
1411 3085 1477 3118 est
1504 3078 1629 3116 homo
1650 3077 1696 3116 K
1858 3089 1908 3126 27
1938 3076 2051 3126 quod

299 3139 397 3180 adh.
418 3139 460 3177 B
569 3140 623 3178 28
651 3137 964 3187 discrepatione
985 3135 1094 3176 decl.
1118 3134 1165 3173 K
