2176 3424
1089 93 1361 147 ISIDORI

345 236 432 286 est,
473 228 672 276 dicente
723 226 971 290 Scriptura
1023 226 1226 291 (Genes.
1249 245 1288 285 2,
1314 225 1425 290 23):
1482 230 1572 276 ‘Et
1621 227 1848 276 formavit
1897 244 2005 276 eam
2046 222 2095 274 in

266 323 319 357 21
346 309 632 358 mulierem.'
704 310 855 371 Virgo
892 326 919 356 a
958 308 1171 357 viridiori
1208 317 1368 373 aetate
1405 308 1537 358 dicta
1574 320 1660 369 est,
1699 311 1824 358 sicut
1863 319 1910 358 et
1948 309 2092 372 virga,

344 390 468 439 sicut
512 401 559 440 et
603 391 765 453 vitula.
859 389 994 438 Alias
1037 391 1100 438 ab
1139 390 1520 453 incorruptione,
1561 392 1700 455 quasi
1740 393 1919 455 virago,
1959 392 2094 454 quod

258 484 320 518 22
343 472 533 536 ignoret
559 472 822 521 femineam
851 473 1148 535 passionem.
1221 472 1404 535 Virago
1438 483 1624 532 vocata,
1655 473 1771 536 quia
1799 474 1955 520 virum
1981 471 2091 535 agit,

344 556 439 603 hoc
477 564 550 602 est
592 571 741 617 opera
777 553 931 601 virilia
969 553 1083 602 facit
1127 564 1174 601 et
1213 553 1470 602 masculini
1508 555 1684 618 vigoris
1725 563 1809 603 est.
1885 552 2092 617 Antiqui
2119 573 2140 614 5

315 636 473 684 ‘enim
518 638 665 684 fortes
709 635 916 684 feminas
960 635 1025 683 ita
1067 635 1326 684 vocabant.
1414 636 1565 699 Virgo
1608 646 1773 684 autem
1819 653 1921 684 non
1964 644 2093 684 recte

342 717 505 781 virago
545 717 736 777 dicitur,
780 717 818 765 si
862 735 963 765 non
1008 716 1094 765 viri
1143 717 1306 766 officio
1350 717 1578 781 fungitur.
1672 717 1853 766 Mulier
1895 734 2009 766 vero
2053 716 2091 765 si

254 817 317 862 23
342 799 494 847 virilia
519 801 647 858 facit,
674 809 804 848 recte
831 799 995 862 virago
1022 798 1212 858 dicitur,
1243 808 1294 847 ut
1321 801 1586 848 Amazona.
1657 802 1799 860 Quae
1825 816 1940 848 vero
1961 816 2093 847 nunc

344 881 540 941 femina,
581 881 853 944 antiquitus
890 881 990 928 vira
1028 881 1326 941 vocabatur,
1373 880 1498 929 sicut
1534 899 1562 929 a
1599 899 1739 930 servo
1777 899 1926 941 serva,
1968 880 2093 929 sicut

340 981 367 1010 a
394 965 578 1012 famulo
606 965 800 1022 famula,
831 965 895 1011 ita
929 981 957 1010 a
983 963 1085 1011 viro
1111 962 1223 1010 vira.
1301 962 1437 1011 Hinc
1474 973 1520 1011 et
1547 963 1745 1027 virginis
1773 981 1838 1012 no
1896 976 1956 1012 en
1992 960 2092 1026 qui·
2120 982 2176 1010 ιε·

248 1063 315 1111 24
339 1047 454 1093 dam
499 1056 688 1108 putant.
780 1044 986 1093 Femina
1030 1061 1144 1093 vero
1187 1061 1216 1091 a
1260 1044 1479 1106 partibus
1523 1046 1764 1092 femorum
1851 1044 1962 1104 icta,
2006 1042 2088 1092 ubi

339 1145 481 1175 sexus
508 1127 696 1190 species
723 1145 750 1174 a
778 1126 879 1175 viro
907 1125 1234 1189 distinguitur.
1298 1126 1396 1174 Alii
1423 1128 1612 1175 Graeca
1638 1125 1934 1189 etymologia
1958 1124 2092 1175 femi-

339 1227 454 1258 nam
488 1210 551 1257 ab
586 1211 727 1273 ignea
762 1209 806 1257 vi
841 1210 1025 1257 dictam
1060 1217 1250 1271 putant,
1280 1208 1394 1270 quia
1420 1211 1736 1257 vehementer
1769 1206 2087 1272 concupiscit.

340 1290 729 1340 Libidinosiores
757 1291 890 1339 enim
917 1290 1027 1338 viris
1055 1288 1263 1339 feminas
1291 1307 1396 1338 esse
1424 1300 1523 1338 tam
1550 1290 1599 1338 in
1626 1289 1913 1338 mulieribus
1939 1306 2088 1353 quam

338 1371 387 1420 in
431 1372 740 1421 animalibus.
816 1374 963 1421 Vnde
1006 1371 1186 1419 nimius
1227 1388 1364 1421 amor
1403 1374 1536 1435 apud
1575 1371 1805 1435 antiquos
1845 1370 2086 1420 femineus
2114 1389 2176 1432 1.»

252 1466 315 1514 25
337 1456 615 1503 vocabatur.
693 1454 865 1503 Senior
891 1463 964 1503 est
988 1456 1153 1503 adhuc
1188 1453 1396 1503 viridior.
1473 1456 1532 1501 In
1558 1462 1694 1502 sexto
1727 1452 1852 1501 libro
1879 1451 2087 1502 Ovidius
2162 1442 2165 1445 ’

339 1537 483 1600 (Met.
510 1554 582 1596 12,
603 1536 754 1600 464):
792 1538 977 1596 Senior,

744 1622 877 1667 Inter
913 1620 1243 1682 iuvenemque
1281 1635 1563 1681 senemque.

335 1699 598 1749 Terentius
624 1700 775 1765 (Hec.
802 1700 911 1766 11):

741 1786 857 1845 Quo
895 1783 998 1832 iure
1035 1801 1142 1831 sum
1183 1782 1343 1848 us<us>
1378 1779 1755 1831 adulescentior.
2110 1795 2172 1826 20

241 1860 308 1907 26
330 1863 757 1930 <Adulescentior>
790 1882 891 1912 non
927 1864 1098 1927 utique
1137 1865 1290 1928 magis
1326 1865 1630 1922 adolescens,
1669 1864 1756 1911 sed
1795 1861 1956 1910 minus
1975 1881 1987 1922 3
2030 1871 2082 1910 ut

331 1946 494 1995 senior
532 1948 693 1995 minus
733 1964 862 2005 sene,
903 1945 989 1994 ubi
1027 1945 1388 2008 comparativus
1424 1946 1603 2008 gradus
1642 1943 1802 1991 minus
1841 1942 2081 2007 significat

330 2045 358 2076 a
384 2028 608 2091 positivo.
685 2031 815 2092 Ergo
842 2027 1003 2077 senior
1038 2045 1137 2076 non
1172 2027 1305 2086 satis,
1331 2026 1457 2075 sicut
1491 2025 1651 2074 iunior
1684 2024 1809 2074 inter
1835 2023 2076 2083 iuvenem,

246 2125 307 2174 27
331 2109 455 2158 sicut
481 2112 741 2174 pauperior
766 2109 892 2158 intra
917 2109 1071 2158 ditem
1099 2120 1146 2159 et
1172 2126 1453 2172 pauperem.
1509 2111 1660 2158 Senes
1685 2116 1850 2155 autem
1878 2108 2079 2170 quidam

330 2191 489 2241 dictos
532 2202 708 2255 putant
749 2210 778 2240 a
820 2208 991 2240 sensus
1034 2191 1378 2250 diminutione,
1419 2207 1478 2239 eo
1518 2191 1652 2252 quod
1691 2188 1788 2237 iam
1828 2205 1913 2251 per
1951 2198 2082 2237 vetu-
2107 2206 2176 2248 25

331 2283 507 2322 statem
547 2273 805 2336 desipiant.
883 2263 1012 2322 Nam
1052 2273 1240 2335 physici
1280 2271 1451 2321 dicunt
1491 2272 1665 2319 stultos
1709 2287 1815 2318 esse
1854 2269 2080 2320 homines
2172 2266 2176 2270 Α

329 2353 588 2418 frigidioris
615 2354 879 2418 sanguinis,
901 2356 1170 2418 prudentes
1196 2353 1342 2402 calidi
1363 2373 1371 2402 :
1411 2354 1544 2402 unde
1571 2362 1618 2402 et
1644 2369 1800 2411 senes,
1822 2351 1874 2400 in
1899 2351 2078 2415 quibus

329 2435 426 2484 iam
463 2436 616 2500 friget,
657 2446 704 2485 et
742 2436 894 2500 pueri,
930 2436 979 2483 in
1017 2435 1198 2499 quibus
1235 2437 1451 2484 necdum
1490 2437 1629 2494 calet,
1666 2433 1828 2482 minus
1866 2433 2074 2497 sapiunt.

329 2519 455 2567 Inde
490 2528 562 2567 est
596 2520 732 2581 quod
767 2519 999 2566 convenit
1033 2517 1126 2565 sibi
1160 2516 1407 2565 infantum
1441 2525 1574 2564 aetas
1609 2526 1656 2565 et
1690 2532 1897 2564 senum:
1936 2533 2076 2565 senes

380 2659 404 2687 2
422 2656 486 2688 est
508 2662 588 2688 om.
614 2647 658 2686 K
793 2663 817 2697 4
848 2648 1016 2699 ignorat
1038 2646 1073 2687 C
1193 2647 1292 2696 quia
1314 2644 1410 2685 CT:
1442 2647 1553 2696 quod
1575 2646 1662 2684 ΒΚ
1796 2658 1819 2695 5
1850 2645 1950 2698 hoc]
1972 2645 2015 2684 id
2036 2643 2083 2684 K

323 2704 423 2743 vilia
446 2704 491 2742 K
588 2704 761 2742 masculi
784 2702 829 2741 K
926 2703 1084 2752 virogis
1107 2701 1157 2741 C1
1266 2703 1292 2739 6
1320 2701 1440 2751 virgo
1461 2701 1551 2752 au]
1570 2701 1716 2750 virago
1746 2699 1782 2737 T
1887 2713 1908 2748 7
1938 2700 1972 2738 si
1993 2713 2075 2739 non

323 2789 332 2799 .
349 2790 357 2798 .
373 2789 382 2799 .
399 2759 648 2798 diciturom.
671 2759 719 2798 Cl
830 2759 855 2796 8
875 2758 1001 2807 Quod
1014 2755 1055 2796 B
1164 2770 1190 2804 9
1209 2757 1395 2805 antiquiS
1410 2756 1446 2794 C
1524 2756 1671 2804 virago
1689 2755 1781 2792 ΚΜ
1886 2767 1929 2792 11
1953 2754 2076 2804 vero]

323 2820 462 2853 autem
486 2812 520 2851 C
642 2825 689 2861 13
720 2813 817 2861 igne
839 2814 911 2851 aut
931 2813 969 2850 vi
991 2813 1101 2851 dicta
1123 2810 1168 2849 K
1275 2810 1394 2861 quia]
1414 2810 1526 2860 quod
1547 2810 1588 2847 Β
1712 2810 1760 2846 16
1789 2809 1831 2847 in
1853 2814 1976 2847 sexto
1998 2808 2076 2859 (vi)

324 2869 452 2920 libro]
470 2869 573 2919 fort.
598 2868 638 2906 vi
658 2867 721 2906 vel
738 2867 780 2905 in
802 2868 842 2905 vi
1011 2868 1060 2905 18
1089 2866 1284 2904 iuvenem
1305 2878 1394 2903 sen.
1420 2864 1455 2903 C
1615 2877 1669 2902 20
1700 2863 1813 2912 quod
1843 2861 1901 2901 T:
1931 2863 2000 2912 qui
2034 2861 2080 2901 K

322 2935 469 2962 sumus
484 2922 594 2962 codd.
612 2922 754 2972 (etiam
768 2921 829 2970 X)
918 2933 967 2959 21
994 2920 1073 2959 Ad.
1091 2919 1247 2970 (velad.
1270 2923 1374 2969 §25)
1390 2932 1472 2957 om.
1493 2917 1753 2968 codd.(etiam
1766 2916 1827 2968 A)
1847 2953 1854 2963 ,
1911 2930 1964 2967 23
1984 2929 2073 2956 sen.

322 2991 406 3016 non
427 2977 530 3016 satis
546 2990 680 3016 senex
692 2977 742 3015 si.
763 2975 891 3015 Arev.
1003 2986 1054 3026 25
1074 2987 1204 3014 sensu
1225 2973 1289 3012 A':
1323 2974 1464 3013 sensui
1490 2972 1528 3010 T
1614 2985 1690 3023 pro
1710 2977 1792 3010 vet.
1808 2969 1907 3009 ΚΒ1
1930 2976 1977 3010 ut
1993 2971 2073 3011 vid.

320 3035 372 3070 26
401 3033 526 3071 stulta
547 3029 591 3070 K
698 3032 750 3070 28
781 3030 965 3069 nondum
989 3029 1024 3068 C
1131 3041 1184 3078 29
1212 3026 1348 3078 quod]
1370 3027 1468 3078 quia
1486 3026 1528 3066 Β

2147 2767 2176 2946 l1-J...'.2
2151 2718 2176 2726 ll
2163 2639 2176 2676 ..⁴.
2166 2560 2176 2587 ’.ι’

2109 3166 2176 3424 ἐ
