2176 3424
535 96 1166 146 ETYMOLOGIARVM
1206 95 1334 143 LIB.
1374 98 1420 143 X

121 232 269 289 diruS,
298 245 518 292 magnus.
583 226 873 288 Dehiscens,
902 228 1045 275 valde
1079 228 1290 275 hiscens.
1354 226 1455 274 Hic
1482 226 1614 274 enim
1644 227 1761 275 ‘de’
1787 242 1868 274 au·
1891 229 1958 288 76

120 312 278 374 gentis
303 319 390 368 est,
411 318 464 357 ut
485 308 616 373 (Ter.
637 310 822 356 Heaut.
845 310 904 355 82
915 307 965 372 5)
984 327 992 356 ε
1035 309 1241 356 ‘deamo
1261 317 1323 368 te,
1348 309 1495 370 Syre.'
1555 309 1868 370 Despiciens‚

122 408 182 441 eo
207 393 343 454 quod
367 391 599 440 deorsum
624 389 828 452 aspiciat
847 390 925 437 vel
950 390 1260 452 contemptui
1285 389 1478 438 habeat.
1544 391 1777 448 Dolosus‚
1801 390 1869 437 in-

121 473 334 522 sidiosus
357 474 437 520 'vel
461 470 717 533 malignu5‚
746 471 810 519 ab
835 486 895 519 eo
921 472 1057 533 quod
1083 472 1303 520 deludat.
1376 473 1443 518 Vt
1470 472 1603 519 enim
1635 469 1864 534 decipiat,

76 568 98 609 5
122 555 365 604 occultam
384 552 621 601 malitiam
638 553 833 601 blandis
853 553 1166 602 sermonibus
1185 562 1339 601 ornat.
1399 553 1610 612 Dubius,
1630 551 1845 601 incertus
1857 570 1868 612 3
1893 562 1955 611 77

121 637 260 700 quasi
297 638 506 685 duarum
538 636 740 683 viarum.
816 636 1021 683 Delator
1053 636 1215 683 dictus
1249 652 1308 684 eo
1341 636 1478 697 quod
1511 633 1697 697 detegit
1730 635 1867 696 quod

121 718 317 767 latebat.
391 718 596 776 Dilator,
642 715 757 778 quia
799 717 960 765 differt
1000 718 1066 765 ad
1114 717 1480 779 proferendum.
1554 715 1864 775 Desidiosus,

122 801 302 858 tarduS‚
330 800 476 862 piger,
500 815 528 846 a
547 797 824 846 desidendo
844 808 1060 857 vocatus,
1090 800 1141 847 id
1167 808 1240 848 est
1256 800 1399 847 valde
1420 799 1659 847 sedendo.
1720 798 1865 845 Idem

122 892 169 932 et
194 881 377 930 resides
401 897 430 928 a
455 881 733 928 residendo.
808 882 942 928 ‘De'
969 882 1102 929 enim
1128 880 1208 929 hic
1232 882 1457 944 augentis
1489 889 1576 928 est.
1639 881 1861 939 Delerus,
1888 878 1951 938 78

53 976 101 1003 10
123 971 288 1010 mente
325 962 546 1010 defectus
583 977 669 1024 per
701 970 927 1022 aetatem,
957 964 1048 1010 ἀπὸ
1081 967 1162 1011 τοῦ
1186 967 1358 1026 ληρεῖν,
1386 964 1464 1011 vel
1501 963 1638 1024 quod
1671 979 1700 1009 a
1733 970 1867 1010 recto

122 1042 294 1092 ordine
319 1051 367 1091 et
397 1044 536 1105 quasi
560 1060 589 1091 a
614 1043 700 1091 lira
731 1042 935 1092 aberret.
1011 1046 1123 1093 Lira
1156 1053 1229 1092 est
1263 1044 1395 1093 enim
1429 1043 1661 1092 arationis
1694 1059 1864 1106 genus,

122 1141 235 1172 cum
274 1124 515 1188 agricolae
554 1126 682 1173 facta
720 1134 943 1174 semente
982 1126 1199 1189 dirigunt
1237 1127 1416 1186 sulcos,
1456 1127 1506 1174 in
1544 1142 1669 1188 quos
1706 1126 1868 1173 omnis

122 1223 260 1269 seges
286 1208 513 1255 decurrit.
577 1208 814 1265 Demens,
838 1207 971 1255 idem
999 1209 1082 1269 qui
1113 1224 1317 1268 amens3
1355 1209 1407 1256 id
1437 1216 1510 1256 est
1547 1208 1652 1255 sine
1686 1215 1867 1266 mente,
1893 1214 1958 1263 79

122 1289 198 1337 vel
236 1288 372 1350 quod
409 1289 793 1337 diminutionem
827 1288 1008 1337 habeat
1045 1291 1238 1339 mentis.
1315 1291 1594 1352 Desipiens‚
1635 1304 1695 1338 eo
1733 1289 1869 1350 quod

52 1385 98 1424 15
122 1369 284 1418 minus
310 1385 479 1432 sapere
504 1368 676 1432 incipit
707 1386 855 1432 quam
891 1372 1027 1433 quod
1057 1372 1260 1420 solebat.
1337 1373 1617 1420 Damnatus
1651 1379 1700 1419 et
1733 1371 1869 1418 dam·
1893 1377 1961 1423 80

122 1451 298 1500 nabilis
323 1470 331 1499 :
369 1468 580 1514 quorum
605 1451 736 1514 prior
761 1454 858 1500 iam
883 1452 1112 1502 addictus
1139 1463 1225 1512 est,
1254 1470 1467 1516 sequens
1498 1461 1661 1516 potest
1688 1451 1866 1501 addici.

125 1535 408 1596 Degulator,
437 1533 574 1595 quod
597 1535 740 1596 gulae
766 1535 827 1582 sit
853 1535 1065 1584 deditus,

965 1638 1008 1684 E

260 1720 527 1780 Eloquens,
555 1718 783 1780 profusus
816 1718 1028 1780 eloquio.
1106 1721 1328 1779 Exertus,
1358 1719 1409 1767 in
1441 1720 1696 1782 loquendo
1730 1735 1871 1783 expe·
1894 1725 1949 1772 81

51 1818 103 1846 20
125 1801 271 1849 ditus.
332 1801 542 1848 Exerere
567 1800 700 1847 enim
726 1801 940 1862 proferre
966 1803 1042 1850 vel
1068 1802 1298 1865 expedire
1324 1811 1410 1851 est.
1473 1803 1724 1860 Eruditus‚
1754 1802 1871 1864 quia

124 1896 227 1928 non
260 1879 408 1939 rudis,
437 1882 525 1929 sed
550 1880 647 1929 iam
674 1882 866 1930 doctus.
942 1884 1199 1946 Expertus,
1230 1885 1441 1932 multum
1467 1885 1666 1947 peritus.
1740 1885 1870 1931 ‘Ex'
1896 1883 1960 1930 82

125 1965 258 2010 enim
278 1963 358 2010 hic
379 1978 465 2024 pro
485 1963 629 2012 valde
655 1962 869 2025 ponitur.
932 1965 1119 2027 Expers
1136 1982 1266 2026 vero,
1290 1967 1373 2027 qui
1395 1974 1468 2014 est
1488 1974 1621 2014 extra
1645 1966 1869 2028 peritiam

125 2053 173 2093 et
215 2043 533 2092 intellectum.
608 2045 900 2105 Exornatus,
946 2047 1091 2095 valde
1133 2055 1347 2096 ornatus,
1426 2048 1556 2094 ‘Ex'
1599 2046 1733 2096 enim
1782 2064 1871 2110 pro

125 2127 268 2174 valde
305 2126 516 2187 ponitur,
555 2126 680 2173 sicut
717 2128 952 2186 excelsus,
992 2129 1131 2190 quasi
1167 2129 1310 2176 valde
1348 2129 1522 2187 celsus,
1562 2138 1610 2177 et
1647 2129 1868 2188 eximius,

53 2227 72 2255 2
81 2227 101 2267 5
126 2206 265 2269 quasi
289 2207 433 2255 valde
458 2207 695 2255 eminens.
762 2208 948 2256 Efficax
972 2210 1148 2268 dictus,
1177 2208 1292 2272 quia
1317 2211 1503 2257 nullam
1530 2210 1868 2259 difficultatem
1894 2217 1958 2277 83

126 2289 275 2337 habet
314 2287 363 2335 in
402 2287 623 2349 qualibet
665 2304 716 2337 re
752 2288 991 2338 facienda.
1066 2290 1204 2339 Hinc
1241 2300 1289 2340 et
1325 2291 1541 2340 efficiens
1577 2308 1605 2339 a
1641 2291 1871 2340 faciendo

185 2427 202 2452 1
237 2414 417 2454 Discens
440 2413 486 2452 K
503 2416 605 2466 (non
626 2416 691 2467 A)
712 2432 720 2455 :
753 2417 961 2457 Desciens
991 2418 1042 2456 Τ2
1286 2433 1411 2459 scens
1435 2419 1485 2458 C¹
1506 2434 1515 2459 ε
1545 2420 1683 2459 sciens
1703 2420 1871 2460 B1KT:

126 2482 254 2519 saepe
270 2469 312 2506 A
425 2483 448 2507 2
478 2470 544 2521 ut]
564 2484 645 2510 om.
670 2470 794 2512 TBI:
824 2478 888 2511 est
906 2473 948 2510 D
1059 2475 1128 2513 de.
1149 2474 1289 2513 desire
1314 2474 1364 2512 Tl
1386 2489 1394 2513 τ
1435 2475 1488 2513 de
1509 2488 1655 2513 amore
1677 2476 1870 2514 desidere

124 2523 293 2562 BClDI
303 2526 407 2576 (non
422 2524 483 2576 A)
588 2538 613 2573 3
631 2527 742 2578 asp.]
766 2527 974 2577 aspiciens
988 2527 1029 2566 Β
1139 2543 1163 2577 4
1184 2529 1325 2568 eludat
1338 2528 1402 2568 B:
1424 2542 1507 2569 om.
1522 2528 1569 2567 K
1674 2542 1698 2578 5
1720 2530 1871 2568 maliti-

125 2579 227 2617 tiam
256 2578 293 2616 T
442 2588 565 2621 *amat
593 2578 669 2619 le
699 2587 820 2620 sonat
847 2580 898 2619 Τ2
1045 2597 1111 2632 qu.
1140 2584 1219 2623 inc.
1252 2583 1289 2621 T
1498 2587 1524 2623 6
1555 2585 1726 2634 deteget
1747 2583 1836 2621 ΒΚ
1842 2584 1879 2621 T

126 2646 148 2682 7
180 2632 297 2684 quia]
318 2635 426 2683 quod
447 2634 526 2672 BC
660 2637 912 2685 profundum
936 2637 985 2676 Cl
1177 2652 1203 2687 9
1234 2638 1396 2677 resides
1426 2638 1483 2678 T:
1513 2639 1706 2678 residens
1727 2638 1875 2677 BCIK

128 2700 178 2726 10
206 2694 371 2728 aetates
387 2688 428 2726 B
537 2690 696 2742 ληρεῖν]
715 2692 834 2730 leran
855 2690 907 2730 T:
934 2693 1064 2731 leram
1080 2691 1204 2731 BCK
1310 2691 1443 2743 quod]
1461 2694 1558 2744 quia
1575 2692 1616 2731 Β
1728 2706 1772 2731 11
1806 2700 1870 2732 est

125 2755 207 2782 om.
232 2742 273 2779 Β
382 2745 574 2784 aratione
595 2743 641 2782 K
657 2758 665 2783 :
695 2746 898 2785 orationis
922 2746 970 2784 Cl
1149 2760 1196 2786 12
1227 2748 1336 2787 sacto
1356 2747 1398 2784 Β
1508 2761 1614 2799 quos
1637 2747 1869 2787 omnisulco

125 2810 249 2846 seges
278 2797 334 2838 T:
364 2812 446 2848 quo
469 2801 587 2839 sulco
608 2812 755 2839 omnes
777 2813 902 2851 seges
923 2799 970 2839 K
1143 2815 1192 2851 13
1219 2803 1333 2840 idem
1353 2803 1425 2852 qui
1447 2817 1482 2843 a.
1509 2803 1548 2840 A
1574 2818 1583 2841 ι
1613 2803 1810 2851 idemque
1830 2816 1866 2842 a.

126 2850 292 2890 BCKT
433 2866 482 2903 14
511 2855 638 2893 habet
667 2853 718 2892 T:
749 2855 848 2894 abet
868 2861 909 2894 et
932 2856 981 2895 Cl
1132 2859 1181 2895 16
1209 2862 1275 2896 est
1296 2870 1376 2897 om.
1404 2857 1439 2896 C
1547 2855 1708 2908 potest]
1731 2856 1812 2894 iarn
1830 2856 1871 2894 Β

127 2906 237 2944 adici
258 2905 304 2944 K
385 2921 432 2956 19
453 2908 570 2948 fusus
584 2908 631 2947 K
709 2922 762 2948 20
782 2910 899 2962 quia]
917 2912 1038 2960 quasi
1055 2910 1113 2950 C:
1135 2917 1348 2961 tamquam
1371 2910 1423 2950 Τ2
1505 2925 1554 2950 21
1578 2911 1796 2950 sedetiam
1820 2910 1870 2950 Cl

127 2974 179 2999 22
200 2961 266 3000 hic
281 2975 363 3002 om.
394 2961 432 3000 T
488 2980 491 2982 ·
515 2964 614 3014 quia
629 2969 694 3002 est
709 2976 765 3002 an
781 2965 851 3014 qui
871 2972 962 3004 aest
976 2966 1051 3005 inc.
1084 2965 1123 3003 T
1223 2979 1275 3016 23
1296 2979 1351 3005 ex
1377 2997 1386 3006 .
1407 2997 1415 3006 .
1440 2998 1448 3007 .
1470 2979 1569 3016 pon.
1594 2979 1678 3005 om.
1702 2964 1749 3004 K
1768 2967 1868 3017 (non

128 3016 189 3064 A)
234 3067 276 3106 Β
302 3029 353 3066 24
374 3030 443 3066 qu.
465 3019 543 3058 val.
570 3018 648 3058 cel.
670 3031 750 3058 om.
775 3018 810 3057 C
890 3025 932 3058 et
953 3034 1035 3061 om.
1058 3019 1106 3058 K
1211 3033 1262 3070 25
1284 3021 1526 3061 difficultam
1547 3020 1588 3059 Β
1697 3023 1750 3060 26
1771 3021 1869 3060 hinc

127 3082 210 3110 om.
