2176 3424
462 157 1090 206 ETYMOLOGIARVM
1131 157 1258 206 LIB.
1300 159 1438 206 XIV.
1478 174 1518 216 v,
1560 158 1604 205 vi

172 286 397 346 tendunt,
425 285 559 333 unde
586 293 633 333 et
662 283 904 333 Hibernia
930 286 1091 335 dicta:
1118 285 1283 334 Scotia
1297 293 1476 344 autem,
1505 287 1641 349 quod
1660 286 1724 335 ab
1745 288 1910 336 Scoto-

169 385 275 416 rum
311 366 539 430 gentibus
573 366 766 427 colitur,
803 368 1060 430 appellata.
1138 367 1245 416 Illic
1277 368 1411 416 nulla
1437 367 1624 431 anguis,
1651 368 1752 417 avis
1790 386 1905 429 rara,

166 450 270 513 apis
298 449 444 509 nulla,
472 449 599 497 adeo
623 458 676 497 ut
709 450 942 498 advectos
976 449 1093 499 inde
1122 451 1345 513 pulveres
1379 466 1464 498 seu
1499 451 1691 513 lapillos
1725 449 1765 498 si
1798 453 1908 514 quis

166 531 283 580 alibi
308 529 535 594 sparserit
564 529 689 579 inter
718 530 909 589 alvaria,
940 530 1164 580 examina
1188 532 1324 580 favos
1345 532 1586 581 deserant.
1659 532 1815 581 Gadis
1841 534 1909 580 in·
1932 545 1959 593 7

119 638 143 679 5
167 615 271 662 sula
295 612 346 661 in
383 614 481 660 fine
513 613 742 661 Baeticae
771 611 1052 676 provinciae
1078 612 1182 673 sita,
1213 630 1339 676 quae
1363 612 1547 662 dirimit
1567 615 1819 677 Europam
1844 616 1907 663 ab

165 696 344 755 Africa,
383 695 431 743 in
466 711 563 757 qua
595 694 826 744 Herculis
860 696 1123 744 columnae
1154 694 1389 755 visuntur,
1418 706 1466 744 et
1498 698 1632 745 unde
1668 698 1908 759 Tyrrheni

169 778 314 827 maris
334 776 557 825 faucibus
577 777 765 826 Oceani
782 786 945 825 aestus
962 777 1237 826 inmittitur.
1300 779 1390 826 Est
1406 787 1571 826 autem
1592 795 1620 826 a
1635 778 1909 828 continenti

167 871 294 910 terra
322 867 520 908 centum
553 858 722 922 viginti
758 859 983 921 passibus
1010 858 1179 919 divisa,
1206 876 1355 922 quam
1380 859 1517 923 Tyrii
1544 877 1572 907 a
1605 860 1778 909 Rubro
1802 877 1908 924 pro-

165 941 278 992 fecti
300 958 431 990 mare
451 950 750 1004 occupantes
773 938 864 1007 [in]
886 941 1051 1004 lingua
1072 957 1158 989 sua
1176 941 1341 1000 Gadir,
1364 942 1415 990 id
1436 951 1508 990 est
1528 951 1731 1004 septam,
1756 945 1910 991 nomi-

94 1046 145 1075 10
166 1031 417 1081 naverunt,
447 1039 535 1086 pro
572 1039 631 1071 eo
668 1024 804 1085 quod
841 1022 1167 1086 circumsepta
1204 1022 1264 1071 sit
1301 1022 1435 1072 mari.
1511 1025 1741 1071 Nascitur
1771 1024 1821 1072 in
1852 1041 1910 1074 ea

170 1107 314 1156 arbor
339 1103 509 1152 similis
535 1106 741 1167 palmae,
764 1105 902 1152 cuius
928 1104 1141 1167 gummis
1167 1103 1403 1154 infectum
1424 1104 1600 1153 vitrum
1623 1106 1908 1154 ceraunium

168 1204 414 1252 gemmam
450 1185 624 1235 reddit.
698 1187 739 1233 F
741 1195 1077 1234 ortunatarum
1111 1185 1300 1235 insulae
1329 1186 1573 1236 vocabulo
1606 1204 1695 1235 suo
1733 1187 1909 1251 signifi·
1933 1194 1963 1241 8

168 1279 279 1319 cant
306 1267 472 1317 omnia
489 1269 610 1317 serre
630 1267 775 1328 bona,
799 1267 938 1331 quasi
958 1268 1122 1317 felices
1143 1277 1190 1317 et
1210 1269 1383 1317 beatae
1403 1270 1651 1317 fructuum
1671 1269 1908 1319 ubertate.

167 1355 265 1401 Sua
290 1351 421 1400 enim
446 1359 590 1413 aptae
621 1359 794 1398 natura
823 1349 1147 1413 pretiosarum
1177 1367 1328 1414 poma
1352 1350 1581 1400 silvarum
1607 1351 1881 1414 parturiunt
1899 1371 1911 1414 3

92 1453 138 1495 15
164 1429 373 1479 fortuitis
406 1428 586 1477 vitibus
620 1427 732 1492 iuga
769 1428 969 1477 collium
1006 1427 1308 1488 vestiuntur;
1352 1430 1416 1477 ad
1453 1429 1717 1478 herbarum
1750 1430 1909 1480 vicem

169 1510 340 1561 messis
360 1519 408 1560 et
433 1512 577 1559 holus
597 1512 742 1574 vulgo
762 1519 846 1560 est.
920 1512 1069 1560 Vnde
1086 1510 1343 1574 gentilium
1365 1527 1496 1560 error
1520 1521 1567 1560 et
1586 1513 1908 1561 saecularium

167 1593 383 1643 carmina
407 1601 664 1656 poetarum
691 1602 890 1656 propter
914 1592 1005 1641 soli
1031 1592 1385 1642 fecunditatem
1411 1594 1611 1643 easdem
1637 1610 1744 1643 esse
1771 1598 1909 1644 Para-

167 1676 331 1725 disum
357 1683 664 1739 putaverunt.
738 1674 869 1724 Sitae
894 1684 1007 1723 sunt
1033 1683 1200 1724 autem
1220 1676 1270 1723 in
1290 1675 1497 1725 Oceano
1522 1685 1694 1725 contra
1717 1678 1907 1726 laevam

170 1756 522 1816 Mauretaniae,
550 1755 760 1805 occiduo
785 1755 1049 1820 proximae,
1077 1765 1125 1805 et
1158 1756 1284 1806 inter
1309 1772 1360 1806 se
1386 1756 1642 1807 interiecto
1669 1758 1789 1807 mari
1815 1759 1909 1808 dis—

90 1862 142 1890 20
167 1849 341 1889 cretae.
414 1839 668 1902 Gorgades
694 1838 882 1887 insulae
909 1838 1098 1888 Oceani
1128 1839 1365 1889 obversae
1388 1842 1742 1903 promontoriO,
1771 1843 1907 1905 quod
1933 1859 1967 1906 9

167 1931 367 1972 vocatur
406 1923 635 1985 Hesperu
673 1920 837 1981 Ceras,
878 1938 1000 1984 quas
1044 1921 1356 1971 incoluerunt
1393 1923 1653 1987 Gorgones
1696 1925 1907 1974 feminae

164 2005 266 2054 aliti
301 2003 601 2067 pernicitate,
642 2004 831 2051 hirsuto
868 2012 915 2051 et
950 2020 1125 2067 aspero
1162 2020 1394 2067 corpore3
1432 2014 1479 2053 et
1515 2022 1574 2054 ex
1610 2004 1685 2054 his
1718 2006 1907 2056 insulae

167 2088 558 2151 cognominatae.
632 2086 832 2134 Distant
856 2095 1022 2134 autem
1048 2103 1076 2133 a
1101 2085 1375 2135 continenti
1401 2096 1526 2136 terra
1550 2087 1690 2137 bidui
1716 2089 1906 2153 naviga-

164 2170 313 2219 tione.
389 2167 725 2231 Hesperidum
752 2167 939 2216 insulae
965 2177 1168 2216 vocatae
1186 2185 1215 2216 a
1240 2168 1434 2218 civitate
1462 2170 1754 2234 Hesperide,
1779 2188 1906 2234 quae
1929 2188 1988 2223 10

92 2269 140 2310 25
167 2255 257 2302 fuit
283 2253 332 2299 in
359 2252 480 2298 fines
507 2249 858 2299 Mauretaniae.
933 2251 1058 2298 Sunt
1083 2249 1214 2299 enim
1241 2252 1365 2299 ultra
1385 2252 1640 2315 Gorgadas
1667 2252 1788 2302 sitae
1813 2254 1905 2301 sub

170 2334 493 2382 Athlanteum
530 2328 642 2376 litus
679 2328 729 2376 in
767 2327 966 2377 intimos
1008 2328 1154 2376 maris
1197 2328 1359 2388 sinus;
1411 2329 1461 2378 in
1505 2346 1711 2393 quarum
1754 2333 1906 2380 hortis

226 2469 244 2494 1
278 2453 439 2492 ibernia
458 2451 546 2489 BT
721 2450 872 2489 scottia
900 2450 1040 2488 BKM
1057 2450 1159 2501 (non
1178 2452 1240 2503 Ν)
1265 2466 1274 2491 :
1304 2453 1450 2492 iscotia
1474 2453 1517 2492 U
1676 2459 1906 2494 scottorum

169 2508 365 2549 BKNT:
394 2506 636 2546 scothorum
660 2504 710 2543 M
861 2519 885 2544 2
915 2506 1145 2554 gentilibus
1167 2506 1220 2545 M
1325 2508 1464 2547 nullus
1484 2507 1656 2548 KNOP
1673 2510 1775 2560 (non
1796 2510 1902 2558 DF)

168 2579 193 2615 3
224 2564 315 2615 apis
336 2593 345 2604 .
370 2592 379 2602 .
404 2592 414 2601 .
440 2562 639 2600 deserant
659 2574 740 2601 om.
766 2559 934 2598 KNOP
954 2561 1057 2611 (non
1073 2560 1174 2612 DF)
1351 2563 1551 2602 advectus
1570 2563 1615 2602 D
1636 2577 1647 2603 τ
1675 2569 1847 2603 avectos
1876 2564 1913 2602 T

168 2633 193 2668 4
223 2618 470 2658 desiderant
492 2614 540 2654 Cl
563 2617 663 2665 (non
683 2614 747 2665 D)
885 2614 1027 2654 Gades
1047 2614 1093 2653 K
1115 2630 1124 2654 :
1155 2615 1316 2655 Gaddis
1344 2616 1382 2654 T
1553 2629 1577 2667 5
1608 2618 1774 2658 beticae
1796 2618 1904 2671 (-ce)

166 2673 276 2713 codd.
443 2673 470 2709 6
497 2676 673 2709 usentur
691 2670 738 2708 K
844 2670 1002 2708 terreni
1021 2668 1078 2707 Β1
1244 2684 1264 2721 7
1297 2684 1412 2710 mare
1433 2671 1479 2710 K
1585 2673 1855 2712 inmittuntur
1876 2673 1911 2711 C

167 2742 233 2767 au.
256 2725 566 2766 continentibus
587 2731 741 2763 terram
762 2723 849 2762 ΒΚ
956 2725 981 2762 8
1002 2725 1193 2775 profecto
1216 2725 1253 2764 T
1354 2739 1381 2776 9
1401 2727 1440 2764 in
1462 2727 1554 2766 hab.
1575 2726 1663 2764 ΒΚ
1682 2742 1690 2766 :
1711 2741 1794 2767 om.
1816 2727 1914 2766 C1T

169 2783 291 2832 gadis
308 2779 448 2819 BCT:
480 2780 613 2829 gadus
633 2778 679 2816 K
785 2779 827 2818 id
848 2779 933 2830 est]
955 2779 1066 2818 idem
1089 2778 1139 2818 C¹
1268 2786 1432 2831 septem
1463 2781 1551 2821 ΤΒ1
1575 2796 1583 2820 :
1610 2794 1757 2832 sepem
1778 2782 1904 2823 Arev.

171 2840 239 2888 (ex
256 2835 392 2875 Solin.
416 2847 481 2884 23,
502 2833 568 2885 12)
712 2845 761 2872 10
789 2846 866 2883 pro
886 2847 968 2872 om.
993 2834 1039 2872 K
1176 2846 1220 2872 11
1253 2835 1387 2874 comis
1403 2835 1449 2874 K
1589 2849 1634 2874 12
1665 2849 1742 2875 suo
1762 2850 1845 2877 om.
1867 2837 1908 2875 Β

170 2904 220 2941 13
250 2891 340 2930 fere
361 2888 397 2928 C
561 2901 608 2937 14
638 2893 788 2938 suapte
809 2901 875 2928 en.
899 2895 982 2928 nat.
1000 2888 1042 2926 A
1050 2902 1126 2928 rev.
1297 2901 1344 2938 15
1376 2890 1448 2942 ad]
1464 2896 1506 2929 et
1529 2890 1578 2929 C1
1686 2891 1846 2930 herbae
1865 2891 1908 2931 Β

171 2949 220 2984 16
249 2958 331 2984 err.
356 2943 564 2983 secarium
584 2942 631 2980 K
786 2954 832 2992 17
864 2943 965 2982 solis
986 2943 1031 2981 K
1179 2956 1228 2995 19
1257 2945 1456 2984 occiduae
1479 2945 1514 2983 C
1620 2958 1739 2995 prox.
1764 2946 1838 2986 int.
1859 2959 1905 2986 se

171 3000 327 3039 iniecto
347 2997 394 3036 K
517 3011 571 3036 20
600 2996 822 3047 Gorgodes
845 2997 967 3036 BCK
1093 3011 1142 3037 21
1175 2997 1482 3049 hesperacerus
1513 2999 1573 3039 T:
1601 3013 1904 3050 esperacervus

171 3053 248 3092 C¹x
278 3065 526 3104 speracerus
546 3051 588 3090 Β
605 3067 614 3091 2
644 3064 892 3102 speraceros
918 3052 963 3090 K
1125 3063 1177 3102 25
1207 3053 1361 3093 finibus
1390 3052 1469 3093 CK
1589 3055 1799 3105 gorgades
1832 3055 1898 3094 K:

169 3108 380 3158 gorgodas
421 3106 482 3146 T:
510 3107 717 3157 gargades
751 3105 835 3145 B1:
864 3108 1078 3157 gorgodes
1113 3107 1147 3146 C
1308 3111 1361 3148 26
1389 3109 1578 3148 athlante
1607 3117 1752 3150 monte
1786 3110 1828 3151 li.
1861 3110 1907 3148 K

169 3163 210 3202 li.
232 3163 304 3202 int.
332 3161 369 3200 T
471 3167 568 3200 ortu
588 3161 655 3199 K:
687 3162 790 3217 ostis
808 3160 864 3199 B1
