2176 3424
444 135 1072 184 ETYMOLOGIARVM
1116 135 1242 182 LIB.
1283 135 1424 182 XVI.
1465 152 1524 181 xv

112 274 259 329 gerat,
278 274 361 313 aut
387 264 425 312 si
451 264 541 312 soli
565 265 793 326 adposita
815 262 1003 311 aridam
1025 263 1280 311 materiam
1296 264 1551 311 accendat.
1625 263 1855 312 Nascitur

112 346 162 395 in
189 348 395 409 Coryco.
468 344 736 396 Ostracites
761 344 1012 408 lapidosus
1039 345 1216 402 colore,
1239 345 1444 393 testacio
1468 345 1648 393 durior.
1688 346 1856 394 Altera
1880 348 1939 395 16

113 431 317 479 achatae
342 428 524 487 similis,
547 427 641 476 nisi
666 428 802 490 quod
826 428 1025 475 achates
1051 425 1262 489 politura
1286 425 1573 490 pinguescit.
1633 426 1856 475 Duritiae

114 522 249 562 tanta
284 514 407 560 inest
444 510 514 559 vis
550 519 604 558 ut
639 509 763 558 aliae
797 525 1023 572 gemmae
1072 509 1357 571 sculpantur
1404 507 1686 572 fragmentis
1735 510 1853 556 eius.

68 615 89 654 5
114 598 434 658 Glossopetra
459 592 629 643 similis
655 602 727 641 est
751 591 947 654 linguae
972 592 1220 639 humanae
1238 608 1250 650 3
1286 591 1420 639 unde
1446 599 1493 638 et
1519 605 1704 639 nomen
1730 607 1858 638 sum-
1881 599 1935 648 17

114 679 242 743 psit:
293 679 441 725 fertur
478 684 643 724 autem
684 672 946 723 deficiente
985 674 1102 720 luna
1140 674 1280 721 caelo
1329 674 1518 721 cadere.
1618 671 1714 722 Cui
1754 688 1855 720 non

115 758 364 808 modicam
391 757 519 820 magi
546 755 767 805 tribuunt
792 762 1088 818 potestatem
1111 772 1124 814 3
1160 770 1275 801 nam
1302 769 1361 802 ex
1386 771 1447 802 eo
1472 756 1666 803 lunares
1692 762 1856 802 motus

115 840 311 890 excitari
344 846 531 902 putant.
603 839 727 886 Sunt
763 844 811 885 et
848 837 1094 898 quaedam
1124 851 1430 898 gemmarum
1462 852 1642 898 genera
1679 851 1858 898 cogno-
1880 833 1937 880 18

117 925 302 971 minata
325 921 388 970 ab
412 919 706 968 animalibus
727 939 736 968 :
774 917 960 966 echites
976 917 1195 980 vipereas
1221 918 1438 966 maculas
1464 917 1690 980 exprimit
1711 936 1724 979 3
1761 935 1858 967 car-

43 1028 94 1056 10
118 1006 276 1054 ciniae
305 1002 476 1052 marini
512 1002 675 1050 cancri
704 1001 838 1049 color
871 1008 944 1048 est
961 1017 974 1060 3
1011 998 1235 1063 scorpitis
1267 1000 1578 1062 scorpionem
1610 1009 1659 1049 et
1696 1002 1862 1051 colore
1884 1012 1943 1059 19

119 1097 166 1136 et
191 1087 346 1149 effigie
362 1086 504 1133 refert
522 1102 534 1144 3
571 1081 868 1146 myrmecitis
889 1080 1122 1130 formicae
1141 1081 1377 1144 reptantis
1394 1083 1603 1145 effigiem
1621 1082 1837 1132 imitatur
1849 1102 1862 1145 ς

117 1178 224 1217 taos
240 1165 419 1230 pavoni
435 1175 508 1214 est
525 1163 719 1224 similis3
745 1162 989 1211 hieracitis
1005 1162 1249 1226 accipitris
1267 1164 1445 1223 colore,
1464 1165 1624 1213 aetitis
1643 1164 1862 1227 aquilae3

117 1249 488 1313 aegopthalmos
529 1245 731 1310 caprino
779 1245 925 1293 oculo
969 1243 1139 1293 similis
1162 1263 1175 1304 ;
1228 1246 1587 1308 lycopthalmos
1631 1255 1862 1309 quattuor
1886 1260 1954 1295 20

119 1333 352 1390 colorum,
382 1346 440 1378 ex
465 1329 609 1376 rutilo
644 1326 923 1390 sanguinea,
952 1325 1003 1373 in
1037 1325 1203 1375 medio
1230 1327 1421 1389 nigrum
1455 1327 1671 1377 candido
1696 1328 1860 1392 cingit,

48 1433 94 1474 15
120 1423 172 1461 ut
197 1414 424 1476 luporum
451 1409 580 1459 oculi
602 1427 615 1469 3
651 1408 922 1456 meconites
948 1424 1159 1471 papaver
1185 1408 1422 1471 exprimit.
1496 1411 1620 1459 Sunt
1645 1419 1692 1460 et
1718 1428 1862 1474 quae·
1885 1429 1941 1465 21

121 1497 236 1544 dam
262 1509 486 1557 gemmae
512 1508 632 1554 quas
652 1489 857 1554 gentiles
874 1489 925 1537 in
945 1488 1375 1552 superstitionibus
1396 1490 1694 1553 quibusdam
1722 1502 1863 1541 utun-

121 1587 210 1626 tur.
284 1575 491 1638 Liparea
515 1574 674 1622 suffita
706 1588 881 1620 omnes
911 1570 1094 1620 bestias
1127 1588 1332 1621 evocare
1365 1573 1580 1621 tradunt.
1653 1574 1866 1623 Ananci-
1888 1590 1953 1626 22

121 1659 223 1707 tide
279 1656 328 1704 in
383 1653 728 1719 hydromantia
783 1655 1086 1702 daemonum
1135 1652 1373 1717 imagines
1431 1655 1623 1703 evocari
1675 1656 1863 1707 dicunt.

123 1737 442 1803 Synochitide
479 1736 677 1784 umbras
714 1735 980 1784 inferorum
1018 1744 1244 1784 evocatas
1279 1737 1432 1785 teneri
1465 1736 1617 1786 aiunt.
1691 1740 1866 1788 Chelo-
1891 1752 1955 1800 23

50 1841 101 1868 20
123 1820 237 1869 nitis
262 1820 433 1868 oculus
459 1827 533 1882 est
559 1817 762 1866 Indicae
788 1815 1063 1877 testudinis,
1090 1816 1249 1866 varius
1275 1827 1323 1867 et
1349 1834 1634 1881 purpureus.
1711 1822 1865 1868 Hunc

125 1901 252 1965 magi
276 1899 545 1964 inpositum
571 1899 767 1962 linguae
792 1900 953 1947 futura
977 1898 1295 1961 pronuntiare
1327 1900 1591 1963 finguntur.
1652 1902 1867 1950 Brontea
1889 1908 1956 1955 24

123 2001 151 2032 a
175 1982 334 2046 capite
363 1980 702 2040 testudinum3
749 1997 776 2029 e
809 1979 1071 2028 tonitribus
1102 1982 1212 2029 cadi
1243 1989 1455 2043 putatur,
1483 1990 1531 2031 et
1568 1981 1868 2046 restinguere

124 2064 340 2113 fulminis
366 2062 503 2111 ictus.
579 2060 809 2125 Hyaenia
833 2062 956 2123 lapis
982 2060 1032 2109 in
1057 2063 1213 2110 oculis
1234 2063 1454 2125 hyaenae
1474 2063 1661 2113 bestiae
1687 2063 1870 2114 inveni·
1893 2068 1957 2117 25

183 2206 201 2232 1
233 2194 337 2232 solis
356 2191 442 2230 BT
547 2204 607 2230 so.
630 2190 827 2241 opposita
843 2188 955 2231 BK:
985 2191 1027 2229 in
1048 2191 1136 2229 sole
1157 2192 1255 2241 adp.
1278 2191 1384 2231 Plz'n.
1499 2192 1615 2231 arida
1636 2194 1812 2233 materia
1832 2194 1878 2233 K

126 2262 150 2286 2
180 2248 336 2288 coriclo
358 2246 404 2285 K
558 2246 805 2285 Ostracides
826 2243 913 2282 ΒΚ
1064 2245 1172 2284 alter
1190 2245 1236 2283 K
1426 2260 1451 2296 3
1481 2247 1631 2287 achate
1651 2247 1698 2286 K
1712 2263 1720 2286 :
1753 2255 1873 2288 acate

126 2302 213 2341 BT
387 2302 485 2352 quia
504 2300 545 2338 Β
698 2300 838 2339 achati
860 2298 905 2336 K
919 2315 928 2340 :
958 2300 1100 2339 acadis
1119 2299 1161 2337 Β
1180 2314 1189 2338 :
1219 2306 1359 2339 acates
1388 2301 1424 2340 T
1607 2303 1765 2342 duriori
1789 2303 1878 2342 BT

127 2371 151 2406 4
180 2357 418 2406 fragmenta
434 2355 500 2394 B:
522 2356 760 2404 fragmentu
777 2353 822 2391 K
892 2366 916 2404 5
947 2355 1204 2405 Glosupetra
1220 2353 1291 2394 K:
1321 2355 1596 2406 Colosapetra
1612 2357 1654 2395 Β
1723 2361 1749 2397 6
1779 2359 1868 2410 cui]

126 2412 241 2451 cuius
263 2411 348 2450 ΒΤ
497 2412 521 2449 8
551 2410 729 2460 quadam
751 2408 792 2446 Β
915 2422 1075 2459 genera
1094 2408 1237 2448 BCT:
1268 2411 1436 2450 nomina
1457 2411 1503 2448 K
1625 2419 1806 2461 cognata
1827 2413 1873 2451 K

126 2480 154 2517 9
180 2467 350 2516 viperas
376 2464 414 2503 T
518 2463 712 2503 Carcinie
739 2462 794 2502 T:
826 2463 1033 2503 Carcinae
1054 2463 1140 2502 El:
1170 2465 1350 2503 Carcine
1372 2465 1418 2502 K
1557 2479 1606 2505 10
1637 2468 1781 2507 colore
1802 2475 1866 2508 est

129 2520 192 2561 K:
223 2520 351 2560 colori
373 2525 437 2559 est
456 2518 497 2556 Β
645 2519 830 2557 colorem
853 2526 895 2558 et
916 2519 1095 2568 effigiem
1116 2517 1163 2555 K
1338 2532 1383 2558 11
1419 2520 1650 2560 Mirmicitis
1673 2521 1730 2562 T:
1765 2523 1865 2561 Mir-

130 2576 275 2614 mititis
296 2573 383 2612 ΒΚ
524 2586 572 2611 12
600 2573 735 2624 Taos]
757 2572 894 2612 Pavus
915 2572 961 2610 K
1058 2572 1216 2612 coloris
1236 2572 1280 2611 K
1422 2588 1469 2625 13
1500 2575 1782 2628 Licoptalmos
1806 2577 1868 2616 T:

128 2643 238 2668 -mus
258 2629 298 2668 Β
317 2643 325 2667 :
357 2628 633 2679 Ligoptalgus
653 2627 699 2665 K
892 2641 939 2677 14
970 2627 1154 2667 medium
1175 2627 1216 2666 B
1371 2631 1505 2669 cando
1526 2629 1598 2670 K:
1628 2631 1809 2671 candide
1838 2631 1875 2670 T

132 2696 181 2735 15
211 2684 344 2723 oculis
371 2682 430 2723 T:
460 2683 606 2722 oculos
627 2681 714 2720 ΒΚ
879 2695 1090 2733 papavera
1110 2682 1219 2722 Plz'n.
1243 2683 1295 2723 N.
1319 2681 1379 2724 H.
1402 2697 1468 2735 37,
1487 2698 1563 2734 173
1719 2686 1805 2726 Sed
1826 2693 1868 2726 et

128 2739 183 2777 ibi
205 2739 372 2788 quidam
396 2737 572 2787 gemmis
591 2742 706 2787 gent.
727 2736 772 2774 K
791 2737 894 2788 (non
919 2737 970 2789 C)
1123 2738 1172 2775 16
1199 2739 1606 2787 suprestititionibus
1635 2738 1690 2781 T:
1722 2753 1868 2791 super-

129 2793 419 2833 restitionibus
438 2791 519 2832 Blz
551 2792 968 2842 superstitutionibus
987 2789 1033 2828 K
1125 2803 1171 2841 17
1204 2792 1385 2842 Liperea
1404 2793 1510 2831 ΒῙΚ
1596 2795 1815 2834 traduntur
1837 2794 1874 2834 T

130 2848 410 2888 Anancitidae
431 2846 499 2886 B:
529 2845 824 2886 Anamcitidae
845 2846 891 2884 K
1112 2847 1160 2884 18
1189 2846 1229 2885 in
1252 2860 1336 2888 om.
1363 2846 1402 2885 T
1592 2849 1866 2890 nicromantia

131 2901 201 2943 B:
230 2901 520 2942 necromantia
542 2900 588 2939 K
761 2914 941 2940 evocare
962 2900 1049 2939 ΒΚ
1251 2915 1300 2952 19
1330 2901 1567 2942 Sinocitide
1594 2902 1647 2944 T:
1681 2905 1780 2943 -dae
1800 2903 1869 2944 B:

134 2955 394 2996 Sinociditae
414 2955 460 2994 K
620 2961 770 2994 tenere
790 2954 879 2992 ΒΚ
1038 2953 1282 2995 Caelonites
1302 2954 1343 2994 Β
1518 2970 1566 2995 21
1601 2959 1868 3008 pronuntiari

134 3009 180 3046 K
195 3025 204 3049 :
234 3010 522 3061 praenuntiari
539 3009 581 3047 B
737 3009 921 3059 figuntur
936 3008 993 3047 Β1
1133 3009 1290 3050 Bronia
1305 3011 1413 3050 codd.
1604 3025 1656 3061 23
1687 3013 1811 3052 ictum
1829 3013 1874 3051 K

136 3064 292 3104 Hienia
311 3064 419 3103 BT:
451 3065 563 3103 lenia
584 3063 628 3100 Κ
735 3064 904 3103 hieniae
926 3064 1026 3115 (-ie)
1048 3063 1158 3103 BT:
1187 3065 1337 3114 geniae
1357 3064 1403 3102 K
