2176 3424
1085 107 1356 155 ISIDORI

254 243 326 290 49
348 229 572 279 cinereus
597 233 900 281 deterrimus.
978 235 1190 283 Badium
1215 246 1382 285 autem
1407 237 1596 300 antiqui
1617 236 1815 286 vadium
1844 237 2092 295 dicebant,

349 314 485 375 quod
504 314 630 362 inter
649 323 811 364 cetera
828 314 1239 365 animaliafortius
1249 318 1408 366 vadat.
1451 319 1565 380 Ipse
1585 327 1658 367 est
1677 327 1724 367 et
1745 320 1930 382 spadix,
1944 335 2093 382 quem

349 396 700 457 phoenicatum
728 405 907 445 vocant
931 415 940 445 :
979 406 1027 446 et
1052 398 1212 447 dictus
1249 400 1421 462 spadix
1457 416 1485 447 a
1521 402 1686 449 colore
1709 403 1914 464 palmae,
1944 417 2092 464 quam

257 488 324 537 50
350 476 499 526 Siculi
536 479 789 541 spadicam
815 489 1007 528 vocant.
1082 482 1300 530 Glaucus
1325 497 1440 530 vero
1467 491 1539 531 est
1563 481 1713 531 veluti
1739 482 1897 545 pictos
1924 483 2093 531 oculos

350 559 537 608 habens
564 569 612 608 et
637 562 855 623 quodam
884 563 1147 625 splendore
1173 565 1408 626 perfusos.
1484 566 1615 613 Nam
1652 566 1880 628 glaucum
1906 573 2094 614 veteres
2117 587 2140 629 5

349 641 590 691 dixerunt.
630 643 803 692 Gilvus
828 653 994 693 autem
1011 646 1222 694 melinus
1240 648 1375 695 color
1394 655 1467 696 est
1485 646 1790 695 subalbidus.
1845 649 2093 707 Guttatus,

268 742 324 791 51
348 723 489 773 albus
516 723 662 788 nigris
688 726 1129 776 intervenientibus
1146 728 1355 791 punctis,
1431 730 1689 779 Candidus
1706 739 1872 778 autem
1890 739 1937 779 et
1953 730 2094 778 albus

348 806 559 856 invicem
586 807 678 856 sibi
704 808 948 858 differunt.
1025 812 1153 859 Nam
1192 811 1333 860 albus
1371 828 1484 859 curn
1523 813 1743 875 quodam
1780 814 1965 875 pallore
1989 821 2095 860 est:
2172 830 2176 831 ⁷

348 889 590 938 candidus
630 907 744 940 vero
785 891 955 941 niveus
1001 902 1048 941 et
1087 910 1209 956 pura
1247 895 1358 942 luce
1397 895 1634 957 perfusus.
1710 896 1879 944 Canus
1918 893 2093 953 dictus,

348 970 462 1034 quia
488 988 546 1020 ex
571 972 787 1022 candido
814 976 977 1023 colore
999 985 1046 1023 et
1065 977 1203 1038 nigro
1221 984 1306 1024 est.
1370 977 1651 1025 Scutulatus
1672 986 1874 1024 vocatus
1899 985 2097 1039 propter
2123 988 2176 1028 ια

263 1074 327 1122 52
350 1053 511 1115 orbes,
554 1072 677 1118 quos
717 1056 902 1105 habent
945 1058 1186 1106 candidos
1226 1059 1350 1107 inter
1394 1075 1646 1122 purpuras.
1724 1059 1914 1118 Varius,
1960 1059 2095 1120 quod

349 1135 449 1184 vias
498 1136 678 1185 habeat
726 1139 949 1187 colorum
998 1139 1257 1202 inparium.
1353 1142 1453 1201 Qui
1501 1149 1666 1188 autem
1715 1139 1854 1189 albos
1903 1149 2095 1188 tantum

348 1219 502 1280 pedes
546 1219 743 1280 habent,
786 1220 922 1283 petili
965 1223 1309 1285 appellantur3
1346 1223 1429 1285 qui
1467 1224 1679 1271 frontem
1718 1223 1897 1282 albam,
1934 1221 2092 1271 calidi.

261 1309 324 1358 53
349 1304 589 1352 Cervinus
633 1312 705 1352 est
745 1321 893 1367 quem
937 1306 1084 1368 vulgo
1123 1321 1370 1368 guaranen
1411 1304 1596 1354 dicunt.
1690 1307 1919 1354 Aeranen
1962 1304 2095 1353 idem

349 1385 519 1447 vulgus
546 1394 701 1445 vocat,
732 1387 867 1448 quod
893 1387 942 1434 in
969 1388 1175 1435 modum
1202 1386 1331 1436 aerei
1348 1387 1407 1436 sit
1427 1387 1619 1436 coloris.
1683 1389 1905 1450 Myrteus
1929 1395 2095 1435 autem
2123 1406 2176 1447 1ss

262 1479 326 1528 54
347 1475 419 1514 est
454 1483 648 1529 pressus
674 1466 724 1514 in
751 1484 977 1531 purpura.
1054 1468 1244 1517 Dosina
1280 1479 1446 1518 autem
1484 1470 1660 1529 dictus,
1689 1470 1826 1532 quod
1862 1470 1922 1517 sit
1961 1470 2095 1517 color

348 1550 452 1598 eius
479 1552 541 1599 de
577 1550 745 1598 asino:
785 1549 917 1598 idem
956 1560 1003 1599 et
1041 1552 1279 1600 cinereus.
1357 1555 1480 1601 Sunt
1519 1560 1684 1600 autem
1727 1550 1776 1598 hi
1818 1552 1880 1599 de
1919 1551 2094 1614 agresti

349 1649 528 1695 genere
568 1632 672 1692 orti,
710 1648 834 1695 quos
878 1634 1122 1696 equiferos
1157 1632 1384 1694 dicimus,
1420 1643 1469 1683 et
1507 1634 1716 1696 proinde
1757 1634 1821 1681 ad
1857 1632 2093 1680 urbanam

261 1732 328 1782 55
349 1716 638 1779 dignitatem
665 1716 868 1763 transire
904 1732 1006 1764 non
1043 1726 1264 1779 possunt.
1337 1718 1550 1765 Mauron
1589 1716 1724 1779 niger
1760 1724 1833 1763 est
1853 1733 1867 1776 3
1902 1715 2095 1777 nigrum

350 1799 481 1847 enim
510 1798 684 1846 Graeci
710 1801 886 1861 μαῦρον
907 1808 1100 1846 vocant.
1176 1800 1395 1845 Mannus
1421 1814 1535 1847 vero
1562 1814 1718 1859 equus
1744 1795 1936 1845 brevior
1962 1793 2093 1860 [est]‚
2117 1810 2176 1843 τοι

351 1896 500 1943 quem
526 1881 672 1942 vulgo
702 1878 964 1928 brunicum
990 1889 1180 1928 vocant.
1255 1880 1478 1928 Veredos
1494 1879 1683 1941 antiqui
1701 1878 1940 1937 dixerunt,
1958 1877 2094 1940 quod

351 1965 585 2011 veherent
610 1962 763 2020 redas,
790 1961 842 2011 id
867 1972 940 2010 est
965 1963 1202 2011 ducerent
1223 1979 1235 2021 3
1271 1962 1346 2010 vel
1372 1962 1509 2024 quod
1524 1962 1625 2009 vias
1645 1961 1867 2024 publicas
1885 1968 2093 2018 currant,

260 2057 327 2117 56
351 2063 437 2110 per
461 2062 583 2109 quas
610 2054 657 2093 et
683 2045 824 2094 redas
856 2046 923 2094 ire
954 2044 1153 2093 solitum
1180 2053 1295 2093 erat.
1368 2044 1626 2107 Equorum
1644 2043 1734 2091 tria
1753 2050 1868 2091 sunt
1886 2056 2094 2105 genera:

351 2145 505 2177 unum
531 2143 838 2190 generosum,
863 2126 1058 2190 proeliis
1084 2136 1132 2175 et
1157 2126 1390 2176 oneribus
1427 2134 1598 2189 aptum
1619 2143 1629 2185 ;
1668 2127 1875 2174 alterum
1901 2124 2097 2186 vulgare

411 2270 427 2295 1
461 2271 528 2297 au.
548 2272 633 2298 om.
655 2257 700 2295 K
794 2271 818 2295 2
849 2264 914 2297 est
934 2272 1016 2298 om.
1038 2258 1085 2296 K
1176 2270 1201 2306 3
1231 2263 1355 2296 vocat
1378 2255 1429 2295 Cl
1511 2256 1657 2307 quam]
1679 2256 1791 2304 quod
1812 2255 1854 2293 B
1946 2269 1971 2304 4
2001 2269 2096 2306 spa·
2166 2264 2176 2291 2·

355 2313 518 2351 diceam
543 2312 598 2351 T:
627 2313 842 2362 spadicem
862 2313 896 2351 C
1022 2325 1046 2362 5
1077 2312 1207 2363 perfi]
1229 2324 1378 2362 persus
1408 2311 1445 2349 T
1577 2314 1603 2350 6
1634 2310 1834 2349 dixerunt
1854 2310 1920 2348 K:
1953 2310 2097 2349 dicunt
2159 2350 2171 2351 „

354 2367 474 2407 BCT
487 2382 497 2406 z
529 2368 721 2406 dicebant
740 2368 880 2406 album
899 2367 991 2406 dett.
1105 2373 1246 2406 autern
1266 2381 1350 2406 om.
1371 2366 1418 2404 K
1579 2379 1600 2415 7
1631 2365 1750 2404 abbis
1771 2365 1859 2416 (sic)
1881 2365 2097 2415 nigrisque
2160 2362 2166 2390 ἶ

364 2421 402 2459 Τ
503 2422 700 2472 pictusK
807 2425 832 2461 8
864 2423 906 2461 in
922 2422 1102 2461 invicem
1129 2422 1165 2459 T
1267 2422 1469 2461 differunt
1488 2434 1569 2460 om.
1594 2420 1652 2458 Β1
1766 2433 1816 2459 10
1845 2419 1961 2472 quia]
1983 2421 2095 2470 quod
2162 2434 2168 2437 ·

360 2476 395 2515 C
559 2490 602 2514 11
637 2477 794 2516 habent
810 2477 898 2515 ΒΚ
911 2491 919 2517 :
950 2477 1079 2516 habet
1103 2476 1140 2514 T
1240 2489 1478 2527 purpureos
1498 2474 1564 2515 K:
1595 2487 1722 2526 puras
1751 2473 1788 2513 T
1889 2474 2040 2514 Varios
2066 2474 2104 2512 T

362 2544 409 2570 12
439 2531 597 2571 habent
626 2532 843 2572 oculorum
884 2531 920 2569 T
943 2533 1045 2581 (non
1071 2531 1125 2583 U>
1309 2530 1417 2582 inp.]
1437 2531 1597 2569 varium
1627 2529 1674 2567 K
1852 2529 1933 2568 alb.
1963 2543 2028 2569 au.
2069 2528 2106 2567 T
2161 2553 2166 2556 <

360 2599 408 2635 13
437 2587 576 2625 album
596 2587 685 2625 ΒΚ
792 2587 918 2626 calliti
940 2587 986 2625 K
1096 2600 1143 2636 14
1173 2598 1405 2636 guaranem
1425 2584 1561 2637 (-en”.²)
1583 2584 1671 2624 BT
1681 2598 1688 2622 :
1718 2584 1924 2635 guarinen
1944 2586 2046 2634 (-em
2061 2584 2096 2633 2)
2161 2614 2176 2624 .-

362 2641 403 2680 U
415 2654 426 2681 ε
471 2654 756 2691 guarananem
804 2642 863 2682 F:
911 2655 1141 2691 gauranem
1199 2641 1233 2680 C
1247 2656 1255 2680 :
1302 2640 1547 2691 gaurianem
1593 2639 1637 2676 D
1657 2655 1665 2679 :
1711 2651 1963 2678 uuarranem
2011 2637 2097 2677 ΚΟ
2173 2642 2176 2643 ’

357 2695 502 2736 dicunt
520 2696 684 2736 BCDF
687 2696 765 2735 TU
776 2711 783 2736 :
817 2702 969 2736 vocant
989 2696 1036 2734 K
1038 2696 1076 2735 O
1239 2696 1439 2735 Aeranen
1456 2697 1524 2746 (ex
1537 2695 1651 2743 -ren)
1667 2693 1714 2732 K
1729 2710 1736 2734 :
1759 2694 1940 2733 Eranem
1955 2693 2034 2731 BC
2041 2693 2094 2732 T:
2159 2695 2176 2731 ’ἐ

358 2751 526 2790 Eranen
557 2751 596 2790 O
706 2752 817 2790 idern
841 2783 849 2792 .
874 2783 882 2790 .
903 2781 913 2791 .
939 2752 1093 2790 coloris
1124 2751 1164 2789 Β
1186 2751 1307 2801 (aerii
1328 2763 1360 2789 s.
1384 2750 1517 2797 color)
1538 2748 1718 2789 CDTU:
1750 2749 1791 2787 id
1813 2755 1879 2787 est
1897 2748 1978 2786 vul.
1997 2747 2096 2786 dicit
2157 2757 2176 2797 ἶ

357 2807 465 2845 utin
495 2820 574 2845 mo.
594 2807 707 2845 aeris
736 2820 769 2844 s.
801 2806 955 2846 coloris
985 2805 1071 2845 ΚΟ
1221 2807 1270 2843 16
1300 2813 1365 2844 est
1384 2818 1464 2844 om.
1490 2804 1536 2842 K
1644 2803 1808 2843 Dosina
1841 2803 1869 2840 1
1887 2816 1896 2840 :
1929 2802 2092 2840 Dosinu

356 2860 425 2900 K:
453 2862 642 2900 Dosinus
653 2860 784 2900 BCM
889 2868 1030 2900 autem
1043 2874 1128 2900 om.
1150 2860 1191 2898 Β
1304 2862 1353 2898 18
1371 2860 1551 2909 proinde
1563 2871 1649 2898 om,
1663 2857 1710 2896 K
1818 2870 1868 2907 19
1889 2857 2037 2896 Mauro
2066 2855 2103 2895 T
2161 2860 2176 2910 ζ

356 2919 409 2955 '20
428 2923 493 2955 est
504 2916 596 2954 hab.
619 2915 722 2955 BT:
745 2929 826 2955 om.
847 2916 926 2955 CK
978 2930 1027 2955 21
1050 2915 1268 2954 brunicum
1282 2928 1346 2954 vo.
1366 2914 1429 2953 O:
1452 2913 1669 2953 bronicum
1683 2925 1749 2951 vo.
1773 2911 1824 2951 T:
1845 2912 2091 2951 bronnicum
2160 2916 2176 2958 ,j

357 2984 423 3010 vo,
449 2970 516 3010 U:
545 2971 780 3010 brunicium
802 2984 868 3010 vo.
891 2970 1016 3010 B1K:
1048 2969 1311 3009 brunnicium
1342 2982 1407 3008 vo.
1437 2967 1472 3007 C
1498 2968 1631 3007 Allon.²
1653 2981 1662 3006 ε
1696 2967 1917 3006 brunicum
1939 2979 2004 3005 vo.
2024 2964 2094 3004 vel

357 3025 564 3064 brunnum
576 3025 640 3064 X:
666 3025 917 3064 brunnicum
931 3040 996 3067 vo.
1015 3024 1149 3065 Mon.1
1165 3023 1498 3074 (buricu1n(-rr-,
1516 3022 1768 3071 -ch—jsorm.
1783 3021 1899 3065 usit.)
2005 3020 2088 3059 dix.
2158 3034 2176 3071 ξ

356 3079 454 3128 quia
477 3080 511 3120 C
592 3093 642 3119 22
665 3080 871 3120 veherant
892 3079 928 3117 T
1001 3094 1052 3130 23
1071 3079 1249 3120 solidum
1263 3078 1304 3117 Β
1325 3092 1334 3118 ;
1353 3078 1535 3118 solutum
1556 3075 1603 3115 K
1707 3089 1758 3125 24
1780 3070 2099 3115 honoribusBC
2157 3077 2176 3133 ζ

2157 3148 2176 3206 g

2153 3207 2176 3424 ἰ
