2176 3424
964 147 1238 195 ISIDORI

226 269 400 317 Latine
436 270 719 321 nominatos
758 274 1082 338 suspicantur,
1123 293 1183 326 eo
1216 280 1352 341 quod
1386 280 1515 328 bruti
1553 281 1663 343 sint,
1691 300 1811 346 gens
1850 283 1976 333 intra

224 350 483 400 Oceanum
511 356 750 403 interfuso
777 356 897 405 mari
923 357 1063 420 quasi
1089 367 1223 408 extra
1247 360 1418 410 orbem
1445 364 1616 425 posita.
1693 367 1772 414 De
1793 365 1974 428 quibus

221 432 465 496 Vergilius
493 434 620 500 (Ecl.
643 454 681 496 1,
703 436 788 502 67)
811 455 820 485 :

695 521 828 568 Toto
868 520 1050 570 divisos
1089 521 1208 572 orbe
1249 523 1530 575 Britannos.

104 611 198 657 103
222 597 378 645 Scotti
402 598 598 661 propria
631 599 799 664 lingua
832 619 1018 652 nomen
1053 605 1240 654 habent
1270 624 1299 654 a
1329 607 1464 670 picto
1499 626 1718 672 corpore,
1748 596 1807 660 eo
1837 614 1973 675 quod
1999 631 2021 671 5

219 677 402 726 aculeis
457 680 621 730 ferreis
659 699 774 731 cum
824 694 1101 735 atramento
1150 687 1391 736 variarum
1443 691 1705 753 figurarum
1749 694 1973 756 stigmate

108 767 196 814 104
217 760 531 810 adnotentur.
573 763 982 815 Galliacandore
998 768 1215 831 corporis
1232 773 1502 834 nuncupati
1523 782 1648 821 sunt.
1691 775 1825 822 Γάλα
1840 758 1972 823 enim

219 840 408 890 Graece
435 844 509 891 lac
546 844 739 895 dicitur.
811 849 959 897 Vnde
993 858 1040 897 et
1074 851 1258 913 Sibylla
1292 853 1360 900 sic
1394 869 1479 902 eos
1503 856 1732 917 appellat,
1760 873 1873 904 cum
1907 856 1973 905 ait

218 922 282 970 de
315 924 389 971 his
419 923 570 990 (Virg.
597 929 721 976 Aen.
746 932 787 989 8,
810 930 930 995 660)
954 951 962 979 :
1990 922 1995 925 ἢ

848 1015 994 1060 Tunc
1032 1015 1190 1063 lactea
1225 1017 1351 1064 colla
2000 1039 2050 1065 10

511 1107 630 1140 auro
667 1091 996 1143 innectuntur.

101 1179 193 1228 105
216 1170 502 1219 Secundum
529 1172 861 1224 diversitatem
888 1176 1021 1225 enim
1041 1177 1163 1226 caeli
1185 1187 1231 1226 et
1251 1178 1398 1228 facies
1423 1180 1683 1230 hominum
1710 1191 1757 1231 et
1783 1184 1971 1233 colores

216 1261 263 1300 et
303 1269 566 1316 corporum
617 1256 916 1318 quantitates
965 1268 1013 1308 et
1060 1259 1339 1309 animorum
1388 1261 1694 1312 diversitates
1743 1263 1969 1314 existunt.

217 1335 344 1382 Inde
371 1337 630 1386 Romanos
655 1355 839 1401 graves,
873 1341 1091 1390 Graecos
1125 1343 1270 1402 leves,
1301 1345 1446 1398 Afros
1479 1344 1773 1408 versipelles,
1803 1348 1971 1396 Gallos

219 1425 393 1465 natura
419 1420 605 1467 feroces
633 1430 781 1483 atque
806 1422 1017 1472 acriores
1045 1425 1246 1487 ingenio
1280 1425 1609 1488 pervidemus,
1639 1429 1775 1490 quod
1799 1437 1973 1477 natura
2000 1444 2048 1483 15

98 1505 195 1551 106
221 1500 475 1548 climatum
502 1501 630 1550 facit.
681 1502 811 1551 Galli
836 1514 1002 1553 autem
1031 1507 1254 1555 Senones
1287 1507 1559 1571 antiquitus
1586 1511 1823 1559 Xenones
1844 1510 1971 1560 dice-

220 1581 412 1641 bantur,
452 1585 588 1645 quod
630 1583 864 1634 Liberum
908 1587 1124 1649 hospitio
1168 1588 1497 1652 recepissent3
1551 1600 1722 1653 postea
1757 1594 1804 1639 X
1847 1592 1896 1640 in
1940 1594 1972 1642 S

106 1674 198 1724 107
219 1662 430 1712 litteram
456 1675 762 1715 commutata
786 1677 873 1717 est.
923 1671 1091 1717 Vacca
1117 1669 1358 1733 oppidum
1379 1671 1469 1720 fuit
1494 1671 1626 1721 iuxta
1647 1675 1969 1736 Pyrenaeum,

217 1762 245 1792 a
271 1762 372 1808 quo
393 1756 506 1795 sunt
526 1748 864 1811 cognominati
883 1752 1082 1811 Vaccei‚
1101 1753 1164 1800 de
1191 1753 1370 1814 quibus
1393 1753 1607 1803 creditur
1627 1753 1807 1804 dixisse
1827 1765 1974 1819 poeta

217 1826 303 1891 (cf.
330 1827 461 1892 Virg.
480 1831 603 1878 Aen.
629 1847 676 1890 4,
695 1830 781 1894 42)
803 1852 811 1879 :
2001 1853 2051 1880 20

725 1915 946 1976 Lateque
982 1925 1213 1978 vagantes
1250 1915 1448 1964 Vaccei.

216 1991 283 2039 Hi
336 1993 573 2055 Pyrenaei
621 1993 744 2056 iugis
793 1997 1096 2058 peramplam
1147 1996 1330 2045 montis
1370 1997 1596 2046 habitant
1635 1998 1969 2050 solitudinem.

216 2077 358 2124 Idem
387 2084 434 2124 et
468 2078 738 2135 Vascones,
767 2076 907 2139 quasi
939 2079 1213 2138 VacconeS,
1241 2078 1284 2129 C
1311 2078 1362 2126 in
1388 2080 1419 2127 S
1453 2079 1663 2129 litteram
1701 2082 1968 2130 demutata.

99 2158 192 2204 108
216 2155 358 2214 Quos
397 2158 598 2206 Gnaeus
639 2159 907 2222 Pompeius
945 2159 1164 2207 edomita
1202 2160 1448 2223 Hispania
1485 2171 1532 2210 et
1567 2163 1631 2211 ad
1668 2162 1972 2226 triumphum

214 2236 380 2286 venire
410 2238 647 2288 festinans
686 2242 749 2289 de
781 2241 1018 2303 Pyrenaei
1047 2241 1170 2305 iugis
1208 2243 1438 2306 deposuit
1475 2253 1522 2292 et
1559 2246 1609 2292 in
1645 2262 1800 2293 unum
1838 2245 1974 2309 oppi-
1999 2264 2046 2304 ²5

216 2322 337 2368 dum
372 2321 698 2385 congregavit.
773 2323 921 2371 Vnde
948 2332 996 2371 et
1026 2323 1376 2374 Convenarum
1409 2326 1525 2374 urbs
1555 2343 1741 2375 nomen
1765 2325 1968 2390 accepit.

95 2409 194 2458 109
220 2401 434 2464 Hispani
476 2403 538 2451 ab
585 2403 733 2452 Ibero
781 2421 930 2453 amne
971 2405 1184 2468 primum
1236 2407 1383 2467 Iberi,
1423 2417 1596 2470 postea
1643 2408 1707 2456 ab
1759 2407 1972 2472 Hispalo

275 2546 292 2571 1
325 2545 432 2582 gens
453 2534 538 2572 sint
559 2534 600 2571 A
623 2549 631 2573 :
662 2539 762 2573 sunt
783 2547 822 2583 g.
847 2534 927 2573 BC
946 2536 1048 2587 <non
1068 2535 1194 2575 Bern.
1220 2535 1341 2584 extr.)
1482 2550 1506 2586 4
1536 2543 1647 2576 totos
1671 2536 1770 2575 C1T
1871 2538 1978 2576 brit-.

217 2594 338 2626 tanos
357 2587 467 2627 codd.
657 2601 680 2639 5
713 2588 831 2627 Scoti
853 2588 901 2627 K
913 2589 1037 2629 Bern.
1061 2596 1158 2629 extr.
1183 2589 1286 2641 (non
1307 2590 1380 2640 ῘᾺ)
1567 2605 1591 2630 a
1611 2605 1734 2642 prop.
1755 2591 1852 2630 ΚΜ
1869 2594 1970 2641 (non

215 2642 342 2682 Bern.
364 2643 483 2694 extr.)
640 2644 769 2683 habet
791 2643 843 2682 Cl
1009 2645 1055 2696 a]
1077 2658 1101 2683 e
1129 2645 1167 2684 T
1325 2647 1351 2683 6
1381 2644 1498 2684 vario
1518 2645 1565 2684 K
1582 2646 1683 2696 (non
1702 2646 1824 2686 Bern.
1850 2647 1970 2698 extr.)

218 2710 239 2745 7
270 2698 526 2737 adnotantur
551 2697 588 2734 T
731 2704 832 2737 sunt
853 2711 935 2737 om.
958 2698 1005 2736 K
1022 2702 1122 2750 (non
1142 2699 1265 2738 Bern.
1292 2700 1410 2751 extr.)
1575 2702 1601 2738 8
1633 2701 1746 2752 Sib.]
1771 2701 1972 2750 Virgilius

216 2751 344 2792 Arev.
458 2751 627 2802 appella
648 2752 690 2790 A
821 2766 867 2791 11
900 2754 1074 2792 innecto
1095 2753 1142 2792 K
1289 2767 1337 2793 12
1367 2754 1498 2805 enim]
1521 2761 1662 2794 autem
1682 2756 1724 2793 B
1887 2756 1966 2795 fac.

218 2807 438 2846 omninum
469 2806 507 2845 T
670 2819 718 2856 15
748 2807 914 2847 seroces
936 2809 980 2846 in
1002 2822 1086 2848 ras,
1117 2808 1172 2847 T2
1329 2809 1590 2858 pervidimus
1610 2808 1707 2848 ΑΚ
1835 2809 1970 2861 quod]

219 2861 319 2909 quia
339 2860 387 2900 K
549 2864 597 2900 16
627 2861 763 2913 Xen.]
785 2876 972 2902 zenones
995 2863 1101 2915 (zo-)
1125 2861 1236 2902 codd.
1368 2876 1414 2915 17
1445 2864 1580 2916 quod]
1603 2863 1700 2914 quia
1718 2863 1760 2901 A
1875 2865 1971 2903 hos-

217 2916 364 2965 pitium
390 2915 526 2967 (osp-)
550 2915 596 2954 K
600 2916 637 2954 T
796 2923 1030 2969 posteaque
1054 2918 1088 2957 C
1268 2917 1330 2969 X]
1354 2932 1375 2957 z
1395 2918 1505 2958 codd.
1656 2931 1705 2956 21
1737 2918 1907 2968 lataque
1926 2919 1969 2957 A

217 2976 420 3010 vacantes
442 2970 537 3010 AK
681 2984 733 3009 22
757 2978 855 3022 post
874 2973 984 3013 solit.
1009 2971 1103 3012 add.
1128 2973 1294 3011 Baceos
1314 2973 1495 3013 invictos
1513 2987 1538 3012 a
1558 2972 1673 3011 nulla
1693 2978 1822 3022 gente
1842 2973 1972 3013 victos

223 3023 274 3062 Τ2
403 3039 454 3075 24
485 3026 604 3075 Quos
623 3038 786 3076 genens
808 3027 858 3065 C1
878 3043 885 3067 :
916 3028 1030 3078 quod
1052 3027 1121 3075 (ex
1139 3039 1245 3077 quos
1265 3027 1330 3078 A)
1353 3037 1489 3077 genus
1507 3026 1549 3065 A
1562 3027 1600 3066 T
1723 3028 1776 3066 26
1809 3028 1923 3066 urbis
1944 3028 1980 3067 C

217 3079 370 3130 accipit
390 3081 431 3118 A
665 3093 715 3130 27
748 3081 908 3131 Spania
930 3083 981 3120 ab
1007 3082 1059 3121 T1
1195 3096 1219 3120 a
1237 3081 1369 3121 libero
1391 3081 1438 3120 K
1535 3086 1538 3091 '
1570 3082 1620 3120 ab
1640 3082 1804 3131 ispalno
1826 3081 1974 3133 ispana

220 3146 311 3184 cog.
333 3133 375 3171 A
