2176 3424
413 144 1041 195 ETYMOLOGIARVM
1081 142 1214 189 LIB.
1250 140 1393 187 XIII.
1435 138 1510 185 xxi

92 297 254 330 muros
293 282 570 340 decurrens,
605 279 689 342 qui
725 294 754 325 a
786 276 901 325 solis
938 283 1047 324 ortu
1084 273 1245 323 oriens
1282 289 1382 322 non
1421 274 1567 335 longe
1607 270 1671 318 ab
1707 269 1829 317 urbe

91 364 210 411 rnari
242 362 483 422 conditur,
511 378 661 424 quem
695 361 758 409 de
790 357 988 421 originis
1025 373 1141 405 suae
1171 364 1327 404 tractu
1361 355 1606 404 Orontem
1640 360 1828 399 veteres

88 446 262 494 Latine
280 446 599 508 appellavere.
655 443 809 492 Cuius
835 438 1030 488 fluentis
1056 456 1114 487 ex
1140 437 1247 500 ipso
1268 436 1456 500 impetu
1482 433 1824 497 frigidioribuS‚

87 537 134 576 et
151 523 369 591 zephyris
393 527 590 575 assidue
627 523 696 573 ibi
721 521 1017 586 spirantibus
1052 530 1155 569 tota
1185 518 1353 568 civitas
1380 515 1646 567 momentis
1672 531 1824 579 prope

41 634 61 675 5
87 608 317 657 omnibus
342 609 659 671 refrigeratur.
728 602 953 654 Iordanis
982 604 1198 651 Iudaeae
1225 602 1415 660 fluvius,
1444 617 1472 648 a
1498 598 1695 648 duobus
1722 599 1827 645 fon·
1849 602 1902 649 18

85 690 215 739 tibus
245 689 541 749 nominatus,
583 702 792 751 quorum
835 686 954 733 alter
992 693 1193 732 vocatur
1229 685 1324 739 Ior,
1360 683 1480 730 alter
1524 683 1652 728 Dan.
1728 678 1825 727 His

85 771 228 835 igitur
253 773 423 836 procul
447 789 477 819 a
505 787 556 819 se
587 766 884 819 distantibus
922 767 971 815 in
1000 782 1154 814 unum
1190 765 1386 813 alveum
1420 760 1698 820 foederatis,
1728 762 1826 808 Ior-

85 853 226 902 danis
251 853 484 916 deinceps
509 852 794 915 appellatur.
857 849 1087 897 Nascitur
1110 855 1276 895 autern
1303 845 1395 894 sub
1423 844 1616 893 Libano
1642 851 1826 900 monte,

86 945 133 984 et
159 934 333 984 dividit
358 936 597 983 Iudaeam
623 942 670 981 et
695 930 929 980 Arabiam
952 948 965 990 3
1001 929 1084 992 qui
1111 945 1196 992 per
1223 928 1404 975 multos
1430 924 1661 973 circuitus
1695 923 1829 971 iuxta

5 1040 64 1069 ιιο
88 1017 281 1066 Iericho
307 1016 356 1065 in
394 1033 526 1064 mare
552 1017 808 1062 Mortuum
842 1011 1015 1060 influit.
1091 1009 1235 1059 Eusis
1275 1007 1539 1060 Caucaseis
1574 1006 1826 1054 montibus
1851 1017 1910 1063 19

85 1101 219 1148 fusus
245 1116 358 1148 cum
384 1098 605 1162 pluribus
631 1096 736 1145 aliis
763 1097 812 1143 in
832 1094 1074 1143 Eusinum
1102 1110 1153 1142 se
1179 1090 1467 1155 praecipitat
1493 1106 1625 1138 mare
1645 1107 1656 1149 3
1692 1089 1827 1136 unde

86 1190 133 1230 et
158 1190 481 1244 nuncupatur.
556 1180 761 1242 Cydnus
790 1176 949 1226 amnis
976 1174 1179 1226 Ciliciae
1206 1190 1232 1222 e
1249 1176 1416 1221 Tauro
1442 1180 1612 1220 monte
1638 1186 1828 1234 progre-
1853 1187 1919 1221 20

85 1262 238 1323 diens,
268 1261 440 1311 miram
479 1278 718 1324 aquarum
761 1259 950 1307 habens
990 1258 1300 1315 suavitatem,
1341 1264 1388 1303 et
1431 1250 1547 1317 quia
1585 1251 1831 1315 quidquid

86 1344 356 1393 candidum
386 1353 474 1402 est,
506 1342 778 1406 ‘cydnum'
807 1341 976 1404 gentili
1010 1338 1178 1402 lingua
1212 1338 1316 1399 Syri
1349 1335 1535 1385 dicunt.
1609 1335 1757 1382 Vnde
1783 1343 1830 1381 et

0 1446 61 1490 ⁸⁸5
84 1425 218 1474 amni
261 1425 375 1473 huic
417 1440 601 1473 nomen
639 1425 825 1482 datum,
865 1420 980 1484 quia
1015 1429 1172 1468 tumet
1211 1427 1409 1477 aestate,
1450 1417 1652 1479 quando
1692 1414 1828 1462 nives

85 1509 370 1566 solvuntur3
424 1505 621 1568 reliquis
663 1503 780 1552 anni
830 1502 1134 1565 temporibus
1187 1499 1348 1548 tenuis
1398 1507 1471 1547 est
1519 1507 1567 1546 et
1617 1495 1827 1560 quietus.

88 1590 242 1651 Hylas
276 1587 451 1636 fluvius
487 1588 648 1635 Asiae.
724 1586 954 1636 Pactolus
988 1584 1163 1631 fluvius
1201 1580 1364 1641 Asiae,
1406 1581 1614 1628 harenas
1657 1594 1828 1626 aureas
1855 1591 1907 1625 21

87 1672 311 1720 trahens:
348 1672 410 1720 de
437 1686 536 1732 quo
562 1667 804 1731 Vergilius
833 1666 979 1730 (Aen.
1006 1683 1078 1723 10,
1107 1663 1222 1727 142)
1245 1683 1252 1711 :

599 1751 929 1811 Pactolusque
965 1746 1137 1810 inrigat
1172 1762 1305 1793 auro.

3 1855 63 1883 -120
87 1837 249 1896 Quem
276 1851 364 1897 pro
388 1843 558 1882 aurato
583 1834 734 1881 fluore
759 1831 897 1880 aliter
923 1829 1310 1892 Chrysorrhoam
1338 1834 1530 1876 vocant.
1606 1827 1825 1873 Hermus
1850 1835 1915 1871 22

86 1916 259 1966 fluvius
300 1915 446 1964 Asiae
488 1914 573 1978 qui
615 1916 878 1977 Smyrneos
923 1920 1056 1961 secat
1098 1927 1315 1973 campos,
1366 1918 1414 1957 et
1456 1907 1560 1971 ipse
1598 1906 1827 1956 fluctibus

85 2000 243 2048 aureis
267 2008 315 2047 et
338 1996 532 2046 harenis
557 1998 732 2060 plenus
756 2014 767 2056 3
802 2012 830 2044 a
856 2011 955 2058 quo
982 2004 1029 2042 et
1054 1995 1262 2056 Smyrna
1289 1999 1462 2039 vocata
1482 1999 1571 2039 est.
1629 1990 1832 2038 Maean·
1857 2007 1919 2054 23

86 2083 172 2131 der
187 2080 346 2130 amnis
371 2079 518 2128 Asiae
543 2080 803 2137 flexuosus,
831 2078 915 2140 qui
942 2074 1301 2125 recurrentibus
1327 2072 1442 2136 ripis
1468 2071 1593 2120 inter
1630 2071 1827 2121 Cariam

87 2180 134 2219 et
183 2169 377 2218 Ioniam
426 2166 770 2231 praecipitatur
823 2165 873 2213 in
922 2164 1084 2212 sinum
1133 2162 1217 2226 qui
1270 2161 1502 2210 Miletum
1557 2158 1732 2208 dividit
1781 2168 1829 2207 et

4 2269 63 2312 ⁸25
88 2252 296 2301 Prienen
319 2269 331 2311 3
368 2251 641 2299 Maeander
664 2259 830 2298 autem
857 2257 1058 2297 vocatus
1085 2246 1222 2310 quod
1260 2244 1320 2292 sit
1345 2245 1591 2292 flexuosus
1618 2251 1666 2290 et
1691 2258 1828 2289 num·

87 2351 235 2399 quam
261 2342 419 2383 currat
443 2341 616 2381 rectus.
693 2334 770 2380 De
796 2347 895 2394 quo
921 2328 1130 2379 Ovidius
1158 2329 1305 2392 (Met.
1326 2344 1367 2387 2,
1388 2327 1535 2390 246):

488 2413 663 2464 Curvis
699 2412 824 2461 ludit
863 2411 1136 2460 Maeander
1174 2408 1223 2456 in
1261 2407 1424 2458 undis.

147 2567 163 2591 1
197 2552 266 2603 qui
287 2550 332 2602 a]
355 2563 438 2600 qua
465 2549 500 2586 T
605 2548 691 2587 urb.
716 2548 759 2586 in
779 2559 894 2585 mare
918 2546 952 2585 C
1079 2557 1102 2582 2
1133 2544 1347 2583 conditum
1368 2541 1480 2582 codd.
1594 2553 1655 2580 or.
1679 2555 1710 2579 s.
1736 2547 1827 2579 ortu

92 2607 237 2661 (delet.)
260 2610 437 2646 tractatu
461 2603 509 2642 C1
701 2603 908 2641 orientem
930 2599 1039 2639 codd.
1064 2599 1151 2650 (vix
1170 2600 1281 2647 recte)
1492 2609 1516 2645 3
1545 2595 1773 2646 frigidioris
1800 2596 1836 2633 T

46 2690 48 2695 ·
90 2675 113 2712 5
142 2660 378 2701 hominibus
405 2659 442 2697 T
597 2661 623 2696 6
650 2671 744 2698 voc.
769 2657 838 2697 alt.
866 2656 901 2695 C
1025 2654 1090 2692 his
1110 2666 1192 2694 om.
1213 2652 1259 2691 K
1423 2652 1448 2688 8
1474 2650 1637 2702 autem]
1659 2651 1771 2689 enim
1801 2650 1837 2687 T

93 2730 141 2756 10
160 2716 258 2755 Vsis
273 2715 380 2755 KO:
401 2712 532 2752 Euxis
546 2711 613 2750 X:
636 2712 784 2751 Phasis
801 2709 960 2763 (Fasis)
979 2708 1105 2748 Arev.
1125 2710 1190 2759 (ex
1203 2707 1397 2747 Ambros.
1421 2705 1621 2745 Hexaem.
1634 2719 1670 2755 2,
1685 2719 1722 2755 3,
1743 2707 1826 2754 12),

90 2773 159 2811 vix
177 2775 314 2810 tamen
338 2769 436 2808 Isid.
580 2779 623 2804 11
658 2767 861 2806 Eusinum
884 2766 929 2818 (i.
949 2778 978 2804 e.
1000 2763 1257 2814 Euxinum)]
1281 2761 1413 2800 eusim
1437 2759 1472 2799 C
1600 2773 1647 2798 12
1677 2760 1829 2798 Citnus

90 2826 174 2867 8¹:
204 2825 365 2875 Cignus
388 2823 466 2862 CK
573 2821 792 2860 siciliaeK
900 2819 944 2872 e]
967 2824 1010 2858 et
1029 2818 1093 2856 B:
1123 2831 1148 2856 a
1177 2817 1214 2855 T
1387 2829 1434 2864 14
1464 2816 1650 2854 cithnum
1673 2814 1712 2852 Β
1732 2827 1741 2851 :
1772 2813 1828 2852 ci-

90 2893 216 2930 gnum
239 2879 317 2919 CK
383 2879 488 2928 fort.
511 2876 611 2915 inde
695 2881 739 2915 et
759 2889 840 2915 om.
862 2874 949 2913 ΒΚ
1062 2884 1108 2922 15
1139 2871 1272 2922 amni]
1297 2871 1410 2921 cigni
1430 2870 1476 2908 K
1548 2870 1690 2908 datum
1711 2874 1776 2907 est
1797 2868 1831 2906 C

89 2935 238 2975 niveB
333 2945 378 2983 17
406 2933 554 2971 fluvius
573 2930 684 2982 (alt.)
701 2944 780 2969 om.
804 2930 848 2968 K
957 2942 1010 2967 20
1029 2926 1172 2978 aliter]
1186 2925 1255 2965 alii
1271 2926 1315 2964 K
1423 2938 1474 2963 22
1495 2930 1538 2963 et
1556 2924 1667 2972 (alt.)
1687 2936 1768 2962 om.
1786 2922 1831 2960 K

89 3001 143 3038 23
173 2989 374 3028 fluviosus
402 2994 444 3026 et
468 3000 550 3028 rec.
574 2984 619 3026 K
773 2985 939 3024 Cariam
966 2982 1090 3022 Arev.
1113 2983 1179 3034 (ex
1203 2980 1332 3020 Solin.
1355 2994 1422 3030 40,
1448 2979 1516 3023 83:
1556 2978 1685 3017 asiam
1717 2977 1829 3017 codd.

90 3055 143 3094 25
171 3044 361 3095 prienam
381 3041 458 3081 BC
466 3041 523 3080 T:
551 3041 754 3083 tricenam
775 3039 821 3078 K
954 3051 1006 3087 27
1036 3049 1186 3076 curvus
1206 3035 1246 3074 Β
1357 3036 1442 3074 luet
1460 3033 1505 3071 K

151 3131 253 3168 1182
283 3141 315 3167 11
940 3128 976 3161 H
