2228 3444
1045 164 1318 214 ISIDORI

305 293 426 350 foro,
456 292 505 338 in
536 290 713 352 platea.
787 288 909 337 Loci
940 297 1107 336 autem
1141 295 1304 336 motus
1340 295 1501 350 partes
1533 303 1615 335 sex
1650 287 1813 345 habet,
1846 288 2064 336 dextram

306 382 354 421 et
380 372 641 431 sinistram,
668 380 783 419 ante
810 380 858 418 et
883 379 1024 430 retro,
1049 386 1246 419 sursum
1272 378 1422 432 atque
1447 371 1694 417 deorsum.
1759 372 1925 418 Partes
1951 385 2068 431 quo-

307 471 404 518 que
430 454 551 503 istae
586 470 669 502 sex
695 454 797 501 duo
823 452 1011 501 habent
1043 450 1115 518 [id
1141 461 1228 511 est,
1258 450 1405 499 situm
1432 460 1480 515 et
1505 459 1716 514 tempus.
1790 450 1964 510 Situm,
1991 448 2067 517 ut]

308 541 455 601 longe
481 545 528 585 et
557 552 724 599 prope.
797 537 1035 605 Tempus,
1059 543 1142 582 ut:
1179 533 1299 593 heri,
1326 532 1491 582 hodie.
1565 535 1718 581 Porro
1745 532 1864 581 situs
1889 549 1918 580 a
1943 534 2069 595 posi—

251 633 286 679 9
310 620 444 669 tione
470 618 646 678 dictus,
666 626 720 665 ut
740 617 849 680 quis
869 626 954 665 aut
979 624 1087 676 stet,
1110 624 1194 664 aut
1220 617 1403 674 sedeat,
1423 623 1506 663 aut
1531 614 1700 663 iaceat.
1760 614 1979 663 Habitus
2005 614 2069 663 ab
2093 632 2114 672 5

310 702 547 750 habendo
572 699 761 762 aliquid
787 699 963 758 dictus,
990 708 1045 746 ut
1070 698 1253 746 habere
1279 696 1536 746 scientiam
1562 696 1614 743 in
1640 705 1818 755 mente,
1840 698 2068 745 virtutem

311 785 360 832 in
382 799 601 846 corpore,
623 782 751 830 circa
771 798 949 844 corpus
969 779 1334 840 vestimentum,
1358 789 1406 828 et
1426 788 1599 836 cetera,
1622 795 1749 841 quae
1767 780 1831 827 ad
1851 778 2070 827 habendi

230 880 289 915 10
314 868 534 925 modum,
564 863 822 927 designato
842 880 870 911 a
895 862 1183 911 doctoribus
1208 879 1431 922 numero,
1457 860 1888 924 conprehenditur.
1962 863 2067 908 Iam

313 965 427 997 vero
444 964 588 1011 agere
605 956 652 995 et
672 945 774 1009 pati
790 945 854 993 ab
875 944 1063 1008 agentis
1084 954 1132 993 et
1149 943 1379 1007 patientis
1401 943 1759 1006 significatione
1776 944 2067 991 consistunt.

313 1033 444 1079 Nam
483 1028 645 1078 scribo
670 1027 806 1076 vocis
831 1037 998 1076 actum
1028 1027 1194 1085 habet,
1224 1026 1460 1089 quoniam
1491 1025 1714 1073 facientis
1739 1041 1842 1074 rem
1869 1025 2066 1073 indicat.
2098 1041 2143 1068 10

313 1112 511 1162 Scribor
545 1109 777 1175 patientis
808 1118 895 1169 est,
930 1109 1167 1172 quoniam
1199 1108 1300 1172 pati
1338 1125 1389 1156 se
1430 1108 1663 1156 ostendit.
1738 1109 1799 1155 In
1831 1106 1906 1155 his
1936 1106 2069 1155 enim

312 1212 491 1243 novem
519 1193 796 1258 generibus,
826 1208 1039 1254 quorum
1067 1191 1278 1253 exempli
1302 1191 1456 1252 gratia
1482 1189 1728 1251 quaedam
1755 1187 1915 1251 posita
1941 1198 2067 1247 sunt,

311 1279 387 1327 vel
429 1277 477 1325 in
513 1276 620 1339 ipso
661 1275 965 1323 substantiae
1004 1289 1195 1336 genere,
1239 1273 1374 1334 quod
1401 1279 1475 1319 est
1512 1272 1660 1329 οὐσία,
1695 1269 2073 1318 innumerabilia

312 1358 632 1422 reperiuntur.
709 1358 839 1404 Nam
867 1363 915 1403 et
950 1371 1007 1404 ea
1040 1371 1167 1417 quae
1198 1353 1451 1414 intellectu
1483 1355 1718 1416 capimus,
1747 1353 1798 1400 id
1827 1352 1890 1399 ad
1929 1352 2070 1397 alter-

312 1450 475 1488 utrum
525 1441 703 1487 horum
753 1439 929 1486 decem
979 1435 1495 1500 praedicamentorum
1534 1451 1761 1484 sermone
1797 1435 2066 1495 vulgamus.
2098 1448 2143 1487 15

246 1535 290 1569 11
314 1524 468 1571 Plena
488 1521 618 1570 enim
648 1518 892 1568 sententia
912 1520 975 1566 de
995 1519 1070 1566 his
1092 1517 1158 1566 ita
1184 1526 1283 1566 est:
1325 1518 1644 1580 Augustinus,
1669 1532 1875 1579 magnus
1893 1523 2068 1573 orator,

315 1604 442 1652 filius
459 1603 600 1662 illius,
621 1611 755 1650 stans
773 1601 820 1648 in
840 1601 1041 1662 temp10‚
1062 1599 1226 1659 hodie,
1240 1598 1487 1658 infulatus,
1509 1598 1811 1662 disputando
1827 1596 2066 1659 fatigatur.

314 1685 433 1734 Vsia
467 1694 633 1733 autern
661 1682 937 1732 substantia
963 1691 1048 1740 est,
1078 1681 1129 1730 id
1157 1691 1230 1729 est
1255 1682 1524 1744 proprium,
1553 1698 1681 1743 quae
1711 1679 1884 1728 ceteris
1912 1677 2071 1726 subia-

314 1777 391 1816 cet
414 1786 427 1827 3
462 1766 649 1828 reliqua
676 1782 856 1813 novem
882 1762 1161 1812 accidentia
1187 1772 1312 1811 sunt.
1389 1762 1674 1811 Substantia
1698 1770 1863 1810 autem
1891 1760 2071 1810 dicitur

314 1852 378 1899 ab
416 1867 495 1910 eo,
534 1850 671 1912 quod
709 1846 870 1895 omnis
904 1863 979 1894 res
1012 1847 1076 1894 ad
1110 1862 1162 1894 se
1196 1845 1355 1908 ipsam
1389 1844 1626 1893 subsistit.
1702 1845 1896 1907 Corpus
1936 1841 2068 1891 enim
2094 1855 2146 1883 20

240 1946 294 1982 12
317 1931 552 1991 subsistit,
581 1939 630 1979 et
662 1931 778 1979 ideo
811 1927 1088 1977 substantia
1121 1936 1207 1976 est.
1285 1928 1376 1975 Illa
1408 1943 1524 1975 vero
1549 1924 1838 1985 accidentia,
1868 1940 1996 1987 quae
2021 1923 2072 1970 in

317 2013 617 2064 subsistente
643 2021 791 2075 atque
818 2010 1044 2059 subiecto
1065 2019 1192 2068 sunt,
1222 2008 1527 2057 substantiae
1553 2025 1655 2056 non
1674 2016 1801 2067 sunt,
1829 2006 1944 2070 quia
1969 2022 2071 2053 non

241 2115 295 2161 13
318 2096 606 2154 subsistunt,
635 2095 723 2143 sed
750 2101 1033 2152 mutantur3
1071 2091 1197 2140 sicut
1223 2093 1359 2140 color
1389 2093 1466 2139 vel
1493 2093 1661 2138 forma.
1737 2091 1816 2138 De
1847 2088 2071 2137 subiecto

317 2188 484 2228 autem
524 2186 572 2226 et
610 2178 659 2223 in
698 2174 923 2223 subiecto
967 2173 1107 2237 quasi
1146 2175 1210 2222 de
1252 2173 1360 2236 ipso
1404 2183 1451 2221 et
1490 2172 1541 2220 in
1583 2171 1707 2235 ipso.
1796 2170 1896 2219 Vbi
1938 2169 2071 2218 enim

317 2260 498 2310 dicitur
528 2260 590 2307 de
625 2256 864 2316 subiecto,
889 2254 1166 2303 substantia
1191 2263 1277 2313 est,
1307 2253 1448 2317 quasi
1473 2252 1664 2301 dicatur
1690 2254 1753 2300 de
1780 2250 2067 2300 substantia.
2097 2265 2145 2305 25

317 2342 418 2390 Vbi
455 2350 622 2389 autem
660 2338 839 2387 dicitur
881 2339 931 2385 in
971 2336 1209 2396 subiecto,
1248 2334 1526 2384 accidentia
1563 2343 1689 2393 sunt,
1730 2333 1781 2382 id
1818 2343 1908 2395 est,
1945 2349 2071 2395 quae

317 2424 552 2473 accidunt
586 2422 635 2469 in
672 2419 979 2479 substantia,
1015 2428 1069 2467 ut
1103 2417 1366 2481 quantitas,
1394 2416 1618 2481 qualitas,
1645 2417 1723 2464 vel
1754 2417 1918 2478 figura.
1994 2417 2072 2462 De

319 2505 545 2555 subiecto
578 2503 723 2567 igitur
752 2519 932 2565 genera
966 2510 1014 2550 et
1048 2502 1256 2564 species,
1290 2499 1341 2547 in
1375 2499 1599 2548 subiecto
1632 2496 1909 2547 accidentia
1942 2506 2070 2545 sunt.

380 2649 396 2674 1
431 2648 506 2674 sex
538 2639 680 2683 partes
704 2632 741 2669 T
956 2645 982 2681 3
1011 2644 1089 2670 sex
1120 2644 1203 2669 om.
1239 2630 1285 2668 K
1474 2629 1516 2667 id
1552 2634 1617 2667 est
1638 2657 1647 2666 .
1672 2656 1681 2666 .
1707 2656 1716 2666 .
1742 2628 1869 2666 situm
1900 2632 1944 2666 ut
1975 2627 2069 2666 hah.

328 2692 386 2731 T:
416 2704 502 2730 om.
522 2686 693 2726 ABCK
812 2699 837 2734 4
868 2691 1037 2735 tempus
1062 2717 1071 2725 .
1094 2715 1104 2725 .
1127 2716 1136 2725 .
1165 2684 1292 2724 hodie
1313 2697 1396 2722 om.
1419 2683 1466 2721 K
1587 2683 1716 2721 hodie
1737 2682 1798 2720 eri
1821 2681 1883 2720 C:
1913 2681 2010 2721 odie
2031 2688 2072 2720 et

321 2747 383 2786 eri
408 2744 445 2783 T
549 2743 574 2780 8
604 2756 628 2780 a
648 2741 894 2780 doctoribus
914 2740 1105 2779 ABCT:
1134 2740 1186 2778 ab
1206 2738 1448 2778 auctoribus
1469 2738 1515 2775 K
1626 2750 1687 2788 10,
1710 2748 1755 2774 11
1788 2736 1987 2786 quoniam
2005 2765 2014 2775 .
2035 2768 2044 2776 .
2060 2768 2069 2777 .

320 2801 519 2852 quoniam
558 2795 702 2835 BCT:
763 2797 964 2845 quoniam
995 2825 1005 2834 .
1038 2826 1047 2836 .
1080 2825 1089 2834 .
1122 2794 1290 2844 quando
1330 2793 1403 2831 K:
1452 2793 1620 2842 quando
1655 2821 1664 2832 .
1706 2821 1714 2831 .
1750 2821 1759 2831 .
1793 2791 1993 2840 quoniam
2026 2790 2069 2828 A

324 2870 372 2895 12
402 2849 576 2902 novem]
595 2851 714 2890 vocis
735 2849 781 2888 K
959 2863 1008 2899 13
1038 2850 1080 2888 in
1102 2862 1184 2889 om.
1215 2848 1252 2887 T
1373 2847 1466 2897 ipsa
1487 2847 1618 2886 subst.
1639 2859 1800 2896 genera
1815 2845 1862 2883 K
2024 2856 2072 2894 14

320 2912 374 2951 ad
395 2923 480 2948 om.
503 2908 549 2946 K
684 2905 931 2944 alterutrum
953 2904 1046 2942 ΑΚ
1059 2918 1068 2942 2
1097 2903 1277 2942 alterum
1297 2901 1377 2940 BC
1382 2902 1420 2941 T
1600 2903 1649 2939 16
1678 2901 1812 2940 Plena
1834 2931 1843 2940 .
1868 2931 1876 2940 .
1897 2929 1907 2939 .
1931 2900 1987 2938 ita
2008 2905 2074 2938 est

321 2979 402 3004 om.
425 2964 471 3003 K
487 2978 496 3002 ε
525 2960 621 3000 add.
647 2961 690 2999 in
711 2973 845 3011 marg.
871 2958 913 2996 A
935 2973 945 2998 ι
974 2958 1064 2998 hab.
1086 2957 1165 2996 BC
1171 2957 1251 2997 TU
1398 2969 1445 3006 17
1476 2957 1647 2995 inflatus
1674 2955 1712 2995 T
1865 2954 1913 2992 18
1943 2952 1985 2992 id
2007 2960 2072 2992 est

321 3034 404 3059 om.
436 3018 507 3057 K:
546 3017 588 3054 id
620 3021 662 3054 et
694 3013 745 3053 C¹
887 3014 1103 3052 subiaceat
1132 3012 1199 3051 K:
1241 3011 1462 3051 subiacent
1493 3010 1548 3050 C1
1731 3022 1787 3048 20
1823 3009 1877 3058 ad
1905 3008 1998 3058 ipsa
2027 3009 2072 3047 K

323 3087 440 3124 corp.
475 3085 542 3111 en.
577 3070 690 3110 subs.
729 3082 812 3108 om.
851 3067 897 3106 K
1096 3080 1148 3106 22
1188 3066 1378 3106 subiecta
1414 3065 1462 3104 K
1598 3065 1695 3114 quia
1734 3062 1840 3115 non]
1881 3075 1990 3112 quae
2027 3062 2075 3101 K

322 3141 372 3178 25
401 3125 663 3167 substantiae
679 3124 796 3174 quasi
814 3122 860 3161 K
967 3135 1016 3172 27
1049 3128 1091 3161 et
1111 3126 1256 3172 quant.
1279 3126 1321 3159 et
1341 3119 1452 3170 qual.
1471 3119 1519 3158 K
1625 3121 1678 3158 28
1703 3115 1852 3168 igitur]
1875 3122 2016 3156 autem
2037 3117 2076 3156 T
