2176 3424
1110 130 1383 178 ISIDORI

371 262 505 310 unde
535 272 583 310 et
616 260 915 310 coenobium
950 261 1278 324 congregatio.
1352 260 1559 324 Antiqui
1593 260 1725 310 enim
1759 260 1956 323 publice
1986 270 2034 310 et
2066 261 2117 310 in

367 360 635 392 commune
660 342 940 402 vescebant,
967 358 1060 392 nec
1084 341 1229 391 ullius
1259 341 1540 391 convivium
1567 341 1810 405 singulare
1835 351 1951 402 erat,
1978 359 2042 391 ne
2066 341 2116 390 in

314 431 343 476 8
367 427 565 474 occulto
609 424 814 474 deliciae
856 424 1095 473 luxuriam
1137 426 1406 488 gignerent.
1497 423 1789 473 Triclinium
1832 434 1906 474 est
1945 441 2116 473 coena-

367 509 549 567 culum,
577 525 606 556 a
631 506 785 556 tribus
811 502 1002 555 lectulis
1028 506 1448 555 discumbentium
1476 505 1680 555 dictum.
1755 508 1905 569 Apud
1930 515 2116 555 veteres

367 589 499 638 enirn
534 589 585 637 in
614 591 741 650 loco,
769 589 855 638 ubi
893 587 1105 638 convivii
1133 598 1394 652 apparatus
1425 589 1778 651 exponebatur,
1817 597 1911 636 tres
1949 586 2116 636 lectuli
2141 608 2160 646 5

367 673 501 719 strati
527 681 677 732 erant,
706 670 756 718 in
782 670 962 733 quibus
989 671 1359 720 discumbentes
1386 671 1728 733 epulabantur.
1804 671 1957 733 Κλίνη
1984 669 2115 719 enim

367 755 556 804 Graece
590 755 747 802 lectus
783 754 860 800 vel
892 752 1155 801 adcubitus
1186 751 1378 812 dicitur,
1415 769 1473 800 ex
1506 769 1605 814 quo
1640 753 1925 800 confectum
1960 761 2034 800 est
2065 760 2117 800 ut

308 848 342 894 9
366 834 631 884 triclinium
669 835 924 884 diceretur.
999 834 1140 885 Cella
1176 836 1308 883 dicta
1345 835 1481 896 quod
1519 850 1609 882 nos
1648 835 1865 882 occultat
1895 843 1942 882 et
1975 835 2115 882 celat.

367 916 668 968 Cubiculum
695 933 823 975 vero,
852 918 989 980 quod
1026 933 1086 966 eo
1120 915 1361 964 cubamus
1391 915 1560 978 ibique
1595 916 1899 964 dormientes
1930 914 2116 978 requie-

366 998 561 1048 scimus.
653 997 832 1049 Cubile
875 1008 1041 1046 autem
1085 997 1303 1047 cubandi
1339 1000 1477 1046 locus
1515 1006 1602 1046 est.
1691 1000 1938 1057 SecessuS‚
1979 998 2115 1060 quod

282 1095 339 1130 10
365 1082 426 1129 sit
451 1082 590 1129 locus
616 1089 846 1139 secretus,
875 1079 925 1129 id
952 1090 1024 1129 est
1050 1079 1155 1129 sine
1179 1096 1397 1128 accessu.
1473 1079 1811 1129 Diversorium
1838 1079 2029 1128 dictum
2055 1096 2114 1128 eo

364 1164 501 1226 quod
519 1180 576 1212 ex
593 1162 796 1212 diversis
817 1161 906 1210 viis
922 1161 990 1210 ibi
1008 1163 1343 1211 conveniatur.
1397 1160 1690 1225 Hospitium
1712 1178 1874 1210 sermo
1895 1163 2114 1210 Graecus

364 1255 448 1305 est,
479 1245 565 1294 ubi
591 1245 699 1308 quis
724 1246 788 1294 ad
814 1254 1010 1308 tempus
1047 1243 1278 1307 hospitali
1303 1243 1406 1292 iure
1440 1242 1693 1303 inhabitat,
1724 1252 1771 1291 et
1797 1242 1972 1292 iterum
1998 1244 2114 1292 inde

364 1326 604 1375 transiens
645 1326 831 1390 migrat.
909 1327 1036 1375 Inde
1067 1336 1114 1375 et
1145 1335 1400 1384 metatum,
1434 1324 1548 1388 quia
1582 1334 1809 1374 mutatur.
1884 1326 2032 1374 Vnde
2066 1335 2113 1374 et

364 1408 570 1472 legitur:
612 1413 796 1458 ‘castra
829 1407 999 1458 metati
1034 1409 1178 1467 sunt,'
1204 1424 1292 1470 pro
1313 1416 1671 1467 mutaverunt,
1708 1424 1809 1456 non
1846 1407 1976 1455 enim
2016 1406 2113 1454 illic

292 1516 338 1550 11
362 1500 618 1554 permanet
653 1490 905 1549 exercitus,
936 1491 1024 1539 sed
1064 1486 1384 1556 [per]transit.
1461 1488 1695 1537 Moenius
1732 1491 1919 1552 collega
1949 1487 2113 1539 Crassi

360 1571 410 1620 in
449 1574 555 1621 foro
591 1571 797 1636 proiecit
835 1571 1074 1630 materias,
1103 1581 1156 1620 ut
1193 1581 1356 1620 essent
1395 1572 1504 1619 loca
1533 1570 1583 1618 in
1621 1570 1803 1634 quibus
1834 1579 2111 1634 spectantes

359 1653 651 1715 insisterent,
698 1671 826 1718 quae
872 1671 930 1702 ex
980 1654 1182 1702 nomine
1232 1652 1335 1702 eius
1380 1652 1652 1701 Moeniana
1696 1654 1941 1716 appellata
1980 1661 2106 1701 sunt.

360 1738 502 1786 Haec
538 1747 586 1786 et
624 1736 813 1796 solaria,
847 1736 962 1799 quia
998 1745 1169 1799 patent
1206 1734 1311 1783 soli.
1386 1737 1506 1783 Post
1542 1736 1664 1783 haec
1700 1734 1782 1783 alii
1818 1733 1995 1797 lapide,
2029 1733 2110 1782 alii

360 1818 562 1868 materia
586 1818 909 1868 aedificavere
928 1817 1201 1881 porticibus
1228 1816 1506 1875 moeniana,
1526 1825 1574 1865 et
1599 1816 1785 1865 foribus
1812 1825 1860 1866 et
1876 1815 2109 1865 domibus

281 1915 335 1949 12
359 1900 658 1950 adiecerunt.
709 1900 955 1949 Tabulata
976 1898 1095 1947 olim
1115 1900 1305 1962 ligneae
1325 1899 1505 1946 domus
1527 1898 1724 1946 fiebant.
1778 1900 1905 1947 Inde
1924 1915 2109 1948 nomen

357 1992 613 2045 permanet
637 1982 985 2031 tabulatorum.
1060 1983 1363 2044 Hypogeum
1390 1989 1463 2028 est
1489 1989 1827 2028 constructum
1853 1980 1946 2028 sub
1971 1981 2107 2029 terris

353 2064 650 2126 aedificium,
670 2066 807 2128 quod
827 2081 918 2112 nos
943 2072 1138 2112 antrum
1165 2064 1242 2111 vel
1262 2063 1551 2125 speluncam
1571 2061 1796 2111 dicimus.
1848 2062 2104 2123 Solarium,

354 2149 489 2210 quod
517 2147 606 2196 soli
645 2156 692 2195 et
717 2146 845 2194 auris
876 2154 1056 2209 pateat,
1085 2143 1242 2207 qualis
1274 2143 1364 2191 fuit
1390 2145 1528 2192 locus
1555 2143 1605 2192 in
1631 2161 1732 2207 quo
1768 2144 1930 2193 David
1961 2146 2105 2194 Beth·

412 2291 429 2315 1
463 2277 731 2327 congrecatio
754 2275 800 2314 K
968 2289 992 2313 2
1022 2276 1303 2314 vescebantur
1327 2272 1404 2312 CK
1511 2273 1608 2312 ullis
1633 2274 1683 2312 Cl
1814 2287 1868 2313 ne
1889 2288 1937 2312 ex
1956 2288 2042 2314 non
2062 2275 2103 2314 Β

352 2346 376 2381 3
409 2333 595 2371 luxoriae
616 2332 662 2369 K
768 2343 792 2380 5
824 2331 936 2370 enim
957 2344 1038 2370 om.
1067 2329 1105 2367 T
1209 2329 1277 2367 ubi
1298 2342 1380 2368 om.
1404 2327 1451 2366 K
1558 2331 1584 2366 6
1614 2329 1755 2367 clinon
1769 2327 1915 2368 BCT:
1946 2329 2101 2369 clinion

352 2386 398 2423 K
603 2401 624 2437 7
655 2387 810 2425 lectum
831 2385 918 2423 ΒΚ
923 2385 960 2423 T
975 2400 984 2424 :
1015 2399 1097 2424 om.
1123 2385 1171 2423 Cl
1323 2383 1569 2422 adacubitus
1593 2383 1672 2423 C1:
1702 2383 1938 2422 accubitum
1964 2385 2099 2435 (adc-)

351 2440 438 2479 ΒΚ
444 2440 482 2479 Τ
632 2443 657 2479 8
688 2441 820 2492 quod]
842 2454 948 2490 quae
968 2440 1009 2478 B
1139 2440 1248 2478 celet
1267 2438 1314 2476 K
1467 2451 1494 2487 9
1524 2438 1620 2487 quia
1639 2438 1683 2476 in
1703 2451 1754 2476 eo
1775 2437 1817 2475 Β
1938 2438 2098 2490 ibique]

349 2502 474 2546 atque
495 2495 541 2533 K
561 2497 662 2548 (non
681 2495 847 2534 Monac.
859 2496 999 2546 frag.)
1128 2507 1154 2543 9
1182 2493 1498 2543 requiescamus
1520 2492 1599 2532 CT
1716 2506 1766 2531 10
1794 2493 1983 2532 cubicule
2003 2493 2108 2532 B1T

349 2551 436 2602 au.]
456 2564 557 2590 vero
578 2551 741 2591 Monac.
749 2551 868 2601 frag.
1027 2563 1074 2588 12
1107 2563 1161 2587 ex
1179 2562 1263 2588 om.
1289 2548 1339 2586 C1
1461 2548 1767 2586 conveniantur
1793 2546 1832 2585 T
1999 2561 2046 2598 13
2075 2563 2100 2588 a

349 2613 476 2655 temp.
500 2604 547 2642 K
712 2619 759 2654 14
790 2618 855 2654 qu.
878 2609 1064 2643 metatur
1085 2603 1137 2642 Cl
1272 2616 1343 2641 un.
1367 2607 1410 2640 et
1429 2602 1513 2652 leg.
1543 2601 1598 2642 T:
1631 2615 1702 2641 un.
1724 2603 1805 2651 leg.
1830 2609 1872 2640 et
1893 2602 1996 2641 BC:
2027 2617 2098 2643 un.

348 2661 432 2710 leg.
455 2659 501 2697 K
679 2663 727 2698 16
757 2659 983 2709 pertransit
1003 2657 1084 2696 BC
1088 2657 1126 2695 T
1141 2674 1150 2697 ε
1179 2657 1331 2696 transit
1353 2656 1482 2695 KNO
1636 2657 1886 2695 Moenianus
1904 2656 2099 2696 BCDFO

348 2714 499 2754 PTU:
531 2714 759 2753 Menianus
779 2713 871 2752 KN
1012 2714 1151 2762 grassi
1171 2711 1297 2751 KOP
1481 2724 1527 2759 17
1558 2711 1733 2750 materia
1753 2709 1905 2750 KOP:
1934 2713 2035 2750 ·iam
2054 2712 2102 2750 N

2143 1014 2176 1042 I<

2143 1424 2175 1464 ιε

2135 1832 2171 1860 2<

348 2774 452 2820 (non
490 2768 630 2818 DFU)
809 2782 869 2808 es.
910 2769 951 2806 in
992 2769 1044 2806 lo.
1086 2769 1128 2806 in
1166 2764 1337 2804 KNOP
1374 2765 1474 2815 (non
1512 2764 1658 2817 DFU)
1818 2770 2095 2814 expectantes
2162 2792 2165 2793 ν

349 2825 510 2876 (exsp-)
535 2823 615 2862 CK
622 2823 658 2861 T
778 2825 826 2861 18
854 2823 1086 2862 insiderent
1106 2821 1233 2860 KOP
1250 2835 1259 2859 :
1289 2826 1401 2858 -rant
1420 2820 1467 2858 N
1481 2819 1587 2870 (non
1604 2819 1691 2858 DF
1690 2819 1732 2858 U
1735 2825 1746 2866 )
1856 2819 2094 2860 nomineius

346 2879 385 2917 Β
523 2878 719 2917 meniana
739 2876 786 2915 K
799 2892 809 2917 ε
840 2877 1034 2916 moniana
1057 2876 1140 2915 ΟΡ
1330 2888 1380 2924 19
1410 2875 1514 2914 haec
1536 2880 1601 2914 est
1619 2873 1747 2912 BDF
1749 2872 1787 2911 T
1787 2871 1849 2924 (T
1850 2873 1865 2898 1
1880 2873 1963 2924 ὈΠ
1975 2888 1984 2913 :
2013 2874 2094 2915 hoc
2169 2895 2172 2898 ·

346 2940 412 2973 est
431 2932 604 2973 KNOP
755 2934 797 2972 h.
821 2933 902 2972 alia
921 2932 991 2971 alii
1010 2930 1139 2971 KOP
1157 2931 1259 2982 (non
1277 2928 1408 2968 NDF
1407 2929 1465 2981 U)
1650 2941 1704 2967 20
1732 2927 1957 2967 aedificare
1978 2928 2094 2980 (ed-)

344 2989 426 3027 BF
430 2988 468 3026 T
601 2987 796 3027 meniana
815 2986 861 3024 K
877 3001 886 3025 ε
917 2986 1083 3026 moenia
1104 2986 1155 3026 Cl
1329 2997 1378 3023 21
1410 2984 1656 3023 adiacerunt
1684 2982 1744 3022 T:
1773 2983 2020 3023 adiecerant
2041 2984 2093 3024 Cl

345 3043 555 3082 Tabulate
593 3043 638 3094 (i.
652 3056 684 3082 e.
725 3042 835 3086 -taeB
882 3040 919 3078 T
1096 3053 1148 3079 22
1196 3051 1328 3090 perm.
1362 3045 1404 3078 et
1434 3039 1515 3078 tab.
1548 3037 1594 3075 K
1726 3037 1948 3086 Apogeum
1976 3038 2090 3078 codd.
2160 3074 2176 3095 ἲ

345 3111 396 3147 24
427 3099 514 3138 auri
537 3097 603 3137 B:
633 3109 760 3136 aurae
780 3097 826 3135 K

2111 3143 2176 3424 l
