2176 3424
1078 106 1352 155 ISIDORI

258 242 319 289 61
341 252 540 299 veprem
573 236 820 296 dicebant,
849 238 986 299 quod
1021 236 1067 284 vi
1099 238 1321 299 prendat.
1395 238 1619 287 Oleaster
1656 239 1816 289 dictus
1853 243 1989 304 quod
2027 243 2087 292 sit

340 317 467 366 foliis
484 319 641 367 olivae
661 317 902 367 similibus
920 319 1007 367 sed
1024 317 1292 380 latioribus,
1311 319 1457 368 arbor
1473 320 1655 369 inculta
1670 331 1819 385 atque
1839 322 2085 386 silvestris,

337 416 502 449 amara
526 409 675 463 atque
699 399 1004 448 infructuosa
1022 418 1035 460 3
1073 399 1151 448 cui
1187 399 1397 450 insertus
1432 400 1589 451 olivae
1614 419 1777 453 ramus
1802 403 1902 453 vim
1927 416 2085 457 mutat

337 481 512 531 radicis
538 491 586 531 et
611 481 752 531 vertit
779 499 886 530 eam
914 481 964 529 in
990 481 1238 545 propriam
1264 482 1565 545 qualitatem.
1638 484 1863 534 Lacrima
1888 488 2083 536 oleastri

336 564 522 613 arboris
548 565 745 627 duplex.
817 563 929 611 Alia
953 563 1086 611 enim
1121 563 1310 626 gummi
1340 566 1536 614 simulat
1561 565 1666 615 sine
1699 568 1800 615 ullo
1838 568 2084 631 qualitatis
2107 585 2130 626 5

337 662 516 706 morsu,
558 645 652 694 alia
693 645 991 694 ammoniaci
1029 654 1217 708 guttam
1259 662 1318 694 ex
1355 647 1686 697 destillatione
1727 651 1985 698 collectam
2024 669 2082 700 ac

244 738 314 786 62
337 729 715 778 remordentem.
788 727 933 777 Oliva
958 728 1146 777 Graece
1171 731 1329 778 ἔλαιον
1353 728 1542 789 dicitur,
1566 747 1623 779 ex
1649 749 1748 794 quo
1775 734 1823 780 in
1851 733 2081 783 Latinum

338 819 548 859 tractum
574 820 646 860 est
672 819 725 859 ut
750 809 878 859 oliva
903 809 1104 859 dicatur.
1157 812 1281 860 Olea
1299 822 1464 861 autem
1486 812 1591 876 ipsa
1609 814 1754 863 arbor
1773 824 1872 872 est3
1897 818 2082 866 fructus

339 893 496 955 oliva3
545 910 691 942 sucus
733 894 912 942 oleum.
989 895 1078 941 Est
1118 902 1284 942 autem
1325 894 1469 943 arbor
1507 895 1640 958 pacis
1683 895 1899 961 insignis,
1943 901 2082 949 cuius

244 979 313 1038 63
337 978 522 1024 fructus
547 975 750 1024 diversis
775 974 1062 1024 nominibus
1086 978 1372 1038 appellatur.
1428 978 1682 1028 Orchades
1708 979 1865 1029 olivae
1892 982 2080 1032 Graeca
2108 1007 2158 1036 10

335 1060 632 1122 etymologia
672 1076 701 1107 a
742 1057 1064 1107 similitudine
1106 1060 1443 1108 testiculorum
1482 1070 1699 1120 vocatae,
1739 1078 1864 1124 quos
1903 1064 2079 1113 Graeci

240 1140 310 1201 64
334 1142 485 1206 ὄρχεις
508 1149 700 1189 vocant.
755 1139 996 1188 Radiolae
1022 1156 1110 1202 pro
1135 1157 1195 1189 eo
1221 1142 1358 1203 quod
1383 1140 1628 1205 oblongae
1654 1153 1767 1192 sunt
1794 1145 1843 1191 in
1869 1147 2075 1196 modum

331 1223 594 1272 radiorum.
670 1221 887 1286 Paphiae
911 1238 940 1270 a
965 1224 1138 1285 Papho
1169 1221 1327 1271 insula
1353 1222 1527 1283 dictae,
1557 1226 1691 1273 unde
1727 1225 1858 1288 prius
1884 1229 2076 1278 adlatae

237 1307 306 1365 65
330 1314 458 1353 sunt.
532 1305 778 1367 Lyciniae,
820 1321 880 1353 eo
915 1306 1054 1367 quod
1091 1304 1334 1367 optimum
1375 1306 1495 1354 dent
1531 1307 1699 1355 lumen
1718 1325 1730 1367 3
1766 1324 1881 1356 narn
1917 1311 2079 1374 λυχνίς

328 1389 498 1436 lumen
534 1396 624 1436 est.
695 1388 843 1436 Vnde
880 1395 928 1436 et
963 1386 1150 1450 lignum
1188 1403 1374 1436 nomen
1408 1389 1611 1451 accepit,
1648 1388 1762 1451 quia
1798 1399 1967 1452 aptum
2005 1401 2078 1440 est
2105 1416 2153 1458 15

231 1472 302 1519 66
329 1469 540 1518 flammis
574 1479 622 1518 et
659 1469 944 1517 luminibus.
1018 1468 1210 1529 Pausia,
1244 1486 1393 1532 quam
1427 1479 1655 1533 corrupte
1685 1470 1851 1520 rustici
1885 1472 2074 1535 pusiam

329 1561 521 1611 vocant,
544 1550 686 1600 viridi
711 1553 823 1599 oleo
849 1560 897 1599 et
923 1550 1058 1599 suavi
1084 1560 1212 1613 apta.
1265 1552 1326 1600 Et
1347 1550 1478 1600 dicta
1498 1552 1668 1614 pausia
1684 1555 1819 1616 quod
1840 1554 2073 1616 paviatur,

237 1635 303 1695 67
329 1634 378 1682 id
405 1643 477 1682 est
502 1634 738 1682 tundatur
759 1651 772 1692 3
796 1633 930 1681 unde
956 1641 1004 1681 et
1030 1632 1380 1695 pavimentum.
1430 1634 1566 1697 Syria
1584 1634 1717 1683 dicta
1742 1652 1830 1698 pro
1855 1653 1915 1685 eo
1940 1638 2076 1700 quod

327 1717 391 1764 de
428 1714 565 1778 Syria
601 1725 672 1764 est
708 1716 885 1774 adlata,
924 1714 1025 1764 sive
1062 1714 1177 1777 quia
1212 1715 1347 1779 nigra
1384 1725 1469 1765 est.
1544 1718 1825 1766 Crustumia
1861 1717 1993 1767 idem
2027 1728 2075 1768 et

326 1799 532 1846 volemis
570 1797 715 1856 dicta,
757 1814 816 1846 eo
852 1799 989 1859 quod
1026 1799 1188 1846 volam
1222 1800 1451 1861 conpleat
1484 1800 1836 1862 magnitudine,
1871 1801 1966 1849 hoc
2003 1810 2075 1849 est
2102 1825 2152 1852 20

328 1879 544 1928 mediam
580 1896 783 1927 manum
803 1897 814 1939 3
850 1880 984 1927 unde
1016 1887 1065 1927 et
1100 1879 1318 1928 involare
1354 1879 1579 1928 dicimus.
1653 1881 1871 1942 Quidam
1908 1891 2073 1932 autem

328 1962 579 2009 volemum
597 1960 787 2010 Gallica
805 1959 971 2023 lingua
987 1961 1176 2009 bonum
1202 1970 1250 2009 et
1270 1978 1502 2024 magnum
1524 1961 1827 2025 intellegunt.
1879 1963 2076 2026 Colym-

234 2048 304 2095 68
328 2042 483 2091 bades
507 2044 781 2106 appellatae
803 2080 813 2091 .
839 2081 848 2090 .
872 2082 882 2092 .
943 2043 1125 2092 Oleum
1150 2052 1316 2092 autem
1341 2043 1404 2092 ab
1430 2045 1539 2092 olea
1564 2043 1873 2093 nominatum
1895 2064 1904 2093 ε
1941 2062 2070 2106 nam,

328 2133 381 2172 ut
414 2124 626 2173 diximus
652 2124 775 2189 (62),
805 2126 913 2172 olea
937 2133 1011 2173 est
1040 2125 1197 2185 arbor,
1227 2126 1361 2173 unde
1386 2126 1623 2174 derivatio
1648 2127 1702 2174 fit
1725 2127 1904 2175 oleum.
1974 2129 2071 2177 Sed

326 2207 463 2269 quod
479 2223 538 2255 ex
553 2206 677 2255 albis
693 2205 836 2255 fuerit
855 2207 994 2255 olivis
1011 2223 1294 2269 expressum
1311 2215 1512 2255 vocatur
1524 2208 1821 2270 Hispanum,
1833 2225 1861 2257 a
1873 2209 2073 2258 Graecis
2099 2234 2148 2275 25

328 2285 560 2347 ὀμφάκιον
583 2286 884 2348 appellatum
904 2302 916 2345 3
941 2286 1078 2348 quod
1103 2293 1268 2333 autem
1295 2300 1354 2334 ex
1377 2284 1520 2334 fulvis
1546 2295 1593 2334 et
1619 2287 1844 2335 nondum
1870 2287 2071 2336 maturis

326 2366 470 2414 fuerit
517 2383 815 2429 expressum,
865 2365 1019 2415 viride
1065 2368 1369 2429 appellatur3
1419 2368 1555 2429 quod
1596 2384 1711 2417 vero
1758 2384 1816 2417 ex
1863 2368 2071 2417 nimium

386 2511 403 2536 1
435 2499 647 2548 prendant
666 2497 712 2536 K
728 2512 737 2536 :
769 2499 919 2548 perdat
948 2499 1007 2536 T:
1038 2499 1292 2548 praerendat
1314 2498 1357 2535 D
1466 2511 1490 2535 2
1519 2498 1628 2537 olive
1651 2512 1749 2539 corr.
1769 2499 1902 2539 olives
1922 2505 1970 2538 ut
1989 2500 2068 2540 vid.

326 2553 370 2591 D
481 2566 506 2603 3
536 2552 623 2604 cui]
645 2553 766 2591 cuius
785 2552 874 2590 DT
979 2559 1108 2591 matat
1127 2553 1170 2591 D
1188 2558 1283 2592 ante
1300 2566 1399 2592 corr.
1510 2565 1535 2602 5
1565 2553 1633 2591 alii
1654 2553 1698 2590 D
1806 2567 1960 2603 gumen
1987 2554 2076 2593 DT

326 2610 353 2646 6
381 2607 504 2647 aliam
525 2621 647 2648 amm.
678 2606 716 2645 T
846 2613 951 2656 gutt.
973 2607 1243 2646 stillationem
1265 2607 1311 2646 K
1471 2620 1492 2656 7
1522 2607 1604 2659 ὲλ.]
1626 2608 1750 2647 eleon
1772 2609 1878 2646 DT:
1910 2609 2005 2648 elon
2025 2609 2072 2647 K

327 2662 370 2700 in
392 2676 477 2701 om.
496 2662 542 2701 K
731 2675 758 2712 9
788 2661 863 2701 Est
884 2692 894 2701 .
914 2692 923 2701 .
951 2694 959 2702 .
983 2662 1108 2712 insig.
1129 2675 1210 2702 om.
1242 2662 1279 2700 T
1423 2662 1564 2711 ingnis
1583 2661 1644 2700 D1
1818 2677 1868 2703 10
1895 2664 2006 2703 oliva
2036 2663 2063 2701 1

332 2730 375 2755 11
409 2717 521 2767 quod
541 2716 588 2756 K
725 2730 772 2755 12
802 2718 927 2766 longe
948 2717 995 2755 K
1146 2729 1193 2766 13
1226 2717 1378 2755 Paviae
1401 2717 1494 2768 (-ie)
1517 2730 1541 2756 a
1562 2730 1671 2768 pavo
1688 2716 1799 2758 codd.
1823 2719 1983 2770 (Pavae
2003 2717 2065 2768 D)

326 2772 464 2812 insule
490 2771 529 2811 T
790 2784 837 2821 14
870 2771 1094 2821 Lighiniae
1114 2771 1180 2812 K:
1213 2771 1413 2810 Licineae
1441 2771 1498 2810 T:
1531 2772 1728 2811 Laciniae
1746 2772 1791 2810 D
2007 2773 2072 2812 vel

325 2826 475 2878 λύχνος
493 2826 555 2867 vel
570 2824 760 2876 λυχνίον]
781 2825 937 2876 lighnis
956 2826 1002 2865 K
1019 2841 1027 2865 :
1056 2826 1182 2876 lignis
1202 2825 1292 2864 DT
1374 2838 1421 2876 15
1450 2827 1521 2876 qui
1542 2840 1609 2877 ap.
1631 2826 1674 2864 D
1761 2829 1811 2866 16
1839 2826 2007 2866 luminis
2021 2827 2066 2866 D

326 2881 513 2933 pusiam]
535 2881 701 2932 pysiam
721 2880 788 2920 K:
821 2880 1011 2929 pausiam
1040 2881 1078 2919 T
1223 2892 1270 2930 17
1300 2887 1507 2931 paveatur
1525 2881 1617 2919 DK
1776 2882 1825 2919 18
1854 2887 1896 2919 et
1915 2894 1998 2922 om.
2020 2882 2067 2920 K

326 2949 380 2975 20
409 2936 576 2976 volimis
600 2937 668 2988 (ex
686 2935 816 2986 -mus)
838 2935 883 2973 K
897 2949 906 2974 τ
935 2935 1114 2974 volomis
1132 2935 1177 2973 D
1298 2935 1627 2985 magnitudinem
1648 2935 1692 2973 D
1841 2948 1889 2974 21
1921 2942 2061 2976 autem
2166 2965 2176 2991 Ξ

325 3004 409 3030 om.
430 2991 477 3030 K
625 3002 676 3029 22
706 2990 903 3028 volimum
924 2990 971 3028 K
1078 2989 1313 3029 Colimbine
1341 2989 1394 3028 T:
1424 2990 1694 3039 Colimpades
1714 2990 1758 3027 D
1913 3003 1965 3040 23
1994 3004 2060 3030 au.
2166 2994 2176 3038 i

325 3051 369 3084 et
387 3046 440 3084 ab
468 3045 505 3084 T
637 3047 689 3084 26
717 3045 855 3095 pulvls
876 3045 920 3082 D
1028 3058 1096 3084 no.
1120 3045 1294 3083 maturis
1314 3044 1405 3084 DK
1418 3060 1427 3084 ε
1458 3058 1525 3085 no.
1547 3044 1715 3083 mitibus
1743 3044 1780 3082 T
