2228 3444
58 619 79 658 5

33 1029 81 1058 10

26 1849 76 1876 20

25 2256 73 2295 20

454 142 1083 191 ETYMOLOGIARVM
1124 144 1251 191 LIB.
1294 145 1443 192 VIII.
1484 162 1513 191 v

107 282 253 335 atque
291 270 548 321 seiunctim
584 272 791 320 alterum
830 269 982 319 filium
1019 271 1128 332 Dei,
1168 273 1375 321 alterurn
1412 273 1627 323 hominis
1663 277 1850 339 praedi·

107 354 246 402 cavit.
305 352 599 417 Eutychiani
618 352 736 402 dicti
755 353 819 402 ab
837 354 1061 416 Eutyche
1078 354 1633 418 Constantinopolitano
1651 357 1845 418 abbate,
1873 353 1941 412 65

106 437 190 498 qui
212 437 461 485 Christum
483 445 594 499 post
612 436 879 484 humanam
899 436 1299 499 adsumptionem
1318 439 1512 500 negavit
1530 439 1766 488 adsistere
1786 442 1849 489 de

106 518 298 566 duabus
323 516 521 576 naturis,
543 519 630 566 sed
657 519 811 566 solam
838 516 887 565 in
913 534 973 565 eo
993 516 1210 566 divinam
1235 518 1451 568 adseruit
1477 536 1582 569 esse
1607 530 1846 569 naturam.

106 600 344 662 Acephali
381 598 515 659 dicti,
554 600 604 647 id
642 608 715 648 est
751 599 855 647 sine
897 598 1058 662 capite
1101 616 1249 662 quem
1288 611 1561 664 sequuntur
1598 603 1844 652 haeretici.
1871 603 1944 650 66

108 682 284 729 Nullus
321 681 452 729 enim
490 698 658 729 eorum
696 680 931 744 reperitur
967 691 1151 741 auctor,
1186 699 1215 730 a
1247 698 1347 745 quo
1384 683 1537 731 exorti
1574 694 1701 733 sunt.
1778 685 1848 732 Hi

104 762 250 811 trium
286 763 767 813 Chalcedonensium
806 762 1132 826 capitulorum
1170 763 1518 827 inpugnatores
1552 767 1760 814 duarum
1798 767 1849 814 in

105 844 304 894 Christo
341 843 720 892 substantiarum
758 844 1106 908 proprietatem
1149 855 1344 908 negant,
1385 855 1432 894 et
1469 864 1618 896 unam
1656 847 1706 896 in
1743 848 1847 897 eius

104 942 310 988 persona
335 935 558 974 naturam
583 926 883 989 praedicant.
956 926 1294 975 Theodosiani
1328 937 1376 976 et
1402 928 1660 979 Gaianitae
1685 933 1847 994 appel-
1871 933 1937 990 67

103 1008 186 1056 lati
211 1025 238 1056 a
263 1007 550 1057 Theodosio
577 1018 624 1057 et
650 1008 857 1067 Gaian0‚
885 1008 967 1071 qui
994 1008 1300 1072 temporibus
1329 1010 1589 1060 Iustiniani
1613 1012 1846 1076 principis

104 1089 152 1137 in
185 1091 482 1138 Alexandria
514 1089 685 1153 populi
715 1090 927 1152 perversi
961 1092 1203 1141 electione
1237 1109 1337 1141 uno
1372 1092 1452 1142 die
1489 1104 1602 1143 sunt
1635 1095 1846 1145 ordinati

103 1170 334 1234 episcopi.
393 1171 464 1219 Hi
490 1188 673 1221 errores
696 1172 931 1235 Eutychis
958 1183 1005 1222 et
1028 1173 1256 1223 Dioscori
1277 1185 1542 1237 sequentes
1569 1178 1843 1227 Chalcedo-

102 1269 253 1301 nense
273 1253 537 1302 concilium
563 1264 797 1318 respuunt
816 1272 824 1302 z
864 1272 921 1303 ex
940 1255 1133 1304 duabus
1155 1274 1303 1305 unam
1331 1257 1379 1306 in
1401 1257 1601 1308 Christo
1620 1269 1843 1310 naturam

99 1336 343 1394 adserunt,
373 1352 521 1398 quam
547 1336 885 1385 Theodosiani
912 1347 1206 1400 corruptam,
1230 1325 1487 1389 Gaianitae
1514 1340 1842 1406 incorruptam

100 1418 421 1466 contendunt.
475 1418 721 1481 Agnoitae
740 1428 787 1467 et
807 1418 1077 1468 Tritheitae
1098 1437 1127 1468 a
1141 1422 1507 1471 Theodosianis
1529 1424 1682 1473 exorti
1701 1434 1814 1474 sunt
1832 1445 1844 1487 3
1869 1425 1936 1473 68

99 1514 156 1546 ex
181 1498 360 1561 quibus
387 1500 630 1563 Agnoitae
663 1501 727 1550 ab
753 1500 1028 1564 ignorantia
1051 1502 1183 1562 dicti,
1212 1503 1327 1565 quia
1351 1506 1667 1567 perversitati,
1693 1524 1723 1555 a
1748 1524 1845 1570 qua

99 1583 250 1629 exorti
288 1591 414 1641 sunt,
448 1582 498 1631 id
530 1582 764 1642 adiciunt,
798 1586 934 1646 quod
965 1583 1147 1633 Christi
1181 1584 1409 1634 divinitas
1446 1588 1634 1650 ignoret
1668 1590 1842 1650 futura,

100 1677 226 1723 quae
262 1673 373 1712 sunt
410 1664 587 1727 scripta
619 1666 682 1713 de
716 1664 796 1714 die
834 1674 881 1714 et
915 1667 1035 1713 hora
1071 1665 1351 1727 novissima,
1390 1684 1491 1717 non
1529 1672 1843 1720 recordantes

101 1743 279 1793 Christi
317 1761 576 1807 personam
614 1746 664 1793 in
703 1745 848 1795 Esaia
884 1748 1131 1809 loquentis
1161 1748 1259 1811 (63,
1279 1749 1360 1814 4):
1409 1750 1557 1800 ‘Dies
1591 1751 1759 1801 iudicii
1794 1753 1843 1801 in

97 1827 247 1873 corde
284 1829 427 1875 me0.'
497 1827 766 1876 Tritheitae
795 1844 910 1876 vero
941 1829 1114 1888 vocati,
1142 1832 1279 1892 quod
1315 1830 1441 1880 sicut
1477 1842 1573 1882 tres
1610 1850 1843 1897 personas

99 1907 147 1955 in
173 1907 426 1969 Trinitate‚
459 1908 524 1957 ita
555 1926 754 1972 quoque
779 1918 873 1959 tres
902 1911 1161 1959 adstruunt
1197 1914 1334 1962 Deos
1370 1930 1490 1974 esse,
1517 1924 1689 1964 contra
1722 1918 1843 1966 illud

98 1990 232 2051 quod
270 1991 504 2053 scriptum
542 2000 613 2039 est
647 1990 942 2055 (Deuteron.
964 1995 1006 2050 6,
1027 1993 1110 2056 4):
1164 1994 1338 2053 ‘Audi‚
1369 1997 1550 2056 Israe13
1596 1998 1842 2047 Dominus

90 2073 236 2119 *Deus
256 2079 367 2120 tuus
390 2074 526 2120 Deus
547 2089 673 2120 unus
695 2075 797 2120 est.’
852 2074 975 2122 Sunt
996 2082 1043 2122 et
1061 2073 1185 2123 aliae
1205 2076 1431 2126 haereses
1452 2077 1556 2127 sine
1575 2087 1775 2128 auctore
1796 2089 1842 2129 et
1866 2082 1938 2140 69

98 2152 203 2200 sine
227 2153 540 2202 nominibus:
578 2171 635 2202 ex
661 2154 840 2216 quibus
866 2155 989 2204 aliae
1015 2156 1283 2206 triformem
1311 2169 1486 2222 putant
1512 2177 1618 2210 esse
1646 2164 1809 2211 Deum
1832 2184 1840 2213 ε

57 2257 71 2267 -
96 2233 219 2282 aliae
256 2235 438 2284 Christi
474 2235 780 2285 divinitatem
823 2237 1107 2300 passibilem
1146 2239 1348 2290 dicunt:
1397 2241 1520 2292 aliae
1558 2243 1740 2293 Christi
1777 2246 1841 2293 de

100 2317 240 2365 Patre
259 2316 498 2365 nativitati
525 2316 717 2366 initium
737 2318 972 2382 temporis
991 2321 1111 2368 dant
1131 2340 1139 2368 ε
1178 2320 1301 2370 aliae
1320 2322 1661 2374 liberationem
1688 2326 1842 2374 homi-

98 2414 215 2446 num
250 2400 383 2461 apud
417 2398 595 2448 inferos
628 2401 806 2448 factam
839 2400 1021 2450 Christi
1057 2403 1381 2453 descensione
1419 2403 1565 2472 [non]
1603 2409 1838 2457 credunt:

158 2543 174 2568 1
206 2541 266 2568 se.
291 2529 332 2567 in
353 2529 423 2568 alt.
446 2529 539 2567 ΑΚ
745 2531 801 2570 fil.
830 2531 907 2570 Dei
929 2532 998 2570 alt.
1020 2545 1100 2572 om.
1125 2532 1278 2571 AB1K
1475 2550 1500 2575 2
1530 2537 1580 2575 ab
1602 2539 1767 2577 auctice
1791 2538 1840 2577 Cl

98 2595 123 2632 3
155 2583 271 2635 post]
292 2597 369 2633 pro
390 2583 436 2621 K
454 2586 557 2636 (non
578 2585 639 2637 A)
837 2586 1021 2625 existere
1042 2587 1082 2624 Β
1105 2589 1204 2636 (non
1225 2590 1289 2635 A)
1510 2604 1534 2640 5
1565 2605 1656 2643 cap.
1679 2593 1779 2631 dicti
1800 2592 1841 2629 Β

98 2651 222 2687 quem
252 2650 339 2688 seq.
364 2639 483 2679 haer.
506 2640 590 2679 secl.
614 2640 736 2679 Arev.
931 2655 957 2691 9
989 2654 1214 2691 personam
1235 2643 1366 2683 BKT
1556 2659 1606 2685 10
1634 2648 1775 2697 gaiani
1798 2647 1843 2684 K

101 2704 147 2731 11
180 2699 276 2731 sunt
306 2706 390 2733 om.
414 2693 460 2731 K
626 2707 672 2732 12
707 2695 905 2734 euticesis
943 2695 1001 2735 T:
1034 2697 1229 2737 euticetis
1258 2697 1338 2737 BC
1502 2713 1551 2750 14
1586 2703 1772 2741 adseruit
1809 2701 1846 2739 T

98 2759 223 2796 quem
244 2746 299 2784 Β1
322 2761 330 2786 :
361 2761 468 2797 quae
491 2747 537 2785 K
662 2761 709 2797 15
739 2750 922 2790 Gnoitae
943 2751 1041 2803 (-te)
1062 2751 1227 2791 BC2T:
1258 2753 1468 2793 Genoitae
1491 2754 1538 2793 C1
1562 2771 1570 2795 :
1601 2756 1839 2806 Cognoitae

100 2799 145 2839 K
266 2802 451 2842 tritoitae
472 2803 577 2856 (-te)
598 2803 710 2843 codd.
909 2807 958 2843 16
986 2806 1158 2855 gnoitae
1181 2807 1279 2860 (-te)
1299 2807 1409 2848 codd.
1535 2811 1780 2860 ignobantia
1808 2810 1845 2848 T

99 2856 194 2905 quia
223 2869 303 2896 om.
335 2856 382 2894 K
488 2857 765 2908 perversitate
797 2858 876 2896 CK
987 2860 1087 2899 dicti
1120 2860 1269 2914 (delet.)
1299 2875 1323 2901 a
1352 2862 1399 2901 K
1529 2878 1574 2914 17
1612 2866 1652 2904 id
1682 2878 1766 2904 om.
1795 2865 1841 2903 K

100 2909 264 2950 divinas
282 2910 328 2949 K
497 2925 550 2951 20
579 2913 766 2952 tritoitae
786 2912 910 2953 BCK
1071 2927 1119 2953 21
1152 2916 1418 2957 adinstruunt
1440 2917 1506 2958 K:
1538 2920 1764 2959 adtrahunt
1787 2920 1838 2958 Cl

101 2976 152 3002 22
181 2977 246 3004 au.
271 2966 344 3006 Isr.
369 2979 451 3006 om.
471 2965 528 3004 Β1
675 2979 727 3017 25
757 2967 856 3009 Chr.
890 2970 943 3008 de
965 2969 1099 3019 patris
1120 2970 1172 3009 de
1194 2971 1326 3021 patris
1346 2973 1553 3013 nativitati
1571 2974 1688 3023 (corr.
1710 2975 1837 3026 -tem)

102 3017 166 3057 K:
199 3018 298 3059 Chr.
323 3021 375 3059 de
398 3021 510 3071 patri
532 3021 750 3061 nativitate
777 3021 815 3060 T
954 3026 1007 3062 26
1036 3025 1172 3077 hom.]
1195 3026 1379 3066 omnium
1402 3028 1527 3067 Arev.
1683 3042 1734 3079 27
1765 3031 1838 3068 de-

101 3073 362 3113 scensionem
386 3075 548 3127 (disci-)
569 3075 658 3113 ΒΚ
766 3090 848 3116 non
870 3078 962 3117 hab.
985 3078 1107 3118 BCK
1121 3094 1129 3118 :
1159 3093 1241 3119 om.
1270 3081 1308 3120 T
