2228 3444
404 188 1037 236 ETYMOLOGIARVM
1077 190 1208 236 LIB.
1250 191 1318 237 ΙΙ.
1358 189 1483 249 xxiii,
1512 189 1622 238 xxiv

143 319 370 361 versatur.
445 310 704 373 Physicam
752 313 887 374 apud
937 313 1154 361 Graecos
1203 312 1390 376 primus
1438 323 1769 377 perscrutatus
1821 325 1894 363 est

143 394 325 441 Thales
344 391 582 452 Milesius,
603 409 729 440 unus
747 410 804 441 ex
821 402 1011 455 septem
1028 393 1121 443 illis
1138 394 1458 458 sapientibuS.
1517 384 1615 445 Hic
1632 395 1763 445 enim
1780 408 1895 447 ante

140 474 262 524 alios
293 473 415 534 caeli
442 490 614 523 causas
647 483 797 538 atque
822 474 921 523 vim
950 492 1111 524 rerum
1141 476 1436 525 naturalium
1466 480 1800 541 contemplata
1829 498 1897 528 ra-

142 556 276 605 tione
301 555 531 619 suspexit,
559 573 709 619 quam
736 558 1056 619 postmodum
1084 560 1225 607 Plato
1251 558 1301 606 in
1326 568 1558 622 quattuor
1582 559 1894 609 definitiones

95 660 116 699 5
141 636 402 696 distribuit,
415 637 466 686 id
483 647 555 686 est
573 636 963 698 Arithmeticam,
983 639 1363 699 Geometricam,
1380 640 1642 702 Musicam,
1660 644 1895 691 Astrono-

142 718 305 767 miam.
381 718 608 768 Ethicam
634 721 858 769 Socrates
883 719 1068 783 primus
1087 723 1151 770 ad
1177 721 1493 785 corrigendos
1519 725 1896 786 conponendos-

141 818 238 864 que
265 817 425 850 mores
456 801 676 860 instituit,
704 812 854 865 atque
883 819 1034 851 omne
1064 803 1283 853 studium
1314 803 1418 853 eius
1448 806 1511 853 ad
1539 805 1667 854 bene
1698 805 1893 855 vivendi

141 878 527 943 disputationem
570 881 808 943 perduxit,
850 881 1077 930 dividens
1121 899 1230 931 eam
1274 882 1324 930 in
1367 892 1598 946 quattuor
1634 884 1893 934 virtutibus

139 962 346 1022 animae,
366 962 417 1011 id
433 972 506 1011 est
516 962 845 1026 prudentiam,
863 963 1112 1024 iustitiam,
1131 964 1482 1025 fortitudinem,
1501 966 1890 1030 temperantiam.

71 1065 119 1093 10
142 1044 409 1093 Prudentia
434 1054 507 1093 est
532 1044 581 1092 in
607 1045 767 1104 rebus,
797 1062 894 1109 qua
919 1045 1264 1095 discernuntur
1289 1064 1316 1095 a
1342 1046 1486 1095 bonis
1513 1050 1653 1096 mala.
1743 1048 1893 1096 Forti-
1916 1050 1951 1097 6

140 1128 275 1185 tudo,
306 1144 403 1189 qua
425 1128 631 1175 adversa
661 1127 1018 1189 aequanimiter
1052 1129 1332 1177 tolerantur.
1403 1129 1767 1193 Temperantia,
1797 1147 1894 1193 qua

140 1207 296 1257 libido
332 1208 836 1272 concupiscentiaque
879 1227 1039 1258 rerum
1077 1212 1304 1259 frenatur.
1381 1211 1587 1273 Iustitia,
1628 1230 1726 1276 qua
1762 1224 1893 1263 recte

141 1284 409 1336 iudicando
452 1304 539 1335 sua
577 1286 756 1350 cuique
793 1287 1108 1337 distribuunt.
1183 1289 1433 1352 Logicam,
1475 1306 1603 1353 quae
1644 1291 1892 1341 rationalis
1917 1298 1947 1347 7

139 1379 353 1430 vocatur,
383 1370 524 1418 Plato
549 1367 813 1427 subiunxit,
843 1386 929 1432 per
960 1387 1123 1433 quam,
1151 1370 1384 1421 discussis
1410 1388 1570 1421 rerum
1602 1388 1894 1434 morumque

71 1474 115 1514 15
140 1449 314 1510 causis,
342 1450 440 1499 vim
467 1467 634 1499 earum
661 1451 1014 1500 rationabiliter
1046 1462 1376 1514 perscrutatus
1408 1463 1493 1513 est,
1522 1453 1748 1502 dividens
1783 1470 1892 1502 eam

141 1530 189 1579 in
234 1531 559 1581 Dialecticam
597 1541 645 1581 et
683 1532 1018 1581 Rhetoricam.
1109 1533 1256 1582 Dicta
1291 1544 1458 1583 autem
1498 1535 1694 1599 Logica,
1731 1534 1781 1584 id
1818 1544 1891 1583 est

139 1612 401 1662 rationalis.
472 1615 626 1680 Λόγος
645 1614 778 1663 enim
804 1616 938 1678 apud
960 1617 1176 1664 Graecos
1203 1625 1250 1665 et
1271 1633 1551 1666 sermonem
1578 1617 1817 1681 significat
1843 1627 1891 1666 et

139 1695 393 1745 rationem.
469 1698 530 1745 In
564 1696 638 1745 his
664 1696 848 1760 quippe
878 1697 1032 1746 tribus
1062 1698 1324 1760 generibus
1359 1699 1709 1763 Philosophiae
1743 1699 1890 1749 etiam
1917 1704 1946 1750 8

141 1779 338 1842 eloquia
357 1779 523 1828 divina
543 1779 835 1828 consistunt.
911 1781 1041 1829 Nam
1062 1790 1146 1828 aut
1166 1782 1229 1829 de
1249 1791 1423 1829 natura
1443 1781 1692 1844 disputare
1714 1783 1888 1840 solent,

67 1883 118 1912 20
142 1869 194 1909 ut
220 1860 270 1908 in
290 1860 475 1910 Genesi
501 1871 548 1910 et
573 1861 623 1909 in
651 1862 949 1910 Ecclesiaste
970 1881 977 1909 :
1013 1871 1098 1910 aut
1122 1863 1187 1911 de
1207 1862 1439 1922 moribus,
1465 1873 1516 1911 ut
1543 1863 1591 1911 in
1614 1863 1890 1912 Proverbiis

142 1952 189 1992 et
226 1942 273 1990 in
312 1943 545 1992 omnibus
578 1943 783 2006 sparsim
821 1943 985 1992 libris:
1027 1954 1112 1992 aut
1149 1945 1212 1993 de
1248 1945 1443 2008 Logica,
1481 1962 1569 2008 pro
1606 1962 1704 2008 qua
1737 1945 1888 1993 nostri

140 2025 486 2074 Theoreticam
536 2024 629 2074 sibi
686 2025 950 2084 vindicant,
1004 2035 1055 2073 ut
1104 2025 1151 2073 in
1210 2026 1419 2076 Cantico
1468 2027 1788 2088 canticorum,
1839 2037 1886 2076 et

141 2106 434 2169 Evangeliis.
509 2108 637 2156 Item
663 2106 813 2169 aliqui
840 2108 1099 2155 doctorum
1135 2107 1507 2170 Philosophiam
1534 2108 1584 2156 in
1610 2109 1812 2158 nomine
1838 2120 1886 2159 et
1912 2123 1946 2169 9

139 2189 359 2251 partibus
375 2188 474 2236 suis
492 2188 556 2237 ita
577 2187 874 2237 definierunt
898 2207 906 2236 ε
934 2188 1255 2252 Philosophia
1271 2199 1343 2238 est
1359 2189 1633 2238 divinarum
1653 2192 1887 2239 humana-

67 2291 113 2332 25
139 2287 348 2332 rumque
387 2287 561 2330 rerum,
605 2269 653 2317 in
703 2279 945 2332 quantum
986 2270 1175 2319 homini
1215 2271 1450 2334 possibile
1491 2282 1576 2331 est,
1619 2272 1887 2335 probabilis

139 2351 355 2400 scientia.
430 2352 614 2400 Aliter:
656 2351 976 2415 Philosophia
996 2361 1069 2401 est
1093 2370 1169 2401 ars
1194 2353 1372 2402 artium
1394 2363 1441 2402 et
1468 2354 1729 2417 disciplina
1748 2354 1889 2403 disci-

138 2433 396 2497 plinarum.
474 2436 661 2482 Rursus
682 2453 690 2482 z
719 2433 1039 2497 Philosophia
1059 2445 1132 2483 est
1154 2435 1409 2485 meditatio
1431 2435 1613 2496 mortis,
1634 2437 1770 2499 quod
1793 2453 1888 2483 ma-

137 2515 208 2578 gis
235 2515 466 2565 convenit
500 2515 792 2566 Christianis
823 2515 922 2578 qui,
950 2516 1132 2565 saeculi
1164 2516 1436 2566 ambitione
1463 2520 1662 2578 calcata,
1691 2534 1888 2567 conver-

139 2596 328 2646 satione
344 2596 706 2661 disciplinabili,
730 2596 1051 2647 similitudine
1068 2599 1259 2647 futurae
1278 2598 1463 2661 patriae
1482 2598 1662 2648 vivunt.
1727 2598 1886 2647 Philo-

1918 732 1950 781 Οἱ

196 2739 212 2764 1
239 2732 303 2765 est
318 2741 400 2766 om.
425 2726 476 2766 Cl
641 2740 666 2775 3
694 2725 797 2766 alias
813 2727 860 2766 K
966 2726 1071 2779 vim]
1088 2727 1197 2766 viam
1214 2727 1259 2765 K
1366 2740 1506 2767 rerum
1521 2742 1602 2768 om.
1631 2728 1668 2766 T
1773 2734 1883 2767 cont.

139 2780 237 2833 rat.]
254 2781 612 2831 contemplatione
648 2781 685 2819 T
787 2783 813 2820 6
833 2782 885 2820 ad
902 2782 1262 2831 corrigendosque
1291 2795 1430 2821 mores
1452 2783 1489 2820 T
1593 2796 1614 2832 7
1638 2783 1728 2821 eius
1748 2796 1827 2822 om.
1843 2782 1890 2819 K

142 2849 190 2875 10
220 2842 284 2875 est
305 2850 388 2876 om.
412 2837 459 2875 K
584 2849 608 2874 a
628 2849 709 2885 qua
737 2836 799 2875 T:
828 2850 935 2886 quae
956 2836 1003 2875 K
1160 2849 1203 2874 11
1237 2838 1472 2890 quaprius]
1488 2837 1586 2887 quia
1611 2837 1668 2876 T:
1698 2849 1820 2886 quam
1843 2836 1889 2874 K

142 2902 190 2929 12
219 2890 649 2941 concupiscentieque
675 2889 754 2930 Tl:
788 2891 1160 2941 concupiscentiae
1181 2897 1307 2941 atque
1328 2892 1375 2930 K
1547 2892 1648 2944 qua]
1674 2892 1771 2940 quia
1799 2890 1886 2929 TC1

139 2958 193 2983 20
222 2951 265 2984 et
285 2947 388 2986 eccl.
411 2946 457 2984 K
611 2959 659 2984 21
684 2958 760 2995 pro
777 2959 902 2996 quam
926 2947 961 2986 C
982 2946 1082 2997 (non
1102 2947 1168 2998 A)
1188 2960 1197 2985 ε
1219 2958 1343 2996 quam
1366 2946 1411 2984 K
1547 2960 1598 2985 22
1628 2945 1884 2984 theoloicam

140 2999 237 3093 {2453
311 3000 542 3093 Tcanticis
576 3006 684 3040 cant.
735 2999 808 3038 ΤΒ
971 3014 1024 3050 23
1054 3001 1403 3052 philosophorum
1434 3001 1480 3039 K
1653 3012 1704 3049 25
1738 3000 1884 3050 proba—

167 3066 208 3092 11
241 3067 289 3094 us
