2228 3444
1106 171 1380 220 ISIDORI

366 306 429 353 ad
474 320 602 364 eum,
639 302 810 366 quanti
850 304 913 352 ad
956 301 1173 351 ‘crinem
1211 300 1442 365 purpurei
1482 300 1782 364 splendoris'
1822 300 2111 365 aspexerint,

367 387 514 435 tantis
540 385 697 435 visum
725 402 840 434 suae
860 386 983 433 lucis
1008 383 1250 448 inpertiat,
1278 385 1426 433 tantis
1453 382 1774 433 ministerium
1800 383 1875 433 sui
1899 386 2114 432 muneris

283 480 346 530 27
370 467 566 528 tribuat,
580 477 627 517 et
643 467 748 532 ipse
764 466 1086 516 nihilominus
1102 466 1153 515 in
1171 483 1258 515 sua
1273 466 1549 529 integritate
1565 474 1864 529 permaneat.
1910 464 2116 528 Spiritus

369 560 568 600 sanctus
584 549 788 599 nomine
803 566 962 612 aquae
977 550 1250 612 appellatur
1267 549 1317 596 in
1334 546 1618 610 Evangelio,
1639 549 1859 596 Domino
1874 549 2118 598 clamante

373 642 420 682 et
454 632 652 682 dicente
678 631 875 697 (Ioann.
901 646 941 693 7,
963 629 1048 694 38)
1073 649 1081 679 :
1123 631 1204 678 ‘Si
1231 630 1339 692 quis
1365 628 1478 689 sitit,
1506 628 1670 678 veniat
1694 630 1759 677 ad
1785 645 1864 678 me
1889 639 1937 679 et
1963 628 2117 679 bibat.
2144 651 2165 690 5

370 714 471 776 Qui
505 716 659 763 credit
694 713 746 762 in
779 729 872 772 me,
902 712 1107 761 flumina
1138 727 1297 775 aquae
1344 710 1483 759 vivae
1517 711 1670 760 fluent
1701 712 1764 760 de
1789 720 1957 760 ventre
1983 710 2117 762 eiuS.'

370 797 683 861 Evangelista
719 805 886 845 autern
917 794 1143 858 exposuit
1169 795 1302 843 unde
1337 793 1535 842 diceret.
1609 795 1816 843 Secutus
1851 792 1983 841 enim
2015 793 2114 843 ait:

370 886 380 907 ‘
402 883 519 928 Hoc
546 878 677 928 enirn
705 877 904 927 dicebat
931 878 993 926 de
1020 876 1215 940 Spiritu,
1245 893 1393 940 quem
1421 874 1670 939 accepturi
1696 884 1832 924 erant
1858 877 2114 925 credentes

275 969 338 1016 28
365 963 415 1011 in
450 963 595 1012 eum.'
681 962 779 1009 Sed
813 959 949 1008 aliud
975 969 1049 1008 est
1082 976 1211 1022 aqua
1246 956 1553 1017 sacramenti,
1581 958 1715 1006 aliud
1740 973 1869 1019 aqua
1895 973 2020 1019 quae
2058 959 2115 1006 si-

361 1045 560 1109 gnificat
578 1042 810 1107 Spiritum
832 1041 941 1090 Dei.
1005 1044 1152 1104 Aqua
1168 1040 1301 1090 enim
1322 1039 1614 1089 sacramenti
1634 1038 1836 1087 visibilis
1858 1048 1930 1087 est
1951 1058 1959 1087 :
1986 1055 2114 1101 aqua
2141 1061 2189 1089 10

362 1126 569 1191 Spiritus
606 1123 864 1173 invisibilis
900 1133 988 1173 est.
1062 1126 1163 1172 Ista
1199 1122 1355 1172 abluit
1392 1139 1584 1186 corpus,
1613 1130 1661 1170 et
1698 1120 1940 1184 significat
1977 1123 2113 1184 quod

363 1210 417 1257 fit
454 1208 503 1256 in
541 1206 737 1256 anima:
775 1223 861 1269 per
897 1206 1035 1254 illum
1072 1215 1239 1255 autem
1277 1204 1511 1268 Spiritum
1550 1211 1775 1252 sanctum
1810 1202 1913 1266 ipsa
1949 1202 2114 1252 anima

271 1312 341 1359 29
367 1292 635 1339 mundatur
668 1299 715 1338 et
749 1288 1010 1352 saginatur.
1085 1287 1292 1351 Spiritus
1331 1295 1528 1335 sanctus
1562 1284 1676 1334 ideo
1713 1284 1883 1334 unctio
1919 1284 2110 1344 dicitur,

365 1375 593 1422 Iohanne
627 1381 837 1421 testante
873 1372 1114 1435 apostolo,
1145 1369 1261 1433 quia
1294 1371 1419 1418 sicut
1452 1371 1615 1418 oleum
1651 1367 1858 1417 naturali
1891 1369 2111 1431 pondere

363 1457 661 1520 superfertur
680 1455 816 1503 omni
842 1453 1034 1516 liquori,
1057 1454 1123 1501 ita
1148 1452 1199 1500 in
1224 1450 1467 1516 principio
1493 1450 1884 1514 superferebatur
1905 1448 2110 1511 Spiritus
2139 1470 2184 1509 15

362 1548 560 1588 sanctus
599 1537 755 1601 aquis.
826 1538 975 1585 Vnde
1012 1545 1060 1585 et
1100 1536 1348 1584 Dominus
1386 1536 1497 1583 oleo
1540 1531 1865 1593 exultationis,
1905 1533 2001 1580 hoc
2038 1543 2110 1581 est

269 1633 337 1681 30
367 1620 547 1684 Spiritu
574 1628 761 1680 sancto,
780 1619 954 1682 legitur
979 1618 1127 1667 fuisse
1147 1626 1339 1665 unctus.
1403 1617 1502 1665 Sed
1519 1624 1567 1664 et
1588 1616 1838 1664 Iohannes
1856 1617 2109 1677 apostolus

367 1702 604 1766 Spiritum
644 1710 871 1751 sanctum
910 1701 1196 1750 unctionem
1235 1708 1380 1748 vocat
1417 1699 1588 1747 dicens
1615 1696 1661 1762 (1
1685 1699 1775 1761 Ep.
1800 1715 1840 1757 2,
1863 1697 1975 1762 27):
2016 1700 2109 1746 ‘Et

366 1788 486 1846 VOS‚'
519 1785 693 1848 inquit,
724 1783 1039 1833 ‘unctionem
1067 1800 1215 1846 quam
1242 1780 1500 1845 accepistis
1537 1780 1600 1830 ab
1637 1796 1711 1841 eo,
1739 1789 2024 1842 permaneat
2061 1779 2109 1829 in

367 1868 508 1918 vobis
530 1886 540 1928 3
592 1877 639 1916 et
666 1882 869 1916 necesse
894 1883 996 1915 non
1022 1864 1214 1913 habetis
1245 1872 1295 1913 ut
1315 1862 1490 1926 aliquis
1516 1863 1694 1911 doceat
1719 1878 1806 1910 vos
1827 1882 1835 1911 :
1873 1864 1961 1911 sed
1987 1861 2110 1910 sicut
2137 1878 2185 1905 20

365 1951 536 2001 unctio
575 1949 679 2000 eius
717 1951 866 1999 docet
909 1965 995 1997 vos
1038 1949 1101 1996 de
1139 1945 1276 1996 omni
1315 1947 1395 1994 re.’
1468 1947 1583 2008 Ipse
1622 1952 1695 1993 est
1734 1943 1866 1992 enim
1904 1943 2109 2007 Spiritus

371 2044 571 2084 sanctus
596 2034 767 2082 unctio
792 2030 1065 2080 invisibilis.

282 2133 341 2172 1v
502 2119 587 2164 DE
607 2119 925 2164 TR1N1TATE.
999 2111 1215 2160 Trinitas
1240 2111 1486 2175 appellata
1510 2109 1646 2172 quod
1667 2109 1751 2157 fiat
1769 2116 1928 2157 totum
1955 2125 2108 2157 unum

366 2216 424 2248 ex
450 2197 750 2261 quibusdam
770 2195 939 2255 tribus,
963 2194 1103 2258 quasi
1121 2192 1371 2242 Triunitas
1390 2210 1402 2253 3
1436 2199 1488 2239 ut
1510 2189 1758 2250 memoria,
1778 2189 2110 2254 intellegentia

362 2290 410 2330 et
449 2282 693 2340 voluntas,
721 2278 771 2326 in
808 2276 988 2340 quibus
1026 2292 1167 2325 mens
1203 2274 1355 2323 habet
1387 2273 1437 2321 in
1471 2289 1524 2322 se
1557 2273 1806 2335 quandam
1844 2272 2108 2335 imaginem
2135 2286 2181 2326 25

362 2362 560 2412 divinae
597 2359 868 2410 Trinitatis.
948 2360 1077 2407 Nam
1117 2358 1238 2406 dum
1275 2355 1365 2405 tria
1402 2356 1512 2415 sint,
1552 2370 1707 2402 unum
1744 2363 1875 2415 sunt,
1911 2353 2025 2416 quia
2062 2363 2110 2402 et

305 2463 336 2498 2
365 2444 556 2507 singula
592 2442 642 2490 in
679 2459 731 2491 se
768 2449 971 2490 manent
1008 2449 1055 2488 et
1093 2440 1261 2489 omnia
1293 2437 1343 2485 in
1377 2435 1623 2485 omnibus.
1707 2438 1850 2484 Pater
1881 2435 2025 2499 igitur
2060 2444 2108 2485 et

367 2526 519 2576 Filius
546 2534 594 2574 et
620 2523 826 2588 Spiritus
853 2531 1051 2572 sanctus
1077 2520 1266 2570 trinitas
1291 2529 1339 2568 et
1365 2518 1541 2567 unitas,
1614 2518 1757 2566 Idem
1784 2519 1916 2566 enim
1937 2535 2105 2577 unum,

426 2667 443 2694 1
476 2667 614 2704 quam.
640 2654 746 2694 crin.
769 2651 1142 2705 purpurebsplend.
1173 2650 1210 2689 T
1369 2646 1584 2700 crinenfex
1602 2647 1759 2687 crimen
1781 2648 1822 2686 Β
1950 2661 1975 2686 2
2006 2653 2108 2687 tant.

365 2710 441 2750 vis.
466 2739 476 2750 .
499 2740 509 2750 .
533 2739 543 2750 .
568 2710 654 2759 inp.
679 2723 762 2748 om.
784 2707 841 2745 Β1
1007 2706 1238 2746 misterium
1268 2704 1306 2744 T
1427 2703 1492 2742 sui
1514 2715 1628 2742 mun.
1646 2702 1722 2754 tr.]
1740 2703 1911 2741 luminis
1932 2703 2108 2753 prebeat

364 2764 412 2803 K
431 2765 535 2816 (non
555 2765 620 2814 A)
751 2775 776 2812 3
805 2774 907 2802 suae
926 2761 1002 2801 int.
1023 2760 1065 2798 Β
1247 2761 1275 2798 6
1304 2759 1414 2797 ssum.
1439 2759 1493 2796 de
1513 2771 1612 2797 ven.
1635 2757 1727 2796 eius
1748 2758 1878 2797 fluent
1897 2770 1964 2806 aq.
1986 2756 2041 2796 vi.
2064 2756 2111 2794 K

368 2833 390 2870 7
421 2818 554 2870 enim]
569 2830 669 2856 vero
690 2817 735 2855 K
756 2818 857 2870 (non
877 2816 942 2868 A)
1056 2816 1082 2855 8
1108 2826 1231 2864 quam
1260 2813 1298 2852 T
1434 2824 1479 2850 11
1512 2812 1632 2852 invis.
1655 2812 1738 2851 ista
1757 2811 1804 2850 K
1907 2811 2050 2850 abluet
2076 2811 2114 2849 T

366 2874 604 2913 sanctificat
624 2872 664 2910 Β
778 2883 827 2909 12
846 2884 936 2910 san.
960 2870 1062 2921 spir.
1087 2868 1128 2907 Β
1241 2881 1289 2918 13
1310 2873 1352 2907 et
1371 2879 1461 2917 sag.
1484 2880 1567 2906 om.
1589 2865 1684 2904 AK
1794 2876 1841 2915 15
1865 2865 2105 2916 loquoriB1

368 2941 416 2979 17
440 2929 570 2968 fuisse
591 2926 747 2977 legitur
769 2925 847 2964 CT
956 2927 1004 2964 18
1024 2938 1114 2965 san.
1129 2924 1232 2973 spir.
1256 2922 1335 2962 CT
1444 2934 1493 2972 19
1511 2934 1587 2960 vos
1602 2921 1738 2970 inquit
1757 2934 1840 2961 om.
1860 2918 1907 2957 K
1987 2933 2108 2970 quam

362 2997 444 3024 om.
474 2983 512 3022 T
617 2994 666 3020 21
690 2981 782 3031 ipse
803 2980 916 3019 enim
935 2979 1029 3018 AK
1135 2991 1187 3016 22
1208 2982 1319 3018 unct.
1338 2981 1404 3016 est
1423 2977 1505 3016 inv.
1524 2975 1570 3015 K
1580 2977 1685 3028 (non
1703 2975 1768 3023 A)
1881 2986 1933 3024 23
1961 2975 2109 3025 appel-

364 3037 474 3076 latur
486 3036 527 3074 Β
638 3049 689 3086 24
709 3034 1011 3086 quasi-trinitas
1026 3034 1089 3074 B:
1108 3033 1229 3083 quasi
1244 3032 1386 3071 unitas
1402 3030 1453 3070 Cl
1527 3031 1602 3072 int.
1617 3030 1696 3069 vol.
1718 3028 1766 3067 K
1869 3041 1921 3079 25
1943 3029 2108 3068 habens

365 3091 412 3129 K
519 3092 560 3130 in
582 3091 842 3141 sequendam
862 3090 932 3129 im.
961 3089 999 3127 T
1121 3088 1174 3127 26
1203 3087 1322 3140 dum]
1343 3087 1425 3126 dua
1448 3086 1498 3126 C1
1625 3084 1712 3124 sint
1731 3097 1812 3125 om.
1835 3083 1875 3123 Β
1896 3098 1905 3123 :
1934 3089 2031 3124 sunt
2057 3083 2107 3123 T¹

366 3147 464 3199 quia
485 3146 594 3196 sing.
618 3158 665 3185 se
685 3145 742 3183 Bl
