2176 3424
1070 131 1344 180 ISIDORI

1047 261 1205 309 Molle
1241 261 1366 309 siler.

332 344 459 390 Item
485 343 582 390 hoc
609 342 808 401 buxum,
827 342 941 390 licet
967 349 1014 389 et
1040 342 1162 390 haec
1189 341 1347 390 buxus
1372 341 1575 391 dicatur.
1629 344 1756 392 Nam
1780 344 2076 405 superfluam

330 423 534 487 quidam
567 425 738 472 volunt
771 425 929 473 facere
966 422 1330 483 discretionem,
1363 433 1419 472 ut
1451 425 1573 473 haec
1611 425 1769 474 buxus
1804 425 1869 473 de
1904 423 2078 472 arbore

332 507 571 564 dicamus,
601 506 785 554 buxum
811 522 926 554 vero
950 506 1014 554 de
1039 505 1173 568 ligno
1198 505 1472 569 conposito.

207 600 313 639 VIII
472 590 554 636 DE
580 602 902 636 AROMATICIS
932 602 1238 636 ARBORIBVS.
1308 590 1546 636 Aromata
1570 597 1684 636 sunt
1709 604 1965 651 quaequae
1989 588 2081 635 fra·
2107 607 2128 646 5

333 669 515 733 grantis
558 669 724 718 odoris
769 668 914 718 India
956 671 1032 718 vel
1079 668 1263 717 Arabia
1311 669 1474 730 mittit,
1520 669 1621 719 sive
1668 669 1792 719 aliae
1839 670 2076 733 regiones.

334 753 535 801 Nomen
567 760 734 800 autem
767 759 986 800 aromata
1019 749 1218 799 traxisse
1252 750 1493 811 videntur,
1522 751 1622 800 sive
1655 752 1792 814 quod
1828 749 1921 799 aris
1947 749 2082 813 inpo-

334 832 426 882 sita
458 832 636 882 divinis
669 831 1066 881 invocationibus
1101 842 1217 895 apta
1249 831 1521 892 videantur,
1551 849 1637 881 seu
1671 834 1808 894 quod
1841 848 1948 880 sese
1980 830 2078 879 aeri

335 915 548 965 inserere
573 932 630 964 ac
657 914 850 964 misceri
874 915 1160 978 probantur.
1214 916 1346 963 Nam
1366 914 1486 977 quid
1506 923 1579 963 est
1597 915 1722 963 odor
1746 913 1839 962 nisi
1864 930 1945 962 aer
1970 929 2083 961 con—

285 1018 315 1051 2
337 1001 536 1047 tactus?
606 999 711 1046 Tus
743 997 887 1047 arbor
919 995 1132 1045 Arabiae
1169 996 1393 1044 inmensa
1429 1005 1578 1059 atque
1614 1012 1809 1044 ramosa
1844 993 2081 1043 lenissimi
2110 1021 2157 1048 10

335 1079 545 1140 corticis,
581 1078 727 1128 ramis
763 1080 827 1128 ad
864 1077 1017 1127 aceris
1054 1077 1356 1140 qualitatem,
1392 1079 1680 1141 amygdalae
1718 1078 1869 1126 modo
1907 1093 2081 1125 sucum

335 1161 659 1211 aromaticum
695 1162 908 1210 fundens
942 1160 1111 1208 album
1138 1169 1185 1208 et
1213 1158 1554 1208 masticatione
1579 1158 1726 1208 veluti
1755 1160 1806 1206 in
1831 1159 2082 1221 pulverem

337 1245 625 1303 resolutum,
662 1252 709 1291 et
746 1259 861 1292 cum
899 1240 1147 1304 frangitur,
1188 1240 1319 1290 intus
1356 1240 1539 1305 pingue
1577 1250 1624 1289 et
1660 1240 1759 1304 igni
1800 1239 2084 1303 adpositum

339 1325 481 1374 facile
505 1326 781 1374 ardescens.
859 1326 922 1372 Et
955 1324 1228 1386 appellatur
1260 1324 1394 1386 apud
1424 1339 1515 1371 nos
1549 1323 1838 1382 masculum,
1866 1338 1925 1370 eo
1950 1321 2086 1383 quod

342 1406 403 1455 sit
429 1415 603 1455 natura
635 1407 905 1454 rotundum
937 1404 985 1452 in
1021 1405 1228 1453 modum
1259 1404 1613 1454 testiculorum.
1686 1404 1956 1466 Reliquum
1989 1403 2088 1465 pla·
2116 1429 2163 1470 15

343 1506 464 1537 num
489 1497 538 1537 et
563 1505 691 1552 pene
718 1488 1019 1547 scabrosum,
1049 1486 1211 1535 minus
1242 1485 1502 1550 optimum.
1573 1487 1891 1535 Adulteratur
1923 1493 2088 1533 autem

341 1569 559 1620 admixta
575 1569 735 1619 resina
755 1569 856 1618 sive
875 1568 1078 1633 gummi,
1101 1570 1189 1618 sed
1209 1568 1481 1618 dinoscitur
1501 1584 1588 1616 sua
1607 1566 1919 1631 proprietate.
1959 1569 2089 1616 Nam

344 1662 421 1701 tus
458 1651 557 1715 igni
595 1651 865 1715 inpositum
908 1650 1132 1711 ardescit,
1174 1650 1333 1700 resina
1372 1649 1614 1710 fumescit,
1654 1648 1843 1713 gummi
1887 1666 2000 1698 vero
2042 1648 2093 1697 li-

291 1751 320 1798 3
344 1733 535 1798 quescit
560 1735 865 1783 calefactum.
938 1735 1043 1782 Tus
1077 1741 1244 1782 autem
1277 1749 1306 1781 a
1335 1733 1596 1781 tundendo
1621 1731 1826 1781 dictum.
1902 1733 2019 1779 Hoc
2044 1740 2092 1779 et

343 1814 566 1863 libanum
603 1824 834 1864 vocatum
873 1832 902 1864 a
944 1823 1115 1864 monte
1151 1814 1377 1873 Arabiae,
1418 1813 1503 1863 ubi
1538 1813 1716 1863 Sabaei
1758 1821 1887 1863 sunt.
1961 1814 2091 1861 Nam
2118 1838 2176 1866 202

289 1919 321 1964 4
346 1914 491 1946 mons
540 1914 710 1947 eorum
760 1898 979 1946 Libanos
1028 1896 1221 1965 dicitur,
1262 1895 1348 1945 ubi
1396 1905 1502 1944 tura
1543 1894 1852 1959 colliguntur.
1926 1897 2094 1957 Myrra

346 1981 491 2029 arbor
532 1980 747 2029 Arabiae
788 1978 1061 2029 altitudinis
1105 1978 1326 2042 quinque
1368 1977 1666 2036 cubitorum,
1709 1976 1879 2026 similis
1922 1977 2093 2039 spinae

348 2079 498 2125 quarn
531 2062 729 2111 ἄκανθον
761 2061 964 2111 dicunt:
1002 2062 1140 2110 cuius
1175 2069 1312 2124 gutta
1345 2059 1510 2110 viridis
1542 2069 1692 2123 atque
1722 2076 1888 2108 amara
1905 2077 1919 2120 3
1961 2061 2095 2108 unde

349 2154 396 2194 et
434 2161 620 2193 nomen
656 2143 849 2207 accepit
886 2161 1058 2207 myrra.
1134 2145 1288 2192 Gutta
1325 2143 1430 2190 eius
1465 2150 1642 2205 sponte
1679 2157 1885 2190 manans
1921 2142 2095 2205 pretio-

349 2226 447 2276 sior
472 2235 558 2285 est,
587 2225 750 2275 elicita
774 2225 968 2275 corticis
994 2227 1195 2274 vulnere
1219 2222 1359 2272 vilior
1383 2222 1640 2273 iudicatur.
1698 2222 1966 2272 Sarmentis
1991 2222 2094 2272 eius
2119 2243 2176 2284 25!

351 2308 540 2357 Arabes
567 2307 703 2371 ignes
729 2309 910 2366 fovent,
939 2323 1150 2370 quorum
1175 2306 1314 2354 fumo
1342 2304 1457 2353 satis
1483 2304 1646 2367 noxio,
1677 2303 1771 2353 nisi
1800 2306 1864 2354 ad
1889 2305 2094 2355 odorem

352 2388 553 2439 storacis
589 2398 862 2448 occurrant,
888 2390 1180 2451 plerumque
1217 2385 1514 2435 insanabiles
1552 2386 1753 2436 morbos
1783 2386 2095 2434 contrahunt.

406 2533 431 2569 3
462 2518 769 2558 districtionem
789 2517 835 2556 K
920 2531 940 2567 4
976 2516 1245 2568 conpositum
1265 2514 1309 2554 D
1401 2527 1425 2565 5
1456 2515 1670 2566 flagrantis
1691 2516 1760 2554 od.
1782 2515 1849 2556 D:
1880 2514 2098 2563 fraglantis

351 2575 418 2614 od.
450 2573 511 2612 T:
541 2575 767 2623 flagrantes
788 2574 943 2612 odores
961 2571 1008 2610 K
1080 2585 1101 2622 7
1134 2571 1273 2622 inpos.
1296 2584 1320 2608 a
1341 2570 1425 2609 div.
1446 2569 1494 2608 K
1563 2572 1588 2609 8
1617 2569 1728 2610 aeris
1748 2570 1791 2608 D
1863 2582 1890 2620 9
1919 2569 2097 2608 miscere

351 2630 555 2678 probatur
574 2628 618 2666 D
764 2634 1003 2667 contractus
1031 2625 1083 2664 T2
1256 2637 1300 2663 11
1335 2625 1503 2663 modum
1523 2624 1569 2662 K
1574 2625 1612 2664 T
1785 2638 1833 2663 12
1863 2624 1990 2663 aliurn
2010 2623 2101 2661 DK
2172 2652 2176 2653 γ

354 2683 688 2722 masticationem
709 2681 800 2720 DK
955 2682 1071 2721 velut
1098 2679 1136 2719 T
1289 2680 1463 2730 pulvere
1483 2677 1575 2718 DT
1774 2691 1822 2728 13
1852 2679 2040 2718 resoluto
2055 2677 2102 2715 K

354 2745 399 2777 ut
437 2737 484 2775 K
729 2750 823 2777 cum
864 2737 935 2788 sn]
975 2735 1266 2785 confrangitur
1302 2733 1412 2773 codd.
1676 2735 1731 2785 ig.
1775 2733 2016 2784 depositum
2054 2732 2098 2770 D
2167 2750 2176 2752 v

356 2806 405 2842 14
436 2792 644 2831 masculus
663 2791 754 2830 DT
849 2794 898 2831 16
927 2792 1191 2831 scrabrosum
1211 2787 1301 2827 DT
1314 2803 1324 2827 ε
1351 2789 1569 2828 sabrosum
1592 2788 1638 2827 K
1733 2799 1780 2837 17
1810 2786 2100 2828 admixtumD
2163 2794 2176 2810 ’-

358 2850 407 2887 18
436 2847 607 2887 fumicet
628 2847 672 2885 D
874 2859 1088 2896 gummem
1109 2843 1178 2883 K:
1209 2856 1367 2893 gumen
1391 2842 1479 2881 DT
1713 2856 1763 2893 19
1791 2842 2007 2882 tondendo
2027 2841 2074 2879 K
2090 2855 2099 2879 :

355 2903 487 2941 tundo
507 2902 552 2940 D
702 2914 755 2940 20
783 2907 958 2941 vocatur
977 2900 1023 2938 K
1170 2910 1218 2936 21
1251 2898 1529 2938 libanoscitur
1547 2897 1591 2936 D
1610 2902 1704 2937 ante
1722 2909 1821 2937 corr.
1934 2897 2038 2935 dura
2055 2893 2100 2934 D
2169 2896 2176 2915 ³

355 2971 406 2996 22
436 2956 507 2996 alt.
531 2957 585 2995 ad
607 2968 675 3006 qu.
697 2955 740 2994 D
860 2969 912 3006 23
941 2955 1041 2994 inde
1062 2961 1104 2994 et
1125 2967 1196 2994 no.
1218 2952 1286 2991 K:
1315 2953 1426 2992 unde
1448 2966 1516 2992 no.
1540 2952 1585 2991 D
1704 2965 1755 3002 24
1783 2950 1898 3002 eius]
1920 2951 2037 2989 cuius
2058 2950 2101 2988 D
2167 2982 2176 2993 2

355 3024 407 3061 25
438 3011 578 3051 elicito
597 3017 640 3050 et
660 3023 722 3050 co.
747 3008 793 3047 K
964 3015 1179 3050 sarmenta
1199 3006 1288 3045 DT
1529 3009 1583 3046 26
1610 3007 1711 3057 igne
1730 3006 1777 3045 K
1791 3019 1800 3044 :
1830 3005 1999 3056 ignibus
2017 3003 2108 3043 DT
2166 3010 2176 3054 j

356 3067 410 3106 ni.
433 3067 486 3105 ad
507 3079 623 3105 orem
643 3071 695 3105 st.
719 3064 776 3104 D1

2158 3101 2176 3119 :-

2161 3134 2176 3167 ἑ

2118 3178 2176 3424 ά
