2228 3444
407 145 1038 197 ETYMOLOGIARVM
1076 144 1205 191 LIB.
1245 143 1394 190 VIII.
1435 158 1475 199 v,
1515 141 1560 188 vi

115 280 246 329 enim
284 279 417 341 apud
459 278 674 326 Graecos
713 274 804 338 ἤθη
844 274 1165 337 appellantur.
1238 269 1409 333 Logici
1449 278 1628 328 autem,
1658 267 1774 330 quia
1808 266 1860 314 in
1884 268 1920 315 6

115 370 286 410 natura
311 369 359 410 et
383 359 434 408 in
460 358 678 407 moribus
704 356 942 406 rationem
969 354 1256 418 adiungunt.
1330 351 1479 400 Ratio
1513 350 1643 400 enim
1672 351 1860 398 Graece

114 446 257 509 λόγος
302 441 492 492 dicitur.
567 439 723 488 Divisi
772 446 885 487 sunt
931 445 1096 486 autem
1145 445 1193 485 et
1234 434 1284 483 hi
1327 433 1377 482 in
1416 431 1701 482 haeresibus
1743 429 1856 489 suis,

115 525 353 574 habentes
379 522 582 586 quidam
608 520 812 570 nomina
836 535 894 569 ex
917 517 1215 577 auctoribus,
1245 526 1298 565 ut
1325 514 1585 576 Platonici,
1611 513 1855 578 Epicurei,

69 624 90 664 5
117 604 452 670 Pythagorici:
489 603 571 653 alii
594 621 623 651 a
647 604 768 652 locis
793 599 1251 651 conventiculorum
1278 607 1324 647 et
1351 597 1618 647 stationum
1645 613 1860 655 suarum,

115 698 168 737 ut
210 685 536 751 Peripatetici,
564 684 730 745 Stoici,
757 681 1060 732 Academici.
1115 679 1356 730 Platonici
1397 697 1426 728 a
1464 681 1670 728 Platone
1706 677 1860 742 philo·
1883 687 1911 737 7

115 772 274 834 sopho
312 768 445 818 dicti.
518 766 590 815 Hi
627 767 899 814 animarum
942 772 1211 812 creatorem
1252 780 1358 812 esse
1393 764 1572 822 Deum,
1597 775 1859 823 corporum

115 852 315 914 angelos
349 858 600 908 asserunt,
635 864 721 911 per
753 848 934 895 multos
966 862 1209 894 annorum
1234 844 1442 894 circulos
1469 843 1519 891 in
1544 842 1736 892 diversa
1760 858 1860 890 cor-

116 950 234 996 pora
258 931 414 982 redire
436 930 626 979 animas
652 929 837 979 dicunt.
912 927 1064 977 Stoici
1088 946 1117 976 a
1141 930 1252 977 loco
1278 926 1413 976 dicti.
1478 924 1701 974 Porticus
1726 923 1859 974 enirn
1886 927 1915 974 8

45 1032 94 1060 10
116 1014 205 1063 fuit
246 1013 470 1074 Athenis,
497 1030 646 1076 quarn
688 1013 906 1074 ποικίλην
935 1013 1083 1060 στοὰν
1122 1009 1451 1074 appellabant,
1498 1008 1548 1056 in
1591 1025 1689 1071 qua
1730 1007 1861 1070 picta

116 1107 252 1146 erant
292 1105 426 1160 gesta
468 1094 762 1159 sapientium
804 1103 953 1157 atque
992 1093 1204 1142 virorum
1243 1092 1441 1142 fortium
1480 1089 1724 1140 historiae.
1801 1092 1862 1138 In

117 1181 208 1228 hac
233 1178 424 1242 porticu
450 1177 694 1242 sapientes
727 1176 1221 1240 philosophabantur,
1250 1192 1307 1223 ex
1340 1191 1439 1237 quo
1473 1183 1522 1223 et
1557 1171 1708 1222 Stoici
1742 1169 1861 1221 dicti

117 1270 243 1310 sunt.
305 1263 493 1311 Graece
518 1261 649 1308 enim
675 1258 891 1323 porticus
917 1260 1037 1308 στοὰ
1060 1257 1250 1307 dicitur.
1303 1259 1451 1305 Hanc
1470 1264 1656 1305 sectam
1676 1253 1861 1319 primus

118 1346 287 1393 Zenon
304 1342 525 1392 instituit.
577 1342 644 1389 Hi
664 1351 844 1405 negant
861 1341 965 1390 sine
983 1340 1159 1390 virtute
1179 1338 1304 1388 effici
1321 1355 1622 1402 quemquam
1643 1339 1859 1386 beatum.
1886 1349 1921 1396 9

45 1444 91 1483 15
118 1427 282 1476 Omne
316 1434 576 1489 peccatum
613 1424 857 1472 uniforme
907 1439 1013 1472 esse
1049 1431 1285 1481 asserunt,
1330 1420 1581 1470 dicentes:
1638 1418 1746 1468 ‘Sic
1782 1420 1862 1467 ille

116 1525 301 1558 nocens
327 1507 416 1557 erit
440 1506 524 1570 qui
557 1508 721 1571 paleas
746 1504 973 1554 furaverit
998 1521 1146 1567 quarn
1173 1503 1257 1567 qui
1281 1520 1454 1552 aurum
1474 1521 1487 1563 3
1523 1501 1606 1565 qui
1641 1517 1862 1565 mergum

119 1590 351 1640 occiderit
392 1607 540 1653 quarn
589 1588 673 1652 qui
720 1605 919 1652 equum.
993 1588 1111 1636 Non
1149 1586 1281 1635 enim
1323 1585 1506 1634 animal
1548 1584 1752 1645 crimen,
1775 1585 1863 1634 sed

118 1672 311 1721 animus
346 1672 490 1721 facit)
563 1671 634 1719 Hi
668 1670 814 1720 etiam
848 1669 1064 1719 animam
1093 1685 1207 1717 cum
1242 1685 1446 1732 corpore
1482 1667 1637 1730 perire
1673 1667 1859 1726 dicunt,
1886 1677 1945 1712 10

122 1750 337 1799 animam
355 1766 566 1813 quoque.
619 1748 863 1798 Virtutem
881 1747 1214 1796 continentiae
1231 1764 1337 1796 esse
1356 1756 1552 1810 negant.
1611 1748 1863 1795 Affectant

47 1853 98 1882 20
119 1832 324 1895 gloriam
348 1842 610 1890 aeternam,
639 1848 751 1879 cum
778 1847 829 1880 se
855 1832 1096 1879 fateantur
1120 1846 1222 1878 non
1247 1845 1355 1879 esse
1377 1838 1617 1878 aeternos.
1674 1830 1864 1878 Acade·
1887 1842 1931 1878 11

120 1913 234 1962 mici
257 1913 488 1977 appellati
519 1930 549 1962 a
572 1912 685 1962 villa
717 1911 936 1961 Platonis
961 1911 1235 1961 Academia
1259 1913 1581 1970 Athenarum,
1609 1909 1695 1959 ubi
1728 1910 1861 1960 idem

121 1997 261 2044 Plato
285 1996 511 2045 docebat.
586 1994 658 2042 Hi
683 1994 850 2043 omnia
883 1996 1069 2042 incerta
1100 1993 1395 2057 opinantur3
1430 1995 1532 2052 sed,
1561 1992 1687 2041 sicut
1712 1994 1862 2042 faten-

120 2078 239 2126 dum
266 2086 338 2126 est
363 2078 518 2124 multa
542 2075 726 2125 incerta
751 2085 799 2124 et
824 2077 1017 2124 occulta
1043 2091 1162 2136 esse,
1191 2092 1318 2138 quae
1343 2074 1496 2124 voluit
1527 2076 1664 2124 Deus
1690 2074 1863 2124 intelli-

120 2158 334 2222 gentiam
374 2157 589 2207 hominis
628 2159 878 2218 excedere,
911 2157 979 2206 sic
1013 2167 1178 2207 tamen
1211 2157 1422 2220 plurima
1453 2173 1560 2206 esse
1593 2174 1720 2220 quae
1752 2173 1861 2220 pos-

48 2259 96 2300 25
121 2240 218 2290 sint
254 2249 302 2289 et
341 2239 565 2288 sensibus
605 2239 713 2302 capi
749 2248 796 2288 et
835 2239 1023 2288 ratione
1061 2238 1414 2303 conprehendi.
1491 2241 1640 2287 Hanc
1674 2247 1858 2288 sectam
1886 2255 1939 2290 12

120 2321 398 2371 Arcesilaus
451 2320 749 2384 Cyrenaicus
791 2320 1116 2385 philosophus
1163 2320 1408 2384 repperit,
1460 2320 1598 2370 cuius
1651 2329 1861 2370 sectator

179 2471 196 2498 1
229 2457 467 2509 appellatur
486 2457 523 2496 T
628 2458 757 2496 Loica
774 2457 819 2495 K
927 2470 950 2495 2
981 2457 1144 2496 naturis
1158 2456 1278 2495 BCT
1381 2470 1406 2507 3
1437 2463 1577 2496 autem
1595 2471 1675 2496 om.
1697 2457 1859 2510 K(non

123 2513 183 2564 A)
389 2519 431 2552 et
450 2512 516 2564 hi]
537 2512 667 2552 ethici
690 2511 770 2552 CK
785 2527 794 2552 ε
825 2518 868 2551 et
889 2512 1042 2551 ethnici
1065 2511 1348 2562 Klussmann,
1371 2518 1533 2564 excerpt.
1563 2511 1725 2553 Tertull.
1741 2519 1785 2563 p.
1811 2526 1860 2563 19

123 2583 147 2618 4
178 2569 334 2606 habent
353 2567 399 2606 K
418 2567 520 2620 (non
540 2567 602 2620 A)
740 2573 849 2607 auct.
873 2567 960 2606 suis
989 2572 1034 2605 ut
1055 2565 1102 2603 K
1117 2571 1212 2605 ante
1236 2580 1334 2607 corr.
1362 2566 1477 2619 (cum
1504 2567 1666 2607 Tertull.
1686 2567 1793 2618 apol.
1815 2571 1859 2616 3)

124 2636 146 2672 7
176 2634 422 2672 corporeum
451 2622 490 2661 T
673 2623 699 2660 8
727 2635 764 2660 a.
787 2627 829 2660 et
848 2634 923 2672 per
945 2621 979 2660 C
997 2635 1006 2660 :
1036 2635 1073 2660 a.
1095 2626 1190 2670 post
1210 2621 1303 2661 dett.
1492 2635 1541 2660 10
1570 2621 1597 2662 f.
1619 2623 1661 2661 in
1683 2621 1785 2663 Ath.
1811 2620 1861 2660 Cl

122 2690 247 2726 quem
275 2676 337 2716 T:
368 2690 448 2716 om.
472 2675 560 2714 ΒΚ
695 2689 741 2714 12
770 2677 1093 2726 philosabantur
1112 2674 1180 2714 B:
1211 2676 1518 2727 filosophantur
1537 2676 1605 2716 K:
1639 2677 1858 2726 philopha-

122 2732 274 2770 bantur
296 2730 332 2770 C
436 2744 490 2769 ex
511 2743 594 2780 qua
614 2727 659 2768 K
784 2744 832 2780 13
861 2737 1024 2770 sextam
1047 2729 1095 2768 C1
1115 2743 1124 2767 ε
1155 2736 1319 2770 sentam
1343 2736 1389 2770 ut
1406 2731 1486 2771 vid.
1516 2730 1554 2770 T
1680 2743 1727 2780 15
1763 2743 1859 2769 esse

123 2798 205 2825 om.
228 2785 274 2823 K
421 2787 469 2823 16
498 2785 595 2835 quia
616 2785 696 2835 pal.
725 2785 761 2823 T
856 2785 1016 2824 furatur
1036 2784 1082 2823 K
1211 2787 1259 2824 18
1289 2786 1389 2825 fecit
1417 2786 1455 2825 T
1557 2786 1741 2824 animum
1764 2785 1857 2823 BCl

129 2841 176 2879 18
205 2853 272 2879 an.
290 2852 458 2890 quoque
477 2853 568 2890 per.
588 2852 681 2879 cum
703 2853 818 2890 corp.
838 2839 884 2878 K
900 2840 1002 2891 (non
1019 2841 1083 2890 Α)
1177 2853 1290 2891 corp.
1312 2854 1397 2881 om.
1418 2841 1461 2880 D
1575 2854 1624 2890 19
1653 2839 1855 2891 animam]

126 2900 267 2933 amant
288 2894 329 2932 A
337 2908 429 2945 rev.,
440 2894 544 2944 sort.
570 2899 667 2934 recte
773 2906 941 2944 quoque
961 2907 1042 2934 om.
1067 2893 1113 2932 K
1131 2893 1234 2944 (non
1254 2894 1317 2946 A)
1429 2896 1583 2934 virtute
1604 2893 1650 2932 K
1760 2907 1855 2933 esse

127 2954 284 2997 negant
306 2949 440 3001 (nec-)
460 2949 552 2989 hab.
575 2947 790 2988 ABCDK
808 2963 818 2988 :
847 2962 928 2990 om.
958 2949 1176 2999 T(Arev.)
1284 2962 1338 2989 20
1364 2950 1552 2989 fatentur
1577 2949 1615 2988 T
1701 2961 1749 2986 21
1782 2961 1856 2998 ap-

126 3002 334 3052 pellantur
353 3002 399 3042 K
510 3016 562 3042 22
582 3004 749 3043 dicebat
765 3001 806 3041 B
923 3015 973 3053 23
998 3003 1135 3055 Deus]
1154 3003 1361 3044 Dominus
1376 3003 1418 3042 Β
1528 3017 1578 3054 24
1600 3003 1635 3042 si
1653 3009 1794 3042 tamen
1811 3002 1858 3041 K

126 3062 305 3107 possunt
323 3057 364 3096 Β
382 3071 391 3096 :
421 3064 596 3108 possent
611 3057 656 3096 K
763 3069 814 3107 25
843 3071 994 3098 sensus
1013 3057 1101 3096 ΒΚ
1119 3059 1222 3110 (non
1244 3058 1304 3112 D)
1399 3059 1492 3108 capi
1514 3063 1556 3097 et
1580 3057 1687 3097 ratio
1711 3057 1754 3095 D
1772 3073 1780 3097 :
1811 3063 1855 3098 et

128 3110 288 3150 ratione
311 3110 389 3150 CK
405 3124 413 3150 ι
443 3113 512 3162 pie
531 3113 758 3161 traditione
786 3113 845 3153 T:
875 3113 1171 3163 penetratione
1194 3111 1235 3150 Β
1372 3115 1423 3152 26
1453 3112 1518 3152 cui
1540 3111 1581 3149 Β
1601 3126 1609 3151 2
1642 3124 1725 3152 om.
1755 3111 1792 3150 T
