2228 3444
445 162 1077 213 ETYMOLOGIARVM
1116 163 1247 211 LIB.
1287 164 1324 210 Ι.
1365 160 1557 209 xii—xvii

130 290 290 352 plexio
315 285 506 336 dicitur.
580 289 710 334 Nam
736 285 921 348 syllaba
946 284 1078 334 dicta
1104 293 1177 333 est
1204 286 1294 333 ἀπὸ
1318 288 1400 333 τοῦ
1426 285 1784 347 συλλαμβάνειν
1815 286 1875 334 τὰ

128 371 392 435 γράμματα,
418 367 469 417 id
494 376 568 416 est
592 384 620 416 a
644 366 971 430 conceptione
996 366 1280 415 litterarum.
1353 367 1714 430 Συλλαμβάνειν
1738 367 1870 414 enim

129 451 305 501 dicitur
330 450 604 513 concipere.
674 451 823 498 Vnde
847 465 960 498 vera
985 450 1066 496 illa
1091 458 1164 497 est
1189 448 1387 511 syllaba,
1416 463 1543 511 quae
1568 464 1627 496 ex
1652 448 1872 510 pluribus

129 526 342 582 nascitur
366 532 548 581 litteris.
623 532 754 580 Nam
779 547 929 579 unam
959 532 1180 579 vocalem
1206 544 1294 594 pro
1320 530 1504 593 syllaba
1527 529 1743 588 abusive,
1773 546 1873 578 non

84 635 104 675 5
128 615 323 679 proprie
371 613 481 674 dici,
522 630 648 678 quae
696 629 799 661 non
836 623 935 661 tam
981 612 1167 676 syllaba
1202 611 1415 661 dicenda
1452 621 1525 661 est
1561 626 1709 675 quam
1752 611 1874 661 ratio

129 707 423 760 temporum.
495 695 719 759 Syllabae
755 703 920 743 autem
958 703 1044 742 aut
1082 694 1253 743 breves
1290 702 1419 753 sunt,
1454 701 1539 741 aut
1575 694 1764 756 longae,
1791 701 1875 740 aut

127 794 433 827 communes.
507 779 688 826 Breves
724 785 939 834 vocatae,
969 775 1084 838 quia
1121 790 1393 838 numquam
1419 772 1626 838 produci
1652 783 1873 837 possunt.
1899 785 1930 819 2

130 861 344 922 Longae,
384 860 499 922 quia
535 875 728 922 semper
762 858 1116 920 producuntur.
1192 857 1499 906 Communes
1541 865 1720 915 autem,
1762 854 1877 918 quia

128 958 215 1005 pro
252 940 508 990 scribentis
533 939 734 989 arbitrio
768 956 882 988 cum
914 938 1179 988 necessitas
1214 938 1345 1002 cogit
1378 948 1425 987 et
1456 938 1794 1001 producuntur
1828 946 1875 986 et

59 1041 104 1070 10
128 1022 467 1087 corripiuntur.
557 1025 688 1085 Lege
727 1024 998 1070 Donatum.
1086 1022 1211 1070 Ideo
1246 1029 1413 1069 autem
1450 1019 1665 1082 syllabae
1700 1021 1875 1082 longae

127 1105 399 1168 brevesque
419 1103 662 1164 dicuntur,
686 1102 800 1167 quia
826 1119 912 1166 per
936 1101 1090 1150 varias
1117 1118 1296 1151 vocum
1322 1118 1484 1150 moras
1509 1110 1593 1150 aut
1617 1102 1768 1164 dupla
1792 1110 1876 1149 aut

128 1187 304 1250 simpla
328 1185 483 1249 spatia
514 1185 748 1249 temporis
780 1186 964 1233 habere
999 1184 1239 1233 videntur.
1318 1183 1636 1247 Dipthongae
1662 1182 1877 1245 syllabae

127 1268 319 1317 Graeco
358 1266 559 1316 nomine
596 1266 770 1326 dictae,
810 1267 947 1329 quod
983 1265 1034 1313 in
1071 1265 1140 1314 eis
1176 1264 1323 1314 binae
1360 1266 1554 1314 vocales
1593 1266 1871 1327 iunguntur.

129 1351 203 1396 Ex
250 1348 325 1397 his
364 1351 497 1412 apud
534 1364 625 1397 nos
660 1364 798 1397 veras
835 1364 942 1396 esse
979 1356 1237 1410 quattuor:
1278 1348 1394 1407 ‘ae‚'
1435 1348 1553 1406 ‘oe,'
1592 1348 1712 1406 ‘au‚'
1752 1349 1875 1394 ‘eu.'
1899 1353 1929 1399 3

56 1446 102 1488 15
129 1434 140 1456 ‘
158 1430 245 1478 Ei'
271 1446 385 1479 vero
410 1432 543 1493 apud
577 1429 785 1479 maiores
816 1438 1008 1477 tantum
1043 1429 1287 1477 celebrata
1311 1428 1416 1476 fuit.
1490 1428 1685 1491 Syllaba
1709 1437 1873 1476 autem

127 1513 260 1575 apud
287 1511 515 1561 metricos
541 1511 656 1561 ideo
682 1511 895 1574 semipes
925 1511 1223 1569 nominatur,
1251 1511 1387 1573 quod
1417 1508 1477 1557 sit
1507 1508 1741 1559 dimidius
1771 1527 1872 1572 pes.

130 1595 258 1641 Nam
296 1610 382 1657 pes
419 1594 613 1643 duabus
643 1603 837 1642 constat
872 1591 1084 1656 syllabis.
1158 1594 1288 1642 Cum
1315 1608 1429 1654 ergo
1455 1590 1638 1654 syllaba
1664 1606 1761 1638 una
1787 1599 1871 1649 est,

127 1674 266 1739 quasi
291 1675 524 1725 dimidius
550 1692 635 1739 pes
661 1685 747 1724 est.
824 1674 1091 1737 Dionysius
1115 1673 1305 1722 Lintius
1332 1673 1625 1736 syllabarum
1652 1671 1874 1721 omnium

128 1757 341 1821 singulas
367 1759 548 1807 formas
573 1757 848 1822 aptissimas
874 1756 1002 1816 fecit,
1031 1766 1079 1805 et
1105 1756 1171 1805 ob
1198 1757 1247 1804 id
1273 1764 1432 1804 statua
1458 1756 1726 1803 honoratus
1752 1763 1836 1802 est.

57 1857 105 1887 20
265 1842 348 1887 DE
373 1854 603 1887 PEDIBvs.
685 1841 837 1888 Pedes
873 1848 1000 1898 sunt,
1028 1837 1112 1900 qui
1140 1836 1282 1886 certis
1316 1837 1610 1900 syllabarum
1649 1837 1875 1899 tempori·
1898 1839 2019 1881 XVII

127 1921 219 1969 bus
245 1920 489 1980 insistunt,
519 1937 611 1970 nec
637 1938 665 1968 a
690 1919 908 1983 legitimo
935 1921 1094 1982 spatio
1125 1934 1361 1981 umquam
1388 1920 1640 1967 recedunt.
1715 1918 1872 1966 Pedes

127 2001 245 2050 dicti
271 2019 343 2063 eo,
368 2004 504 2065 quod
530 2019 615 2065 per
640 2001 771 2065 ipsos
800 2010 952 2050 metra
975 2000 1246 2048 ambulent.
1317 2001 1448 2048 Nam
1475 1999 1601 2047 sicut
1626 2016 1714 2047 nos
1740 1998 1872 2062 pedi-

128 2082 219 2131 bus
263 2083 553 2142 incedimus,
594 2083 660 2131 ita
702 2092 856 2131 metra
892 2081 1030 2144 quasi
1068 2080 1278 2144 pedibus
1326 2080 1625 2143 gradiuntur.
1713 2081 1871 2129 Pedes

127 2174 292 2214 autem
319 2181 492 2214 omnes
517 2174 716 2213 centum
742 2162 912 2227 viginti
937 2171 1168 2226 quattuor
1198 2171 1311 2210 sunt
1332 2181 1340 2210 ι
1375 2160 1601 2224 disyllabi
1627 2169 1870 2224 quattuor,

55 2265 102 2306 25
128 2245 359 2309 trisyllabi
397 2256 523 2306 octo,
562 2244 858 2308 tetrasyllabi
894 2243 1125 2304 sedecim,
1164 2242 1489 2308 pentasyllabi
1525 2242 1719 2306 triginta
1755 2244 1870 2302 duo,

128 2328 426 2391 hexasyllabi
474 2327 723 2391 sexaginta
762 2336 1006 2390 quattuor.
1102 2329 1275 2389 Vsque
1321 2328 1385 2375 ad
1434 2334 1665 2389 quattuor
1706 2335 1871 2374 autem

127 2410 336 2471 syllabas
360 2411 513 2471 pedes
539 2411 782 2469 dicuntur,
811 2407 984 2470 reliqui
1010 2407 1228 2471 syzygiae
1253 2416 1505 2455 vocantur.
1579 2405 1682 2470 Ipsi
1705 2416 1870 2454 autem
1897 2420 1926 2453 2

127 2490 279 2551 pedes
319 2488 504 2536 habent
542 2486 778 2551 speciales
815 2503 986 2535 causas
1025 2487 1300 2546 nominum,
1328 2502 1480 2549 quare
1517 2486 1582 2533 ita
1619 2493 1866 2533 vocentur.

185 2630 203 2654 1
237 2617 461 2660 συλλαβεῖν
500 2616 706 2668 (sillabin)
733 2616 815 2655 TU
1016 2628 1041 2654 2
1071 2615 1112 2654 id
1134 2622 1198 2654 est
1220 2628 1303 2654 om.
1323 2615 1382 2653 Κι
1542 2613 1688 2652 sillaba
1705 2613 1812 2652 enirn
1841 2612 1877 2651 T

125 2683 151 2720 3
181 2683 292 2711 conc.
318 2672 472 2710 dicitur
490 2672 535 2711 K
640 2684 741 2710 vere
762 2671 843 2710 KC
1004 2673 1030 2708 6
1057 2676 1198 2709 autern
1214 2683 1298 2709 om.
1317 2669 1376 2708 Κ1
1539 2670 1564 2706 8
1594 2681 1764 2717 semper
1778 2680 1872 2718 pro·

127 2726 331 2764 ducuntur
362 2726 462 2765 CK:
490 2738 718 2775 numquam
747 2725 901 2776 corripi
930 2731 1109 2776 possunt
1137 2724 1178 2762 Β
1187 2724 1228 2762 T.
1290 2723 1390 2762 Huc
1403 2724 1588 2772 fortasse
1617 2722 1870 2771 referendum

125 2779 233 2818 illud
243 2781 340 2830 quia
358 2793 584 2831 numquam
603 2782 645 2819 in
666 2780 768 2818 xvii.
795 2792 813 2818 1
841 2782 967 2830 (inter
982 2785 1181 2829 quattuor
1193 2784 1230 2817 et
1249 2778 1475 2829 trisyllabi)
1488 2777 1529 2815 in
1547 2777 1582 2815 C
1700 2789 1726 2826 9
1759 2775 1871 2824 cogit

127 2845 210 2874 om.
225 2834 272 2872 K
273 2836 286 2857 ¹
398 2849 415 2873 1
427 2848 443 2874 1
460 2835 575 2886 quia]
591 2836 702 2884 quod
719 2839 766 2873 ut
778 2834 856 2875 vid.
873 2834 934 2873 Kl
1032 2847 1079 2883 13
1096 2834 1321 2882 iungantur
1334 2833 1374 2870 B
1487 2843 1534 2880 14
1549 2842 1644 2870 esse
1656 2842 1737 2879 que
1751 2835 1871 2878 quat-

125 2894 223 2932 tuor
242 2888 279 2927 T
427 2902 474 2939 15
503 2890 790 2928 tantummodo
807 2890 883 2928 cel.
900 2888 947 2926 K
1068 2890 1117 2926 16
1148 2888 1241 2926 ideo
1259 2900 1290 2926 s.
1309 2900 1350 2926 n.
1372 2886 1483 2936 quod
1496 2885 1583 2923 AB
1593 2884 1688 2923 TU:
1711 2896 1792 2923 s.n.
1817 2897 1869 2923 eo

126 2943 239 2990 quod
255 2943 300 2981 K
318 2958 326 2982 :
356 2943 450 2983 ideo
471 2957 503 2983 s.
521 2957 562 2984 n.
584 2957 636 2983 eo
657 2944 771 2994 quod
796 2943 830 2982 C
941 2955 988 2992 17
1018 2941 1194 2992 syllabis
1214 2947 1384 2980 constat
1403 2940 1450 2979 K
1561 2941 1609 2978 18
1637 2938 1755 2988 quasi
1777 2951 1863 2977 om.

128 2995 188 3034 K²
287 2997 448 3037 Lintius
467 2999 586 3038 [sida
607 2997 759 3037 Λίνδιος
777 2997 942 3047 Strabo,
965 2998 1038 3036 alii
1162 2997 1216 3034 26
1243 2996 1296 3034 ad
1317 3009 1382 3045 qu.
1404 2995 1501 3044 syll.
1527 2995 1627 3043 (om.
1650 2993 1810 3044 autem)
1837 2992 1873 3032 C

128 3062 178 3099 27
207 3058 414 3092 vocantur
438 3085 444 3093 .
468 3085 475 3092 .
502 3084 509 3093 .
533 3054 730 3092 dicuntur
751 3052 805 3091 K¹
826 3057 872 3092 ut
890 3051 967 3091 vid.
1150 3051 1200 3090 28
1231 3056 1434 3089 vocantur
1453 3048 1569 3087 B1K¹
1593 3051 1638 3086 ut
1657 3047 1736 3086 vid.
