2228 3444
1164 147 1434 197 ISIDORI
2202 124 2228 193 1

419 267 655 316 iudicium
695 271 803 329 Dei,
844 272 942 321 sive
983 275 1097 336 quia
1130 276 1179 324 in
1215 280 1609 343 presbyterorum
1645 285 1828 335 iudicio
1871 293 2164 342 sententiam

417 347 612 398 divinae
662 352 1035 404 examinationis
1079 357 1314 420 exhibuit,
1359 363 1477 412 dum
1523 376 1711 429 reperta
1750 385 1917 419 eorum
1957 374 2165 425 falsitate

418 430 691 480 Susannam
727 433 790 481 ab
824 434 1021 485 interitu
1051 437 1274 490 liberavit
1292 461 1305 502 3
1342 443 1442 493 sive
1476 449 1611 508 quod
1642 448 1852 500 visiones
1885 461 1931 501 et
1957 457 2161 518 somnia,

415 510 595 574 quibus
621 530 707 576 per
732 514 921 579 singula
947 521 1190 581 quaedam
1214 532 1262 572 et
1281 526 1557 590 aenigmata
1573 531 1734 580 futura
1750 537 2162 600 monstrabantur,

415 594 575 657 sagaci
602 605 767 646 mente
792 597 1077 651 discernens
1102 605 1305 667 aperuit.
1360 607 1462 657 Hic
1481 619 1529 659 et
1545 611 1901 664 desideriorum
1916 617 1987 666 vir
2001 622 2164 682 appel-
2185 640 2206 679 5

413 678 539 725 latus
566 687 652 738 est,
681 679 795 742 quia
828 699 1008 744 panem
1046 685 1275 735 desiderii
1300 706 1402 737 non
1434 694 1750 743 manducavit
1783 705 1831 745 et
1855 697 2022 748 vinum
2050 718 2162 749 con-

331 774 389 808 10
413 759 746 821 cupiscentiae
795 780 896 811 non
946 764 1081 814 bibit.
1158 769 1290 818 Ozee
1339 774 1561 833 salvator,
1611 786 1695 824 aut
1744 779 1950 828 salvans.
2025 784 2159 831 Dum

412 841 542 889 enim
571 841 690 891 iram
722 844 815 893 Dei
841 845 889 893 in
916 850 1157 910 populum
1187 852 1337 901 Israel
1367 854 1433 902 ob
1464 855 1649 905 crimen
1676 857 1931 909 idolatriae
1956 867 2162 927 prophe-

410 931 573 982 tasset,
602 926 773 974 domui
802 929 959 977 Iudae
986 932 1193 980 salutem
1220 936 1568 996 pronuntiavit.
1643 942 1847 1004 Propter
1879 946 2015 1005 quod
2043 947 2161 995 Eze-

409 1005 543 1054 chias
568 1023 650 1055 rex
678 1010 817 1068 Iuda,
839 1011 1041 1060 sublatis
1062 1012 1220 1075 idolis,
1243 1033 1367 1078 quos
1383 1022 1735 1081 praecedentes
1755 1040 1892 1087 reges
1909 1043 2160 1077 consecra·
2184 1048 2228 1077 10

408 1098 589 1148 verant,
630 1093 870 1154 templum
920 1094 1125 1143 Domini
1163 1114 1395 1161 purgasse
1430 1117 1487 1149 ac
1526 1103 1809 1165 purificasse
1847 1118 2158 1159 monstratur.

340 1181 386 1215 11
410 1171 551 1219 Iohel
580 1173 827 1223 Dominus
859 1176 1011 1236 Deus,
1039 1177 1140 1227 sive
1173 1178 1412 1243 incipiens
1445 1185 1570 1244 Deo,
1598 1187 1674 1234 vel
1710 1186 1799 1236 fuit
1830 1189 1938 1238 Dei.
2013 1194 2156 1241 Haec

331 1267 383 1301 12
408 1252 539 1301 enim
578 1253 682 1303 eius
716 1257 1014 1307 vocabulum
1049 1271 1245 1309 resonat
1283 1266 1579 1328 etymologia
1609 1267 1805 1319 incerta.
1881 1274 2036 1321 Amos
2073 1291 2157 1337 po-

405 1336 549 1396 pulus
569 1338 780 1386 avulsus.
834 1340 1099 1402 Prophetia
1118 1342 1249 1391 enim
1278 1344 1462 1413 eiusad
1483 1350 1722 1412 populum
1742 1351 1831 1399 fuit
1854 1354 2018 1414 Israel,
2042 1356 2156 1418 quia

405 1415 501 1464 iam
520 1420 715 1467 avulsus
733 1430 834 1468 erat
853 1438 881 1468 a
897 1423 1134 1483 Domino,
1154 1434 1200 1473 et
1216 1426 1374 1475 aureis
1391 1427 1552 1478 vitulis
1570 1431 1823 1493 serviebat,
1842 1434 1943 1484 sive
1958 1439 2155 1486 avulsus
2179 1459 2225 1499 15

326 1516 380 1562 13
404 1515 431 1547 a
458 1517 607 1563 regno
642 1501 801 1565 stirpis
835 1504 1010 1553 David.
1087 1508 1286 1556 Nahum
1319 1526 1536 1572 gemens,
1571 1512 1670 1562 sive
1709 1518 2000 1566 consolator.
2077 1521 2155 1567 In·

404 1593 569 1645 crepat
613 1584 743 1633 enim
784 1585 1031 1636 civitatem
1073 1590 1381 1652 sanguinum,
1428 1603 1475 1642 et
1518 1605 1628 1657 post
1671 1598 1976 1648 eversionem
2026 1601 2152 1650 illius

403 1666 684 1714 consolatur
722 1666 840 1714 Sion
881 1668 1051 1718 dicens
1090 1671 1312 1734 (Nahum
1338 1673 1509 1741 1,15):
1561 1679 1724 1727 ‘Ecce
1765 1697 1911 1743 super
1959 1692 2152 1731 montes

322 1767 377 1815 14
403 1747 555 1808 pedes
594 1749 969 1811 evangelizantis
1014 1761 1061 1799 et
1103 1754 1442 1805 adnuntiantis
1485 1763 1690 1820 pacem.⁷
1763 1764 2006 1813 Habacuc
2053 1782 2152 1814 am·

401 1829 603 1891 plexans
622 1848 634 1889 ,·
677 1830 760 1892 qui
801 1834 875 1879 vel
915 1849 973 1881 ex
1013 1850 1087 1893 eo,
1126 1838 1261 1896 quod
1300 1839 1525 1888 amabilis
1565 1843 1769 1891 Domini
1810 1845 1912 1906 fuit,
1953 1857 2152 1896 vocatur
2173 1869 2225 1899 20

401 1911 710 1974 amplexatio,
732 1914 807 1962 vel
833 1915 969 1976 quod
990 1914 1039 1962 in
1066 1925 1314 1966 certamen
1341 1936 1454 1968 cum
1483 1924 1594 1970 Deo
1621 1926 1948 1988 congreditur,
1970 1931 2150 1992 ample-

401 1992 571 2053 xantis,
600 1992 651 2042 id
681 2003 753 2043 est
785 1996 1029 2057 luctantis,
1058 1998 1254 2047 sortitus
1292 2010 1365 2049 est
1396 2019 1596 2053 nomen.
1671 2007 1848 2056 Nullus
1881 2008 2014 2058 enim
2047 2020 2147 2060 tam

399 2075 575 2124 audaci
601 2093 723 2126 voce
747 2094 895 2126 ausus
921 2088 993 2127 est
1019 2081 1185 2129 Deum
1210 2084 1274 2130 ad
1299 2083 1710 2148 disceptationem
1744 2088 1955 2141 iustitiae
1979 2109 2149 2155 provo-

398 2173 521 2216 care,
550 2175 635 2206 cur
661 2158 710 2206 in
736 2160 881 2208 rebus
909 2162 1136 2212 humanis
1162 2173 1211 2213 et
1235 2166 1409 2215 mundi
1435 2167 1572 2217 istius
1593 2179 1728 2219 tanta
1751 2189 1911 2221 rerum
1933 2185 2149 2224 versatur

234 2239 373 2297 15,16
398 2238 644 2302 iniquitas.
722 2241 962 2303 Micheas,
992 2244 1100 2306 quis
1129 2245 1221 2306 hic,
1250 2249 1326 2295 vel
1353 2248 1461 2311 quis
1488 2249 1618 2298 iste?
1672 2254 1950 2316 Sophonias
1976 2273 2142 2320 specu·
2168 2276 2215 2317 25

457 2380 472 2404 1
506 2367 589 2406 iud.
616 2368 706 2406 sive
727 2367 785 2405 Kl
965 2371 1080 2422 quia]
1103 2373 1215 2421 quod
1237 2372 1283 2410 K
1463 2374 1528 2427 in]
1550 2376 1659 2416 inter
1687 2377 1724 2415 T
1881 2381 2076 2422 iudicium
2100 2384 2143 2422 K

398 2435 421 2470 4
453 2422 640 2474 singula]
663 2424 782 2472 signa
804 2423 854 2462 C2
872 2424 975 2476 (non
994 2426 1061 2475 H)
1084 2441 1093 2465 ε
1121 2427 1227 2476 sigla
1247 2429 1505 2479 Arev.‚s0rt.
1528 2436 1622 2469 recte
1795 2436 1912 2488 aen.]
1934 2438 2078 2487 ignota
2099 2439 2145 2477 K

398 2478 715 2516 monstrabatur
736 2478 781 2515 K
906 2492 930 2528 5
962 2480 1029 2519 hic
1051 2481 1140 2521 des.
1163 2481 1251 2519 ΒΚ
1386 2485 1412 2521 6
1441 2485 1556 2537 quia]
1578 2488 1690 2536 quod
1710 2488 1752 2526 Β
1860 2505 1886 2541 9
1917 2491 2068 2532 iudaea
2091 2494 2140 2532 Cl

401 2544 450 2569 1o
482 2540 843 2582 consegraverunt
869 2533 915 2572 C1
936 2549 944 2573 :
974 2543 1331 2576 conservaverunt
1353 2537 1399 2575 K
1510 2553 1554 2577 11
1581 2541 1749 2581 Domini
1771 2556 1854 2586 om.
1878 2544 1925 2582 K
2004 2547 2074 2599 ac]
2097 2555 2139 2588 et

397 2585 443 2622 K
525 2587 840 2626 demonstratur
859 2589 900 2626 Β
1015 2603 1062 2628 12
1081 2591 1163 2629 hoc
1179 2590 1225 2628 K
1336 2605 1384 2642 13
1405 2594 1607 2633 vocabolo
1627 2594 1674 2634 K
1782 2611 1828 2648 14
1849 2612 1873 2637 a
1893 2602 2046 2650 popolo
2067 2602 2138 2643 K:

397 2654 421 2678 a
442 2642 642 2690 populum
668 2642 717 2680 Cl
902 2644 1018 2696 quia]
1042 2647 1155 2694 quod
1176 2645 1217 2682 Β
1366 2649 1415 2685 16
1445 2649 1642 2702 gemens]
1664 2664 1816 2700 gemen
1845 2653 1990 2694 Tante
2008 2670 2106 2697 corr.
2127 2673 2136 2697 :

396 2708 571 2744 germen
600 2695 637 2733 T
651 2709 699 2735 ex
717 2710 814 2737 corr.
837 2697 962 2736 BCK
1204 2701 1448 2740 consolatus
1468 2702 1509 2739 Β
1757 2710 1806 2747 18
1836 2711 2077 2750 consolatus
2097 2711 2139 2749 Β

400 2762 450 2798 19
479 2763 631 2799 evang.
663 2764 810 2801 pacem
842 2759 882 2791 et
916 2754 1118 2794 adnuntis
1155 2755 1244 2806 (sic)
1281 2756 1391 2795 bona
1434 2757 1471 2794 T
1501 2758 1602 2809 (non
1630 2760 1725 2809 H):
1756 2764 2136 2813 evangelizantium

397 2817 545 2854 pacem
574 2803 620 2841 K
770 2819 823 2845 20
861 2808 930 2857 qui
962 2809 1029 2847 vel
1065 2809 1122 2848 T:
1160 2810 1255 2859 quia
1284 2809 1317 2861 (2
1330 2811 1419 2864 qui)
1451 2813 1518 2851 vel
1543 2815 1656 2863 quod
1685 2816 1728 2853 A
1751 2830 1761 2855 :
1797 2818 1894 2866 quia
1922 2819 1989 2858 vel
2017 2818 2142 2859 BCK
2212 2838 2221 2869 ¹,

397 2860 569 2898 domino
590 2858 636 2897 K
744 2873 794 2899 21
827 2863 995 2914 congr.]
1017 2863 1316 2914 ingrederetur
1335 2864 1382 2903 K
1489 2880 1540 2905 22
1559 2874 1662 2908 sort.
1681 2883 1792 2911 nom.
1811 2871 1859 2909 K
1964 2886 2016 2922 23
2038 2881 2141 2925 post

397 2914 520 2952 deum
538 2927 640 2953 eras.
656 2919 715 2954 est
727 2916 882 2955 vidisse
897 2917 941 2956 in
961 2918 998 2955 T
1102 2932 1153 2968 24
1182 2925 1377 2959 versatur
1388 2921 1468 2961 BC
1473 2921 1510 2959 T
1518 2937 1526 2962 :
1558 2930 1751 2963 versetur
1765 2925 1859 2964 ΑΚ
1963 2930 1983 2974 ξ
2004 2941 2053 2979 15
2081 2929 2135 2968 In

386 2969 476 3017 fine
494 2968 591 3008 add.
615 2971 891 3009 comminatur
917 2972 1134 3012 Samariae
1153 2973 1206 3012 ob
1226 2986 1393 3013 causam
1425 2976 1746 3017 simulacrorum
1770 2979 1840 3020 illo
1858 2981 1998 3032 modo,
2021 2985 2134 3033 quod

398 3022 489 3073 (leg.
514 3025 615 3073 quo)
640 3024 732 3063 Eliu
764 3025 925 3075 dicitur,
949 3027 1043 3076 quis
1065 3027 1152 3077 (qui
1180 3027 1222 3065 U
1227 3029 1242 3080 >
1268 3034 1332 3068 est
1361 3029 1442 3069 iste
1471 3031 1688 3072 involvens
1717 3036 1952 3075 sententias
1974 3037 2010 3076 C
2013 3037 2114 3076 T²U
2124 3052 2134 3076 :

396 3091 477 3115 om.
500 3078 693 3118 ABKT1
824 3080 875 3118 ob
905 3081 1013 3120 hanc
1043 3095 1131 3122 cau.
1158 3082 1193 3120 C
1317 3096 1395 3124 mo.
1422 3085 1474 3124 de
1496 3099 1578 3136 quo
1598 3086 1694 3128 Hel.
1722 3088 1758 3128 C
1882 3102 1932 3140 25
1962 3093 2132 3142 specula

397 3132 522 3172 Arev.
