<?xml version="1.0" encoding="UTF-8"?>
<!DOCTYPE html PUBLIC "-//W3C//DTD XHTML 1.0 Transitional//EN"
    "http://www.w3.org/TR/xhtml1/DTD/xhtml1-transitional.dtd">
<html xmlns="http://www.w3.org/1999/xhtml" xml:lang="en" lang="en">
 <head>
  <title>
</title>
<meta http-equiv="Content-Type" content="text/html;charset=utf-8" />
  <meta name='ocr-system' content='tesseract 3.04.00' />
  <meta name='ocr-capabilities' content='ocr_page ocr_carea ocr_par ocr_line ocrx_word'/>
</head>
<body>
  <div class='ocr_page' id='page_1' title='image "./isidori01isiduoft/isidori01isiduoft_0154.png"; bbox 0 0 2228 3444; ppageno 0'>
   <div class='ocr_carea' id='block_1_1' title="bbox 1098 191 1370 239">
    <p class='ocr_par' dir='ltr' id='par_1_1' title="bbox 1098 191 1370 239">
     <span class='ocr_line' id='line_1_1' title="bbox 1098 191 1370 239; baseline 0 -1"><span class='ocrx_word' id='word_1_1' title='bbox 1098 191 1370 239; x_wconf 86' lang='lat' dir='ltr'>ISIDORI</span> 
     </span>
    </p>
   </div>
   <div class='ocr_carea' id='block_1_2' title="bbox 193 318 2178 2522">
    <p class='ocr_par' dir='ltr' id='par_1_2' title="bbox 290 318 2178 1696">
     <span class='ocr_line' id='line_1_2' title="bbox 351 318 2098 383; baseline 0.001 -16"><span class='ocrx_word' id='word_1_2' title='bbox 351 318 554 383; x_wconf 88' lang='lat' dir='ltr'>quidem</span> <span class='ocrx_word' id='word_1_3' title='bbox 593 319 846 368; x_wconf 85' lang='lat' dir='ltr'>funeribus</span> <span class='ocrx_word' id='word_1_4' title='bbox 883 329 1076 368; x_wconf 89' lang='lat' dir='ltr'>tantum</span> <span class='ocrx_word' id='word_1_5' title='bbox 1113 320 1376 380; x_wconf 88' lang='lat' dir='ltr'>adhibitas,</span> <span class='ocrx_word' id='word_1_6' title='bbox 1398 328 1518 369; x_wconf 80' lang='lat' dir='ltr'>&#39;mox</span> <span class='ocrx_word' id='word_1_7' title='bbox 1554 330 1603 369; x_wconf 90' lang='lat' dir='ltr'>et</span> <span class='ocrx_word' id='word_1_8' title='bbox 1640 320 1787 370; x_wconf 89' lang='lat' dir='ltr'>sacris</span> <span class='ocrx_word' id='word_1_9' title='bbox 1826 320 2098 383; x_wconf 85' lang='lat' dir='ltr'><strong>gentilium.</strong></span> 
     </span>
     <span class='ocr_line' id='line_1_3' title="bbox 350 401 2097 466; baseline 0.001 -16"><span class='ocrx_word' id='word_1_10' title='bbox 350 401 521 450; x_wconf 92' lang='lat' dir='ltr'>Tibias</span> <span class='ocrx_word' id='word_1_11' title='bbox 547 410 714 451; x_wconf 91' lang='lat' dir='ltr'>autem</span> <span class='ocrx_word' id='word_1_12' title='bbox 740 404 1008 466; x_wconf 91' lang='lat' dir='ltr'>appellatas</span> <span class='ocrx_word' id='word_1_13' title='bbox 1035 411 1228 465; x_wconf 89' lang='lat' dir='ltr'>putant,</span> <span class='ocrx_word' id='word_1_14' title='bbox 1247 404 1385 465; x_wconf 89' lang='lat' dir='ltr'>quod</span> <span class='ocrx_word' id='word_1_15' title='bbox 1410 402 1623 465; x_wconf 90' lang='lat' dir='ltr'>primum</span> <span class='ocrx_word' id='word_1_16' title='bbox 1650 403 1714 451; x_wconf 93' lang='lat' dir='ltr'>de</span> <span class='ocrx_word' id='word_1_17' title='bbox 1738 402 1947 451; x_wconf 90' lang='lat' dir='ltr'>cervinis</span> <span class='ocrx_word' id='word_1_18' title='bbox 1965 402 2097 452; x_wconf 89' lang='lat' dir='ltr'>tibiis</span> 
     </span>
     <span class='ocr_line' id='line_1_4' title="bbox 347 483 2100 548; baseline -0.001 -15"><span class='ocrx_word' id='word_1_19' title='bbox 347 484 670 548; x_wconf 87' lang='lat' dir='ltr'>cruribusque</span> <span class='ocrx_word' id='word_1_20' title='bbox 719 484 1038 533; x_wconf 88' lang='lat' dir='ltr'>hinnulorum</span> <span class='ocrx_word' id='word_1_21' title='bbox 1086 486 1278 545; x_wconf 86' lang='lat' dir='ltr'>fierent,</span> <span class='ocrx_word' id='word_1_22' title='bbox 1325 484 1508 533; x_wconf 89' lang='lat' dir='ltr'>deinde</span> <span class='ocrx_word' id='word_1_23' title='bbox 1555 501 1642 547; x_wconf 92' lang='lat' dir='ltr'>per</span> <span class='ocrx_word' id='word_1_24' title='bbox 1689 483 1983 533; x_wconf 84' lang='lat' dir='ltr'>abusionem</span> <span class='ocrx_word' id='word_1_25' title='bbox 2031 484 2100 533; x_wconf 91' lang='lat' dir='ltr'>ita</span> 
     </span>
     <span class='ocr_line' id='line_1_5' title="bbox 347 565 2098 630; baseline -0.001 -14"><span class='ocrx_word' id='word_1_26' title='bbox 347 576 549 630; x_wconf 83' lang='lat' dir='ltr'>coeptas</span> <span class='ocrx_word' id='word_1_27' title='bbox 569 567 733 615; x_wconf 89' lang='lat' dir='ltr'>vocari</span> <span class='ocrx_word' id='word_1_28' title='bbox 771 567 919 616; x_wconf 89' lang='lat' dir='ltr'>etiam</span> <span class='ocrx_word' id='word_1_29' title='bbox 945 584 1071 630; x_wconf 82' lang='lat' dir='ltr'>quae</span> <span class='ocrx_word' id='word_1_30' title='bbox 1103 583 1208 615; x_wconf 92' lang='lat' dir='ltr'>non</span> <span class='ocrx_word' id='word_1_31' title='bbox 1240 568 1303 615; x_wconf 92' lang='lat' dir='ltr'>de</span> <span class='ocrx_word' id='word_1_32' title='bbox 1337 566 1558 615; x_wconf 90' lang='lat' dir='ltr'>cruribus</span> <span class='ocrx_word' id='word_1_33' title='bbox 1589 565 1887 629; x_wconf 88' lang='lat' dir='ltr'>ossibusque</span> <span class='ocrx_word' id='word_1_34' title='bbox 1918 575 2098 615; x_wconf 84' lang='lat' dir='ltr'>essent.</span> 
     </span>
     <span class='ocr_line' id='line_1_6' title="bbox 295 648 2144 715; baseline -0.001 -17"><span class='ocrx_word' id='word_1_35' title='bbox 295 666 325 715; x_wconf 91' lang='lat'><em>5</em></span> <span class='ocrx_word' id='word_1_36' title='bbox 350 650 488 698; x_wconf 91' lang='lat' dir='ltr'>Hinc</span> <span class='ocrx_word' id='word_1_37' title='bbox 520 658 567 698; x_wconf 86' lang='lat' dir='ltr'>et</span> <span class='ocrx_word' id='word_1_38' title='bbox 598 649 798 710; x_wconf 84' lang='lat' dir='ltr'>tibicen,</span> <span class='ocrx_word' id='word_1_39' title='bbox 828 651 969 712; x_wconf 90' lang='lat' dir='ltr'>quasi</span> <span class='ocrx_word' id='word_1_40' title='bbox 1003 648 1235 697; x_wconf 90' lang='lat' dir='ltr'>tibiarum</span> <span class='ocrx_word' id='word_1_41' title='bbox 1266 658 1456 697; x_wconf 90' lang='lat' dir='ltr'>cantus.</span> <span class='ocrx_word' id='word_1_42' title='bbox 1531 649 1769 697; x_wconf 84' lang='lat' dir='ltr'>Calamus</span> <span class='ocrx_word' id='word_1_43' title='bbox 1807 664 1991 696; x_wconf 90' lang='lat' dir='ltr'>nomen</span> <span class='ocrx_word' id='word_1_44' title='bbox 2026 657 2099 696; x_wconf 89' lang='lat' dir='ltr'>est</span> <span class='ocrx_word' id='word_1_45' title='bbox 2124 669 2144 708; x_wconf 89' lang='lat'>5</span> 
     </span>
     <span class='ocr_line' id='line_1_7' title="bbox 348 730 2096 796; baseline -0.002 -15"><span class='ocrx_word' id='word_1_46' title='bbox 348 731 601 796; x_wconf 89' lang='lat' dir='ltr'>proprium</span> <span class='ocrx_word' id='word_1_47' title='bbox 638 731 825 780; x_wconf 90' lang='lat' dir='ltr'>arboris</span> <span class='ocrx_word' id='word_1_48' title='bbox 864 749 893 779; x_wconf 91' lang='lat' dir='ltr'>a</span> <span class='ocrx_word' id='word_1_49' title='bbox 930 732 1159 790; x_wconf 87' lang='lat' dir='ltr'>calendo,</span> <span class='ocrx_word' id='word_1_50' title='bbox 1200 730 1251 779; x_wconf 93' lang='lat' dir='ltr'>id</span> <span class='ocrx_word' id='word_1_51' title='bbox 1289 739 1362 779; x_wconf 90' lang='lat' dir='ltr'>est</span> <span class='ocrx_word' id='word_1_52' title='bbox 1399 731 1659 778; x_wconf 89' lang='lat' dir='ltr'>fundendo</span> <span class='ocrx_word' id='word_1_53' title='bbox 1693 746 1842 778; x_wconf 89' lang='lat' dir='ltr'>voces</span> <span class='ocrx_word' id='word_1_54' title='bbox 1876 738 2096 778; x_wconf 89' lang='lat' dir='ltr'>vocatus.</span> 
     </span>
     <span class='ocr_line' id='line_1_8' title="bbox 290 811 2098 876; baseline -0.004 -10"><span class='ocrx_word' id='word_1_55' title='bbox 290 819 325 866; x_wconf 87' lang='lat'>6</span> <span class='ocrx_word' id='word_1_56' title='bbox 349 816 589 863; x_wconf 89' lang='lat' dir='ltr'>Fistulam</span> <span class='ocrx_word' id='word_1_57' title='bbox 622 813 826 876; x_wconf 87' lang='lat' dir='ltr'>quidam</span> <span class='ocrx_word' id='word_1_58' title='bbox 858 822 1033 876; x_wconf 90' lang='lat' dir='ltr'>putant</span> <span class='ocrx_word' id='word_1_59' title='bbox 1070 829 1099 860; x_wconf 89' lang='lat' dir='ltr'>a</span> <span class='ocrx_word' id='word_1_60' title='bbox 1138 812 1388 860; x_wconf 87' lang='lat' dir='ltr'>Mercurio</span> <span class='ocrx_word' id='word_1_61' title='bbox 1422 811 1693 872; x_wconf 88' lang='lat' dir='ltr'>inventam,</span> <span class='ocrx_word' id='word_1_62' title='bbox 1728 811 1810 859; x_wconf 93' lang='lat' dir='ltr'>alii</span> <span class='ocrx_word' id='word_1_63' title='bbox 1843 829 1871 859; x_wconf 92' lang='lat' dir='ltr'>a</span> <span class='ocrx_word' id='word_1_64' title='bbox 1906 813 2098 871; x_wconf 89' lang='lat' dir='ltr'>Fauno,</span> 
     </span>
     <span class='ocr_line' id='line_1_9' title="bbox 349 891 2100 961; baseline -0.003 -16"><span class='ocrx_word' id='word_1_65' title='bbox 349 914 499 961; x_wconf 87' lang='lat' dir='ltr'>quem</span> <span class='ocrx_word' id='word_1_66' title='bbox 526 895 702 944; x_wconf 90' lang='lat' dir='ltr'>Graeci</span> <span class='ocrx_word' id='word_1_67' title='bbox 729 904 909 944; x_wconf 88' lang='lat' dir='ltr'>vocant</span> <span class='ocrx_word' id='word_1_68' title='bbox 937 898 1056 942; x_wconf 90' lang='lat' dir='ltr'>Pan.</span> <span class='ocrx_word' id='word_1_69' title='bbox 1130 893 1374 942; x_wconf 88' lang='lat' dir='ltr'>Nonnulli</span> <span class='ocrx_word' id='word_1_70' title='bbox 1406 911 1514 942; x_wconf 90' lang='lat' dir='ltr'>eam</span> <span class='ocrx_word' id='word_1_71' title='bbox 1540 894 1602 942; x_wconf 90' lang='lat' dir='ltr'>ab</span> <span class='ocrx_word' id='word_1_72' title='bbox 1631 893 1710 942; x_wconf 93' lang='lat' dir='ltr'>Idi</span> <span class='ocrx_word' id='word_1_73' title='bbox 1735 901 1931 956; x_wconf 88' lang='lat' dir='ltr'>pastore</span> <span class='ocrx_word' id='word_1_74' title='bbox 1965 891 2100 956; x_wconf 83' lang='lat' dir='ltr'>Agri-</span> 
     </span>
     <span class='ocr_line' id='line_1_10' title="bbox 347 974 2098 1043; baseline -0.004 -14"><span class='ocrx_word' id='word_1_75' title='bbox 347 978 549 1043; x_wconf 87' lang='lat' dir='ltr'>gentino</span> <span class='ocrx_word' id='word_1_76' title='bbox 576 977 843 1026; x_wconf 61' lang='lat' dir='ltr'>ex‘Sicilia.</span> <span class='ocrx_word' id='word_1_77' title='bbox 920 977 1103 1025; x_wconf 85' lang='lat' dir='ltr'>Fistula</span> <span class='ocrx_word' id='word_1_78' title='bbox 1136 984 1303 1024; x_wconf 88' lang='lat' dir='ltr'>autern</span> <span class='ocrx_word' id='word_1_79' title='bbox 1342 975 1492 1036; x_wconf 86' lang='lat' dir='ltr'>dicta,</span> <span class='ocrx_word' id='word_1_80' title='bbox 1517 977 1654 1038; x_wconf 88' lang='lat' dir='ltr'>quod</span> <span class='ocrx_word' id='word_1_81' title='bbox 1683 992 1858 1024; x_wconf 89' lang='lat' dir='ltr'>vocem</span> <span class='ocrx_word' id='word_1_82' title='bbox 1890 974 2098 1023; x_wconf 79' lang='lat' dir='ltr'>emittat:</span> 
     </span>
     <span class='ocr_line' id='line_1_11' title="bbox 295 1057 2178 1122; baseline -0.003 -12"><span class='ocrx_word' id='word_1_83' title='bbox 295 1073 325 1122; x_wconf 96' lang='lat'><strong>7</strong></span> <span class='ocrx_word' id='word_1_84' title='bbox 349 1064 478 1110; x_wconf 89' lang='lat' dir='ltr'>Nam</span> <span class='ocrx_word' id='word_1_85' title='bbox 518 1062 616 1122; x_wconf 84' lang='grc' dir='ltr'>φώς</span> <span class='ocrx_word' id='word_1_86' title='bbox 653 1061 843 1108; x_wconf 83' lang='lat' dir='ltr'>Graece</span> <span class='ocrx_word' id='word_1_87' title='bbox 876 1077 988 1120; x_wconf 83' lang='lat' dir='ltr'>vox,</span> <span class='ocrx_word' id='word_1_88' title='bbox 1021 1060 1193 1108; x_wconf 84' lang='grc' dir='ltr'>στόλια</span> <span class='ocrx_word' id='word_1_89' title='bbox 1227 1058 1374 1107; x_wconf 90' lang='lat' dir='ltr'>missa</span> <span class='ocrx_word' id='word_1_90' title='bbox 1413 1060 1703 1121; x_wconf 87' lang='lat' dir='ltr'>appellatur.</span> <span class='ocrx_word' id='word_1_91' title='bbox 1775 1059 2023 1107; x_wconf 88' lang='lat' dir='ltr'>Sambuca</span> <span class='ocrx_word' id='word_1_92' title='bbox 2047 1057 2098 1104; x_wconf 94' lang='lat' dir='ltr'>in</span> <span class='ocrx_word' id='word_1_93' title='bbox 2130 1082 2178 1111; x_wconf 83' lang='lat'>10</span> 
     </span>
     <span class='ocr_line' id='line_1_12' title="bbox 348 1140 2100 1204; baseline -0.002 -13"><span class='ocrx_word' id='word_1_94' title='bbox 348 1142 548 1192; x_wconf 90' lang='lat' dir='ltr'>musicis</span> <span class='ocrx_word' id='word_1_95' title='bbox 580 1141 769 1204; x_wconf 90' lang='lat' dir='ltr'>species</span> <span class='ocrx_word' id='word_1_96' title='bbox 805 1151 878 1190; x_wconf 89' lang='lat' dir='ltr'>est</span> <span class='ocrx_word' id='word_1_97' title='bbox 909 1141 1330 1204; x_wconf 87' lang='lat' dir='ltr'>symphoniarum.</span> <span class='ocrx_word' id='word_1_98' title='bbox 1406 1142 1495 1189; x_wconf 92' lang='lat' dir='ltr'>Est</span> <span class='ocrx_word' id='word_1_99' title='bbox 1526 1140 1658 1189; x_wconf 91' lang='lat' dir='ltr'>enim</span> <span class='ocrx_word' id='word_1_100' title='bbox 1690 1157 1844 1204; x_wconf 87' lang='lat' dir='ltr'>genus</span> <span class='ocrx_word' id='word_1_101' title='bbox 1870 1140 1988 1204; x_wconf 87' lang='lat' dir='ltr'>ligni</span> <span class='ocrx_word' id='word_1_102' title='bbox 2012 1142 2100 1188; x_wconf 89' lang='lat' dir='ltr'>fra-</span> 
     </span>
     <span class='ocr_line' id='line_1_13' title="bbox 293 1222 2099 1288; baseline -0.001 -16"><span class='ocrx_word' id='word_1_103' title='bbox 293 1239 322 1284; x_wconf 85' lang='grc'>8</span> <span class='ocrx_word' id='word_1_104' title='bbox 347 1224 468 1288; x_wconf 84' lang='lat' dir='ltr'>gilis,</span> <span class='ocrx_word' id='word_1_105' title='bbox 510 1225 643 1272; x_wconf 90' lang='lat' dir='ltr'>unde</span> <span class='ocrx_word' id='word_1_106' title='bbox 679 1223 830 1272; x_wconf 88' lang='lat' dir='ltr'>tibiae</span> <span class='ocrx_word' id='word_1_107' title='bbox 868 1234 1236 1286; x_wconf 90' lang='lat' dir='ltr'>conponuntur.</span> <span class='ocrx_word' id='word_1_108' title='bbox 1313 1222 1589 1271; x_wconf 90' lang='lat' dir='ltr'>Pandorius</span> <span class='ocrx_word' id='word_1_109' title='bbox 1627 1222 1690 1271; x_wconf 92' lang='lat' dir='ltr'>ab</span> <span class='ocrx_word' id='word_1_110' title='bbox 1725 1223 1981 1272; x_wconf 87' lang='lat' dir='ltr'>inventore</span> <span class='ocrx_word' id='word_1_111' title='bbox 2021 1240 2099 1272; x_wconf 90' lang='lat' dir='ltr'>vo-</span> 
     </span>
     <span class='ocr_line' id='line_1_14' title="bbox 347 1304 1414 1368; baseline -0.004 -12"><span class='ocrx_word' id='word_1_112' title='bbox 347 1317 501 1356; x_wconf 88' lang='lat' dir='ltr'>catus.</span> <span class='ocrx_word' id='word_1_113' title='bbox 575 1308 654 1354; x_wconf 83' lang='lat' dir='ltr'>De</span> <span class='ocrx_word' id='word_1_114' title='bbox 680 1322 780 1368; x_wconf 84' lang='lat' dir='ltr'>quo</span> <span class='ocrx_word' id='word_1_115' title='bbox 807 1305 1051 1368; x_wconf 85' lang='lat' dir='ltr'>Vergilius</span> <span class='ocrx_word' id='word_1_116' title='bbox 1079 1304 1207 1368; x_wconf 81' lang='lat' dir='ltr'>(Ecl.</span> <span class='ocrx_word' id='word_1_117' title='bbox 1231 1323 1271 1365; x_wconf 90' lang='lat'>2,</span> <span class='ocrx_word' id='word_1_118' title='bbox 1295 1308 1378 1367; x_wconf 82' lang='lat'>32)</span> <span class='ocrx_word' id='word_1_119' title='bbox 1406 1324 1414 1352; x_wconf 76' lang='grc' dir='ltr'>ε</span> 
     </span>
     <span class='ocr_line' id='line_1_15' title="bbox 551 1386 1820 1450; baseline -0.001 -14"><span class='ocrx_word' id='word_1_120' title='bbox 551 1391 655 1436; x_wconf 90' lang='lat' dir='ltr'>Pan</span> <span class='ocrx_word' id='word_1_121' title='bbox 692 1387 879 1450; x_wconf 90' lang='lat' dir='ltr'>primus</span> <span class='ocrx_word' id='word_1_122' title='bbox 918 1389 1136 1436; x_wconf 89' lang='lat' dir='ltr'>calamos</span> <span class='ocrx_word' id='word_1_123' title='bbox 1174 1404 1285 1436; x_wconf 89' lang='lat' dir='ltr'>cera</span> <span class='ocrx_word' id='word_1_124' title='bbox 1321 1386 1621 1449; x_wconf 86' lang='lat' dir='ltr'>coniungere</span> <span class='ocrx_word' id='word_1_125' title='bbox 1658 1387 1820 1449; x_wconf 90' lang='lat' dir='ltr'>plures</span> 
     </span>
     <span class='ocr_line' id='line_1_16' title="bbox 550 1468 2172 1535; baseline -0.002 -16"><span class='ocrx_word' id='word_1_126' title='bbox 550 1469 779 1529; x_wconf 79' lang='lat' dir='ltr'>instituit,</span> <span class='ocrx_word' id='word_1_127' title='bbox 819 1472 922 1517; x_wconf 90' lang='lat' dir='ltr'>Pan</span> <span class='ocrx_word' id='word_1_128' title='bbox 962 1478 1099 1517; x_wconf 90' lang='lat' dir='ltr'>curat</span> <span class='ocrx_word' id='word_1_129' title='bbox 1137 1468 1241 1518; x_wconf 90' lang='lat' dir='ltr'>ovis</span> <span class='ocrx_word' id='word_1_130' title='bbox 1281 1470 1551 1530; x_wconf 85' lang='lat' dir='ltr'>oviumque</span> <span class='ocrx_word' id='word_1_131' title='bbox 1588 1469 1861 1531; x_wconf 87' lang='lat' dir='ltr'>magistros.</span> <span class='ocrx_word' id='word_1_132' title='bbox 2127 1497 2172 1535; x_wconf 86' lang='lat'>¹5</span> 
     </span>
     <span class='ocr_line' id='line_1_17' title="bbox 349 1548 2096 1614; baseline -0.003 -11"><span class='ocrx_word' id='word_1_133' title='bbox 349 1555 460 1602; x_wconf 89' lang='lat' dir='ltr'>Fuit</span> <span class='ocrx_word' id='word_1_134' title='bbox 491 1552 624 1602; x_wconf 90' lang='lat' dir='ltr'>enim</span> <span class='ocrx_word' id='word_1_135' title='bbox 658 1552 791 1614; x_wconf 88' lang='lat' dir='ltr'>apud</span> <span class='ocrx_word' id='word_1_136' title='bbox 821 1552 1028 1613; x_wconf 82' lang='lat' dir='ltr'>gentiles</span> <span class='ocrx_word' id='word_1_137' title='bbox 1066 1552 1189 1599; x_wconf 88' lang='lat' dir='ltr'>deus</span> <span class='ocrx_word' id='word_1_138' title='bbox 1228 1549 1498 1613; x_wconf 90' lang='lat' dir='ltr'>pastoralis,</span> <span class='ocrx_word' id='word_1_139' title='bbox 1533 1549 1617 1612; x_wconf 84' lang='lat' dir='ltr'>qui</span> <span class='ocrx_word' id='word_1_140' title='bbox 1655 1549 1840 1612; x_wconf 90' lang='lat' dir='ltr'>primus</span> <span class='ocrx_word' id='word_1_141' title='bbox 1877 1548 2096 1612; x_wconf 89' lang='lat' dir='ltr'>dispares</span> 
     </span>
     <span class='ocr_line' id='line_1_18' title="bbox 347 1631 1858 1696; baseline -0.004 -11"><span class='ocrx_word' id='word_1_142' title='bbox 347 1638 563 1685; x_wconf 85' lang='lat' dir='ltr'>calamos</span> <span class='ocrx_word' id='word_1_143' title='bbox 589 1635 653 1684; x_wconf 92' lang='lat' dir='ltr'>ad</span> <span class='ocrx_word' id='word_1_144' title='bbox 680 1643 880 1681; x_wconf 88' lang='lat' dir='ltr'>cantum</span> <span class='ocrx_word' id='word_1_145' title='bbox 906 1632 1106 1696; x_wconf 89' lang='lat' dir='ltr'>aptavit,</span> <span class='ocrx_word' id='word_1_146' title='bbox 1135 1643 1182 1681; x_wconf 91' lang='lat' dir='ltr'>et</span> <span class='ocrx_word' id='word_1_147' title='bbox 1208 1631 1430 1680; x_wconf 90' lang='lat' dir='ltr'>studiosa</span> <span class='ocrx_word' id='word_1_148' title='bbox 1455 1640 1558 1680; x_wconf 89' lang='lat' dir='ltr'>arte</span> <span class='ocrx_word' id='word_1_149' title='bbox 1583 1633 1858 1694; x_wconf 90' lang='lat' dir='ltr'>conposuit.</span> 
     </span>
    </p>

    <p class='ocr_par' dir='ltr' id='par_1_3' title="bbox 193 1721 2174 2109">
     <span class='ocr_line' id='line_1_19' title="bbox 193 1721 2096 1776; baseline -0.007 0"><span class='ocrx_word' id='word_1_150' title='bbox 193 1735 321 1776; x_wconf 90' lang='lat' dir='ltr'>XXII</span> <span class='ocrx_word' id='word_1_151' title='bbox 483 1721 569 1766; x_wconf 85' lang='lat' dir='ltr'>DE</span> <span class='ocrx_word' id='word_1_152' title='bbox 617 1732 809 1765; x_wconf 84' lang='lat' dir='ltr'><strong>TERTIA</strong></span> <span class='ocrx_word' id='word_1_153' title='bbox 858 1730 1149 1775; x_wconf 85' lang='lat' dir='ltr'>DIVISIONE,</span> <span class='ocrx_word' id='word_1_154' title='bbox 1199 1729 1340 1771; x_wconf 82' lang='lat' dir='ltr'><strong>QVAE</strong></span> <span class='ocrx_word' id='word_1_155' title='bbox 1395 1728 1671 1762; x_wconf 84' lang='lat' dir='ltr'>RYTHMICA</span> <span class='ocrx_word' id='word_1_156' title='bbox 1729 1727 2096 1762; x_wconf 83' lang='lat' dir='ltr'>NVNCVPATVR.</span> 
     </span>
     <span class='ocr_line' id='line_1_20' title="bbox 345 1796 2097 1860; baseline -0.005 -10"><span class='ocrx_word' id='word_1_157' title='bbox 345 1800 513 1850; x_wconf 90' lang='lat' dir='ltr'>Tertia</span> <span class='ocrx_word' id='word_1_158' title='bbox 539 1809 613 1850; x_wconf 90' lang='lat' dir='ltr'>est</span> <span class='ocrx_word' id='word_1_159' title='bbox 639 1797 817 1848; x_wconf 89' lang='lat' dir='ltr'>divisio</span> <span class='ocrx_word' id='word_1_160' title='bbox 845 1796 1101 1860; x_wconf 88' lang='lat' dir='ltr'>rythmica,</span> <span class='ocrx_word' id='word_1_161' title='bbox 1131 1796 1381 1859; x_wconf 85' lang='lat' dir='ltr'>pertinens</span> <span class='ocrx_word' id='word_1_162' title='bbox 1412 1797 1476 1845; x_wconf 90' lang='lat' dir='ltr'>ad</span> <span class='ocrx_word' id='word_1_163' title='bbox 1502 1811 1677 1844; x_wconf 90' lang='lat' dir='ltr'>nervos</span> <span class='ocrx_word' id='word_1_164' title='bbox 1704 1804 1752 1844; x_wconf 89' lang='lat' dir='ltr'>et</span> <span class='ocrx_word' id='word_1_165' title='bbox 1777 1796 1991 1858; x_wconf 87' lang='lat' dir='ltr'>pulsum,</span> <span class='ocrx_word' id='word_1_166' title='bbox 2018 1796 2097 1842; x_wconf 92' lang='lat' dir='ltr'>cui</span> 
     </span>
     <span class='ocr_line' id='line_1_21' title="bbox 345 1878 2174 1946; baseline -0.004 -13"><span class='ocrx_word' id='word_1_167' title='bbox 345 1886 525 1933; x_wconf 87' lang='lat' dir='ltr'>dantur</span> <span class='ocrx_word' id='word_1_168' title='bbox 543 1881 732 1946; x_wconf 89' lang='lat' dir='ltr'>species</span> <span class='ocrx_word' id='word_1_169' title='bbox 754 1879 1052 1927; x_wconf 87' lang='lat' dir='ltr'>cithararum</span> <span class='ocrx_word' id='word_1_170' title='bbox 1080 1878 1398 1936; x_wconf 87' lang='lat' dir='ltr'>diversarum,</span> <span class='ocrx_word' id='word_1_171' title='bbox 1421 1887 1711 1941; x_wconf 88' lang='lat' dir='ltr'>tympanum</span> <span class='ocrx_word' id='word_1_172' title='bbox 1729 1894 1944 1940; x_wconf 86' lang='lat' dir='ltr'>quoque,</span> <span class='ocrx_word' id='word_1_173' title='bbox 1968 1894 2096 1941; x_wconf 91' lang='lat' dir='ltr'>cym-</span> <span class='ocrx_word' id='word_1_174' title='bbox 2122 1905 2174 1933; x_wconf 83' lang='lat'>20</span> 
     </span>
     <span class='ocr_line' id='line_1_22' title="bbox 348 1960 2100 2023; baseline -0.004 -9"><span class='ocrx_word' id='word_1_175' title='bbox 348 1967 531 2021; x_wconf 86' lang='lat' dir='ltr'>balum,</span> <span class='ocrx_word' id='word_1_176' title='bbox 560 1964 773 2020; x_wconf 87' lang='lat' dir='ltr'>sistrum,</span> <span class='ocrx_word' id='word_1_177' title='bbox 801 1961 1062 2009; x_wconf 89' lang='lat' dir='ltr'>acetabula</span> <span class='ocrx_word' id='word_1_178' title='bbox 1088 1977 1243 2008; x_wconf 89' lang='lat' dir='ltr'>aenea</span> <span class='ocrx_word' id='word_1_179' title='bbox 1273 1969 1321 2008; x_wconf 92' lang='lat' dir='ltr'>et</span> <span class='ocrx_word' id='word_1_180' title='bbox 1350 1968 1595 2023; x_wconf 83' lang='lat' dir='ltr'>argentea,</span> <span class='ocrx_word' id='word_1_181' title='bbox 1622 1960 1698 2007; x_wconf 90' lang='lat' dir='ltr'>vel</span> <span class='ocrx_word' id='word_1_182' title='bbox 1730 1961 1825 2007; x_wconf 87' lang='lat' dir='ltr'>alia</span> <span class='ocrx_word' id='word_1_183' title='bbox 1849 1975 1977 2022; x_wconf 89' lang='lat' dir='ltr'>quae</span> <span class='ocrx_word' id='word_1_184' title='bbox 2001 1976 2100 2007; x_wconf 89' lang='lat' dir='ltr'>me-</span> 
     </span>
     <span class='ocr_line' id='line_1_23' title="bbox 348 2041 2101 2109; baseline -0.005 -13"><span class='ocrx_word' id='word_1_185' title='bbox 348 2047 512 2096; x_wconf 92' lang='lat' dir='ltr'>tallico</span> <span class='ocrx_word' id='word_1_186' title='bbox 538 2046 694 2109; x_wconf 88' lang='lat' dir='ltr'>rigore</span> <span class='ocrx_word' id='word_1_187' title='bbox 719 2059 951 2106; x_wconf 88' lang='lat' dir='ltr'>percussa</span> <span class='ocrx_word' id='word_1_188' title='bbox 970 2043 1186 2091; x_wconf 88' lang='lat' dir='ltr'>reddunt</span> <span class='ocrx_word' id='word_1_189' title='bbox 1206 2059 1319 2090; x_wconf 89' lang='lat' dir='ltr'>cum</span> <span class='ocrx_word' id='word_1_190' title='bbox 1342 2041 1581 2091; x_wconf 90' lang='lat' dir='ltr'>suavitate</span> <span class='ocrx_word' id='word_1_191' title='bbox 1607 2042 1839 2089; x_wconf 90' lang='lat' dir='ltr'>tinnitum</span> <span class='ocrx_word' id='word_1_192' title='bbox 1866 2050 1914 2090; x_wconf 89' lang='lat' dir='ltr'>et</span> <span class='ocrx_word' id='word_1_193' title='bbox 1939 2050 2101 2089; x_wconf 90' lang='lat' dir='ltr'>cetera</span> 
     </span>
    </p>

    <p class='ocr_par' dir='ltr' id='par_1_4' title="bbox 295 2124 2173 2522">
     <span class='ocr_line' id='line_1_24' title="bbox 295 2124 2101 2188; baseline -0.007 -6"><span class='ocrx_word' id='word_1_194' title='bbox 295 2149 325 2183; x_wconf 89' lang='lat'><strong>2</strong></span> <span class='ocrx_word' id='word_1_195' title='bbox 349 2128 715 2179; x_wconf 90' lang='lat' dir='ltr'>huiuscemodi.</span> <span class='ocrx_word' id='word_1_196' title='bbox 789 2127 1024 2177; x_wconf 86' lang='lat' dir='ltr'>Citharae</span> <span class='ocrx_word' id='word_1_197' title='bbox 1062 2142 1119 2174; x_wconf 88' lang='lat' dir='ltr'>ac</span> <span class='ocrx_word' id='word_1_198' title='bbox 1156 2124 1372 2188; x_wconf 86' lang='lat' dir='ltr'>psalterii</span> <span class='ocrx_word' id='word_1_199' title='bbox 1409 2132 1626 2187; x_wconf 88' lang='lat' dir='ltr'>repertor</span> <span class='ocrx_word' id='word_1_200' title='bbox 1667 2124 1847 2182; x_wconf 92' lang='lat' dir='ltr'>Tubal,</span> <span class='ocrx_word' id='word_1_201' title='bbox 1882 2132 1935 2171; x_wconf 94' lang='lat' dir='ltr'>ut</span> <span class='ocrx_word' id='word_1_202' title='bbox 1967 2139 2101 2186; x_wconf 89' lang='lat' dir='ltr'>prae-</span> 
     </span>
     <span class='ocr_line' id='line_1_25' title="bbox 349 2206 2099 2273; baseline -0.006 -11"><span class='ocrx_word' id='word_1_203' title='bbox 349 2214 538 2263; x_wconf 90' lang='lat' dir='ltr'>dictum</span> <span class='ocrx_word' id='word_1_204' title='bbox 573 2220 660 2269; x_wconf 90' lang='lat' dir='ltr'>est,</span> <span class='ocrx_word' id='word_1_205' title='bbox 705 2209 1006 2273; x_wconf 88' lang='lat' dir='ltr'>perhibetur.</span> <span class='ocrx_word' id='word_1_206' title='bbox 1077 2210 1219 2255; x_wconf 84' lang='lat' dir='ltr'>quta</span> <span class='ocrx_word' id='word_1_207' title='bbox 1257 2206 1547 2270; x_wconf 93' lang='lat' dir='ltr'>opinionem</span> <span class='ocrx_word' id='word_1_208' title='bbox 1588 2215 1753 2255; x_wconf 89' lang='lat' dir='ltr'>autem</span> <span class='ocrx_word' id='word_1_209' title='bbox 1796 2206 2099 2254; x_wconf 90' lang='lat' dir='ltr'>Graecorum</span> 
     </span>
     <span class='ocr_line' id='line_1_26' title="bbox 349 2289 2173 2354; baseline -0.007 -8"><span class='ocrx_word' id='word_1_210' title='bbox 349 2298 567 2346; x_wconf 87' lang='lat' dir='ltr'>citharae</span> <span class='ocrx_word' id='word_1_211' title='bbox 609 2310 726 2342; x_wconf 90' lang='lat' dir='ltr'>usus</span> <span class='ocrx_word' id='word_1_212' title='bbox 774 2299 995 2354; x_wconf 89' lang='lat' dir='ltr'>repertus</span> <span class='ocrx_word' id='word_1_213' title='bbox 1044 2289 1193 2338; x_wconf 86' lang='lat' dir='ltr'>fuisse</span> <span class='ocrx_word' id='word_1_214' title='bbox 1235 2289 1299 2337; x_wconf 91' lang='lat' dir='ltr'>ab</span> <span class='ocrx_word' id='word_1_215' title='bbox 1343 2289 1577 2351; x_wconf 88' lang='lat' dir='ltr'>Apolline</span> <span class='ocrx_word' id='word_1_216' title='bbox 1618 2289 1848 2337; x_wconf 89' lang='lat' dir='ltr'>creditur.</span> <span class='ocrx_word' id='word_1_217' title='bbox 1921 2289 2100 2335; x_wconf 88' lang='lat' dir='ltr'>Forma</span> <span class='ocrx_word' id='word_1_218' title='bbox 2125 2310 2173 2351; x_wconf 79' lang='lat'>25</span> 
     </span>
     <span class='ocr_line' id='line_1_27' title="bbox 351 2368 2101 2432; baseline -0.007 -5"><span class='ocrx_word' id='word_1_219' title='bbox 351 2380 567 2428; x_wconf 88' lang='lat' dir='ltr'>citharae</span> <span class='ocrx_word' id='word_1_220' title='bbox 601 2374 742 2424; x_wconf 89' lang='lat' dir='ltr'>initio</span> <span class='ocrx_word' id='word_1_221' title='bbox 776 2372 947 2423; x_wconf 90' lang='lat' dir='ltr'>similis</span> <span class='ocrx_word' id='word_1_222' title='bbox 986 2371 1138 2420; x_wconf 89' lang='lat' dir='ltr'>fuisse</span> <span class='ocrx_word' id='word_1_223' title='bbox 1169 2370 1375 2420; x_wconf 89' lang='lat' dir='ltr'>traditur</span> <span class='ocrx_word' id='word_1_224' title='bbox 1411 2368 1599 2432; x_wconf 88' lang='lat' dir='ltr'>pectori</span> <span class='ocrx_word' id='word_1_225' title='bbox 1632 2370 1868 2427; x_wconf 90' lang='lat' dir='ltr'>humano,</span> <span class='ocrx_word' id='word_1_226' title='bbox 1900 2385 2000 2431; x_wconf 90' lang='lat' dir='ltr'>quo</span> <span class='ocrx_word' id='word_1_227' title='bbox 2030 2368 2101 2416; x_wconf 93' lang='lat' dir='ltr'>uti</span> 
     </span>
     <span class='ocr_line' id='line_1_28' title="bbox 353 2451 2100 2522; baseline -0.006 -13"><span class='ocrx_word' id='word_1_228' title='bbox 353 2478 445 2510; x_wconf 83' lang='lat' dir='ltr'>vox</span> <span class='ocrx_word' id='word_1_229' title='bbox 465 2477 493 2508; x_wconf 90' lang='lat' dir='ltr'>a</span> <span class='ocrx_word' id='word_1_230' title='bbox 512 2468 726 2522; x_wconf 83' lang='lat' dir='ltr'>pectore,</span> <span class='ocrx_word' id='word_1_231' title='bbox 747 2455 814 2504; x_wconf 90' lang='lat' dir='ltr'>ita</span> <span class='ocrx_word' id='word_1_232' title='bbox 834 2472 891 2503; x_wconf 87' lang='lat' dir='ltr'>ex</span> <span class='ocrx_word' id='word_1_233' title='bbox 916 2453 1022 2517; x_wconf 90' lang='lat' dir='ltr'>ipsa</span> <span class='ocrx_word' id='word_1_234' title='bbox 1047 2461 1221 2501; x_wconf 91' lang='lat' dir='ltr'>cantus</span> <span class='ocrx_word' id='word_1_235' title='bbox 1242 2453 1480 2510; x_wconf 89' lang='lat' dir='ltr'>ederetur,</span> <span class='ocrx_word' id='word_1_236' title='bbox 1502 2453 1900 2514; x_wconf 88' lang='lat' dir='ltr'>appellatamque</span> <span class='ocrx_word' id='word_1_237' title='bbox 1926 2451 2100 2499; x_wconf 88' lang='lat' dir='ltr'>eadem</span> 
     </span>
    </p>
   </div>
   <div class='ocr_carea' id='block_1_3' title="bbox 351 2576 2103 3130">
    <p class='ocr_par' dir='ltr' id='par_1_5' title="bbox 351 2576 2103 3130">
     <span class='ocr_line' id='line_1_29' title="bbox 405 2576 2102 2640; baseline -0.006 -13"><span class='ocrx_word' id='word_1_238' title='bbox 405 2604 430 2640; x_wconf 86' lang='lat'><strong>3</strong></span> <span class='ocrx_word' id='word_1_239' title='bbox 461 2587 635 2638; x_wconf 88' lang='lat' dir='ltr'>fierent]</span> <span class='ocrx_word' id='word_1_240' title='bbox 656 2585 810 2624; x_wconf 87' lang='lat' dir='ltr'>fuerint</span> <span class='ocrx_word' id='word_1_241' title='bbox 827 2584 872 2622; x_wconf 91' lang='lat' dir='ltr'><em>K</em></span> <span class='ocrx_word' id='word_1_242' title='bbox 984 2583 1080 2635; x_wconf 89' lang='lat' dir='ltr'>per]</span> <span class='ocrx_word' id='word_1_243' title='bbox 1105 2587 1201 2632; x_wconf 91' lang='lat' dir='ltr'>post</span> <span class='ocrx_word' id='word_1_244' title='bbox 1215 2581 1257 2619; x_wconf 91' lang='grc' dir='ltr'><em>Β</em></span> <span class='ocrx_word' id='word_1_245' title='bbox 1367 2592 1391 2629; x_wconf 90' lang='grc'>5</span> <span class='ocrx_word' id='word_1_246' title='bbox 1422 2579 1487 2618; x_wconf 89' lang='lat' dir='ltr'>hic</span> <span class='ocrx_word' id='word_1_247' title='bbox 1511 2579 1564 2617; x_wconf 89' lang='lat' dir='ltr'>T:</span> <span class='ocrx_word' id='word_1_248' title='bbox 1596 2579 1675 2617; x_wconf 89' lang='lat' dir='ltr'>hec</span> <span class='ocrx_word' id='word_1_249' title='bbox 1692 2577 1738 2616; x_wconf 87' lang='lat' dir='ltr'><em>K</em></span> <span class='ocrx_word' id='word_1_250' title='bbox 1845 2583 1993 2618; x_wconf 88' lang='lat' dir='ltr'>cantor</span> <span class='ocrx_word' id='word_1_251' title='bbox 2009 2576 2102 2617; x_wconf 82' lang='lat' dir='ltr'>dett.</span> 
     </span>
     <span class='ocr_line' id='line_1_30' title="bbox 351 2631 2099 2684; baseline -0.006 -1"><span class='ocrx_word' id='word_1_252' title='bbox 351 2645 440 2684; x_wconf 89' lang='lat' dir='ltr'>Cal.</span> <span class='ocrx_word' id='word_1_253' title='bbox 465 2649 606 2682; x_wconf 86' lang='lat' dir='ltr'>autem</span> <span class='ocrx_word' id='word_1_254' title='bbox 628 2655 696 2680; x_wconf 92' lang='lat' dir='ltr'>no.</span> <span class='ocrx_word' id='word_1_255' title='bbox 731 2640 767 2678; x_wconf 90' lang='lat' dir='ltr'><em>T</em></span> <span class='ocrx_word' id='word_1_256' title='bbox 909 2641 935 2677; x_wconf 90' lang='lat'><strong>6</strong></span> <span class='ocrx_word' id='word_1_257' title='bbox 965 2638 1160 2676; x_wconf 89' lang='lat' dir='ltr'>canendo</span> <span class='ocrx_word' id='word_1_258' title='bbox 1190 2637 1227 2674; x_wconf 95' lang='lat' dir='ltr'><em>T</em></span> <span class='ocrx_word' id='word_1_259' title='bbox 1363 2637 1389 2674; x_wconf 89' lang='lat'>8</span> <span class='ocrx_word' id='word_1_260' title='bbox 1419 2647 1502 2684; x_wconf 89' lang='lat' dir='ltr'>pan</span> <span class='ocrx_word' id='word_1_261' title='bbox 1524 2648 1589 2674; x_wconf 91' lang='lat' dir='ltr'>vo.</span> <span class='ocrx_word' id='word_1_262' title='bbox 1612 2633 1659 2671; x_wconf 89' lang='lat' dir='ltr'><em>K</em></span> <span class='ocrx_word' id='word_1_263' title='bbox 1767 2633 1819 2672; x_wconf 88' lang='lat' dir='ltr'>ab</span> <span class='ocrx_word' id='word_1_264' title='bbox 1843 2633 1906 2672; x_wconf 92' lang='lat' dir='ltr'>Idi</span> <span class='ocrx_word' id='word_1_265' title='bbox 1926 2645 2011 2672; x_wconf 86' lang='lat' dir='ltr'>om.</span> <span class='ocrx_word' id='word_1_266' title='bbox 2032 2631 2099 2672; x_wconf 91' lang='lat' dir='ltr'>K:</span> 
     </span>
     <span class='ocr_line' id='line_1_31' title="bbox 352 2687 2098 2744; baseline -0.009 -5"><span class='ocrx_word' id='word_1_267' title='bbox 352 2700 434 2739; x_wconf 88' lang='lat' dir='ltr'>abii</span> <span class='ocrx_word' id='word_1_268' title='bbox 454 2712 478 2737; x_wconf 86' lang='lat' dir='ltr'>a</span> <span class='ocrx_word' id='word_1_269' title='bbox 499 2698 572 2737; x_wconf 88' lang='lat' dir='ltr'>M:</span> <span class='ocrx_word' id='word_1_270' title='bbox 603 2696 670 2734; x_wconf 89' lang='lat' dir='ltr'>avi</span> <span class='ocrx_word' id='word_1_271' title='bbox 691 2695 733 2732; x_wconf 99' lang='lat' dir='ltr'><em>A</em></span> <span class='ocrx_word' id='word_1_272' title='bbox 874 2698 1069 2743; x_wconf 85' lang='lat' dir='ltr'>pastores</span> <span class='ocrx_word' id='word_1_273' title='bbox 1097 2692 1134 2730; x_wconf 94' lang='lat' dir='ltr'><em>T</em></span> <span class='ocrx_word' id='word_1_274' title='bbox 1152 2693 1254 2744; x_wconf 84' lang='lat' dir='ltr'>(non</span> <span class='ocrx_word' id='word_1_275' title='bbox 1281 2689 1339 2742; x_wconf 91' lang='lat' dir='ltr'>U)</span> <span class='ocrx_word' id='word_1_276' title='bbox 1504 2703 1530 2738; x_wconf 90' lang='lat'><strong>9</strong></span> <span class='ocrx_word' id='word_1_277' title='bbox 1560 2688 1769 2727; x_wconf 86' lang='lat' dir='ltr'>exicilicia</span> <span class='ocrx_word' id='word_1_278' title='bbox 1793 2687 1835 2726; x_wconf 91' lang='lat' dir='ltr'><strong><em>U</em></strong></span> <span class='ocrx_word' id='word_1_279' title='bbox 1967 2687 2098 2738; x_wconf 91' lang='lat' dir='ltr'>quod]</span> 
     </span>
     <span class='ocr_line' id='line_1_32' title="bbox 353 2741 2102 2805; baseline -0.007 -13"><span class='ocrx_word' id='word_1_280' title='bbox 353 2767 460 2805; x_wconf 88' lang='lat' dir='ltr'>quae</span> <span class='ocrx_word' id='word_1_281' title='bbox 481 2752 522 2791; x_wconf 88' lang='grc' dir='ltr'><em>Β</em></span> <span class='ocrx_word' id='word_1_282' title='bbox 631 2750 784 2789; x_wconf 80' lang='lat' dir='ltr'>emicat</span> <span class='ocrx_word' id='word_1_283' title='bbox 804 2748 845 2787; x_wconf 89' lang='grc' dir='ltr'><em>Β</em></span> <span class='ocrx_word' id='word_1_284' title='bbox 987 2760 1037 2785; x_wconf 90' lang='lat'>10</span> <span class='ocrx_word' id='word_1_285' title='bbox 1067 2747 1130 2786; x_wconf 85' lang='lat' dir='ltr'>fos</span> <span class='ocrx_word' id='word_1_286' title='bbox 1153 2758 1280 2795; x_wconf 88' lang='lat' dir='ltr'>grece</span> <span class='ocrx_word' id='word_1_287' title='bbox 1299 2757 1385 2783; x_wconf 87' lang='lat' dir='ltr'>vox</span> <span class='ocrx_word' id='word_1_288' title='bbox 1404 2743 1528 2783; x_wconf 88' lang='lat' dir='ltr'>stolia</span> <span class='ocrx_word' id='word_1_289' title='bbox 1550 2744 1678 2782; x_wconf 87' lang='lat' dir='ltr'>missa</span> <span class='ocrx_word' id='word_1_290' title='bbox 1697 2743 1812 2792; x_wconf 89' lang='lat' dir='ltr'>greci</span> <span class='ocrx_word' id='word_1_291' title='bbox 1833 2741 2102 2791; x_wconf 87' lang='lat' dir='ltr'>appellantur</span> 
     </span>
     <span class='ocr_line' id='line_1_33' title="bbox 361 2796 2101 2858; baseline -0.007 -10"><span class='ocrx_word' id='word_1_292' title='bbox 361 2810 415 2848; x_wconf 86' lang='lat' dir='ltr'>T:</span> <span class='ocrx_word' id='word_1_293' title='bbox 446 2819 572 2858; x_wconf 88' lang='lat' dir='ltr'>grece</span> <span class='ocrx_word' id='word_1_294' title='bbox 591 2805 668 2855; x_wconf 85' lang='lat' dir='ltr'>fyx</span> <span class='ocrx_word' id='word_1_295' title='bbox 700 2804 785 2842; x_wconf 86' lang='lat' dir='ltr'>oris</span> <span class='ocrx_word' id='word_1_296' title='bbox 811 2801 952 2842; x_wconf 86' lang='lat' dir='ltr'>fistola</span> <span class='ocrx_word' id='word_1_297' title='bbox 971 2802 1211 2852; x_wconf 88' lang='lat' dir='ltr'>appellatur</span> <span class='ocrx_word' id='word_1_298' title='bbox 1236 2798 1366 2838; x_wconf 85' lang='lat' dir='ltr'>latine</span> <span class='ocrx_word' id='word_1_299' title='bbox 1386 2811 1506 2837; x_wconf 87' lang='lat' dir='ltr'>musa</span> <span class='ocrx_word' id='word_1_300' title='bbox 1529 2797 1594 2838; x_wconf 85' lang='lat' dir='ltr'>K:</span> <span class='ocrx_word' id='word_1_301' title='bbox 1626 2810 1754 2847; x_wconf 88' lang='lat' dir='ltr'>grece</span> <span class='ocrx_word' id='word_1_302' title='bbox 1773 2797 1836 2836; x_wconf 87' lang='lat' dir='ltr'>fos</span> <span class='ocrx_word' id='word_1_303' title='bbox 1856 2809 1942 2835; x_wconf 83' lang='lat' dir='ltr'>vox</span> <span class='ocrx_word' id='word_1_304' title='bbox 1961 2796 2101 2835; x_wconf 86' lang='lat' dir='ltr'>istolia</span> 
     </span>
     <span class='ocr_line' id='line_1_34' title="bbox 355 2851 2101 2912; baseline -0.007 -10"><span class='ocrx_word' id='word_1_305' title='bbox 355 2865 435 2902; x_wconf 90' lang='lat' dir='ltr'>lisa</span> <span class='ocrx_word' id='word_1_306' title='bbox 450 2861 690 2912; x_wconf 78' lang='lat' dir='ltr'>appellatur</span> <span class='ocrx_word' id='word_1_307' title='bbox 703 2858 744 2895; x_wconf 92' lang='lat' dir='ltr'><em>A</em></span> <span class='ocrx_word' id='word_1_308' title='bbox 759 2873 766 2898; x_wconf 90' lang='lat'>:</span> <span class='ocrx_word' id='word_1_309' title='bbox 794 2858 860 2897; x_wconf 86' lang='lat' dir='ltr'>fos</span> <span class='ocrx_word' id='word_1_310' title='bbox 876 2869 1005 2907; x_wconf 90' lang='lat' dir='ltr'>grece</span> <span class='ocrx_word' id='word_1_311' title='bbox 1021 2870 1106 2895; x_wconf 86' lang='lat' dir='ltr'>vox</span> <span class='ocrx_word' id='word_1_312' title='bbox 1119 2855 1246 2895; x_wconf 86' lang='lat' dir='ltr'>stolia</span> <span class='ocrx_word' id='word_1_313' title='bbox 1260 2854 1391 2892; x_wconf 87' lang='lat' dir='ltr'>missa</span> <span class='ocrx_word' id='word_1_314' title='bbox 1407 2866 1534 2903; x_wconf 87' lang='lat' dir='ltr'>grece</span> <span class='ocrx_word' id='word_1_315' title='bbox 1549 2852 1789 2903; x_wconf 88' lang='lat' dir='ltr'>appellatur</span> <span class='ocrx_word' id='word_1_316' title='bbox 1803 2851 1838 2890; x_wconf 89' lang='lat' dir='ltr'><em>C</em></span> <span class='ocrx_word' id='word_1_317' title='bbox 1958 2863 2003 2888; x_wconf 93' lang='lat'>11</span> <span class='ocrx_word' id='word_1_318' title='bbox 2035 2856 2101 2889; x_wconf 87' lang='lat' dir='ltr'>est</span> 
     </span>
     <span class='ocr_line' id='line_1_35' title="bbox 357 2904 2098 2969; baseline -0.008 -13"><span class='ocrx_word' id='word_1_319' title='bbox 357 2919 514 2969; x_wconf 78' lang='lat' dir='ltr'>(prius)</span> <span class='ocrx_word' id='word_1_320' title='bbox 537 2929 620 2954; x_wconf 84' lang='lat' dir='ltr'>om.</span> <span class='ocrx_word' id='word_1_321' title='bbox 643 2913 689 2950; x_wconf 89' lang='lat' dir='ltr'><em>K</em></span> <span class='ocrx_word' id='word_1_322' title='bbox 852 2911 1038 2961; x_wconf 85' lang='lat' dir='ltr'>afrigalis</span> <span class='ocrx_word' id='word_1_323' title='bbox 1058 2911 1105 2948; x_wconf 87' lang='lat' dir='ltr'><em>K</em></span> <span class='ocrx_word' id='word_1_324' title='bbox 1123 2911 1225 2962; x_wconf 83' lang='lat' dir='ltr'>(non</span> <span class='ocrx_word' id='word_1_325' title='bbox 1243 2909 1306 2958; x_wconf 88' lang='lat' dir='ltr'>A)</span> <span class='ocrx_word' id='word_1_326' title='bbox 1513 2920 1562 2946; x_wconf 81' lang='lat'>12</span> <span class='ocrx_word' id='word_1_327' title='bbox 1591 2920 1664 2947; x_wconf 91' lang='lat' dir='ltr'>un.</span> <span class='ocrx_word' id='word_1_328' title='bbox 1687 2911 1730 2945; x_wconf 89' lang='lat' dir='ltr'>et</span> <span class='ocrx_word' id='word_1_329' title='bbox 1749 2906 1824 2946; x_wconf 92' lang='lat' dir='ltr'>tib.</span> <span class='ocrx_word' id='word_1_330' title='bbox 1848 2905 1893 2943; x_wconf 92' lang='lat' dir='ltr'><em>K</em></span> <span class='ocrx_word' id='word_1_331' title='bbox 1913 2904 2013 2956; x_wconf 84' lang='lat' dir='ltr'>(non</span> <span class='ocrx_word' id='word_1_332' title='bbox 2033 2905 2098 2956; x_wconf 87' lang='lat' dir='ltr'>A)</span> 
     </span>
     <span class='ocr_line' id='line_1_36' title="bbox 359 2959 2102 3021; baseline -0.008 -10"><span class='ocrx_word' id='word_1_333' title='bbox 359 2984 408 3021; x_wconf 91' lang='lat'>15</span> <span class='ocrx_word' id='word_1_334' title='bbox 435 2971 640 3019; x_wconf 85' lang='lat' dir='ltr'>magister</span> <span class='ocrx_word' id='word_1_335' title='bbox 654 2966 796 3006; x_wconf 84' lang='lat' dir='ltr'><em>BC1K</em></span> <span class='ocrx_word' id='word_1_336' title='bbox 811 2966 954 3016; x_wconf 80' lang='lat' dir='ltr'>(etiam</span> <span class='ocrx_word' id='word_1_337' title='bbox 978 2964 1026 3003; x_wconf 82' lang='lat' dir='ltr'>Tl</span> <span class='ocrx_word' id='word_1_338' title='bbox 1041 2967 1073 3017; x_wconf 70' lang='lat'>2)</span> <span class='ocrx_word' id='word_1_339' title='bbox 1191 2965 1241 3002; x_wconf 88' lang='lat'>16</span> <span class='ocrx_word' id='word_1_340' title='bbox 1266 2976 1334 3002; x_wconf 90' lang='lat' dir='ltr'>en.</span> <span class='ocrx_word' id='word_1_341' title='bbox 1352 2962 1524 3012; x_wconf 88' lang='lat' dir='ltr'>gentilis</span> <span class='ocrx_word' id='word_1_342' title='bbox 1540 2963 1606 3002; x_wconf 85' lang='lat' dir='ltr'>de.</span> <span class='ocrx_word' id='word_1_343' title='bbox 1624 2960 1671 2999; x_wconf 92' lang='lat' dir='ltr'><em>K</em></span> <span class='ocrx_word' id='word_1_344' title='bbox 1780 2972 1826 3009; x_wconf 92' lang='lat'>17</span> <span class='ocrx_word' id='word_1_345' title='bbox 1854 2959 1930 2998; x_wconf 90' lang='lat' dir='ltr'>cal.</span> <span class='ocrx_word' id='word_1_346' title='bbox 1949 2965 2102 2998; x_wconf 86' lang='lat' dir='ltr'>cantus</span> 
     </span>
     <span class='ocr_line' id='line_1_37' title="bbox 355 3014 2100 3077; baseline -0.007 -13"><span class='ocrx_word' id='word_1_347' title='bbox 355 3032 441 3077; x_wconf 84' lang='lat' dir='ltr'>apt.</span> <span class='ocrx_word' id='word_1_348' title='bbox 464 3026 509 3063; x_wconf 92' lang='lat' dir='ltr'><em>K</em></span> <span class='ocrx_word' id='word_1_349' title='bbox 635 3036 684 3072; x_wconf 92' lang='lat'>19</span> <span class='ocrx_word' id='word_1_350' title='bbox 713 3022 859 3072; x_wconf 85' lang='lat' dir='ltr'>pulsus</span> <span class='ocrx_word' id='word_1_351' title='bbox 879 3020 968 3059; x_wconf 89' lang='grc' dir='ltr'>ΒΚ</span> <span class='ocrx_word' id='word_1_352' title='bbox 1090 3033 1144 3058; x_wconf 89' lang='grc' dir='ltr'>2ο</span> <span class='ocrx_word' id='word_1_353' title='bbox 1172 3018 1379 3058; x_wconf 89' lang='lat' dir='ltr'>citharum</span> <span class='ocrx_word' id='word_1_354' title='bbox 1400 3017 1504 3067; x_wconf 86' lang='lat' dir='ltr'>(cy-‚</span> <span class='ocrx_word' id='word_1_355' title='bbox 1527 3015 1646 3067; x_wconf 86' lang='lat' dir='ltr'>cita-)</span> <span class='ocrx_word' id='word_1_356' title='bbox 1672 3014 1751 3054; x_wconf 87' lang='lat' dir='ltr'>CK</span> <span class='ocrx_word' id='word_1_357' title='bbox 1756 3014 1796 3054; x_wconf 88' lang='lat' dir='ltr'><em>T</em></span> <span class='ocrx_word' id='word_1_358' title='bbox 1910 3025 1959 3051; x_wconf 85' lang='lat'>21</span> <span class='ocrx_word' id='word_1_359' title='bbox 1992 3027 2100 3063; x_wconf 89' lang='lat' dir='ltr'>quae</span> 
     </span>
     <span class='ocr_line' id='line_1_38' title="bbox 357 3068 2103 3130; baseline -0.007 -10"><span class='ocrx_word' id='word_1_360' title='bbox 357 3079 589 3130; x_wconf 88' lang='lat' dir='ltr'>metallico]</span> <span class='ocrx_word' id='word_1_361' title='bbox 612 3083 739 3127; x_wconf 86' lang='lat' dir='ltr'>atque</span> <span class='ocrx_word' id='word_1_362' title='bbox 759 3076 841 3115; x_wconf 85' lang='lat' dir='ltr'>alia</span> <span class='ocrx_word' id='word_1_363' title='bbox 860 3088 944 3125; x_wconf 91' lang='lat' dir='ltr'>quo</span> <span class='ocrx_word' id='word_1_364' title='bbox 964 3074 1010 3112; x_wconf 92' lang='lat' dir='ltr'><em>K</em></span> <span class='ocrx_word' id='word_1_365' title='bbox 1028 3074 1131 3122; x_wconf 85' lang='lat' dir='ltr'>(non</span> <span class='ocrx_word' id='word_1_366' title='bbox 1151 3072 1214 3125; x_wconf 91' lang='lat' dir='ltr'>A)</span> <span class='ocrx_word' id='word_1_367' title='bbox 1382 3084 1434 3110; x_wconf 84' lang='lat'>22</span> <span class='ocrx_word' id='word_1_368' title='bbox 1464 3082 1714 3121; x_wconf 85' lang='lat' dir='ltr'>repercussa</span> <span class='ocrx_word' id='word_1_369' title='bbox 1733 3068 1776 3108; x_wconf 93' lang='grc' dir='ltr'><em>Β</em></span> <span class='ocrx_word' id='word_1_370' title='bbox 1930 3079 1983 3117; x_wconf 89' lang='grc'>25</span> <span class='ocrx_word' id='word_1_371' title='bbox 2003 3073 2103 3120; x_wconf 87' lang='lat' dir='ltr'>post</span> 
     </span>
    </p>
   </div>
   <div class='ocr_carea' id='block_1_4' title="bbox 357 3124 2100 3239">
    <p class='ocr_par' dir='ltr' id='par_1_6' title="bbox 357 3124 2100 3239">
     <span class='ocr_line' id='line_1_39' title="bbox 357 3124 2100 3183; baseline -0.007 -9"><span class='ocrx_word' id='word_1_372' title='bbox 357 3136 546 3174; x_wconf 87' lang='lat' dir='ltr'>creditur</span> <span class='ocrx_word' id='word_1_373' title='bbox 564 3135 799 3183; x_wconf 84' lang='lat' dir='ltr'>sequuntur</span> <span class='ocrx_word' id='word_1_374' title='bbox 817 3130 952 3182; x_wconf 77' lang='lat' dir='ltr'>(Lxxl.</span> <span class='ocrx_word' id='word_1_375' title='bbox 972 3129 1126 3179; x_wconf 87' lang='lat'><em>39-40)</em></span> <span class='ocrx_word' id='word_1_376' title='bbox 1148 3128 1226 3167; x_wconf 89' lang='lat' dir='ltr'>sed</span> <span class='ocrx_word' id='word_1_377' title='bbox 1247 3132 1290 3166; x_wconf 89' lang='lat' dir='ltr'>et</span> <span class='ocrx_word' id='word_1_378' title='bbox 1311 3126 1532 3176; x_wconf 89' lang='lat' dir='ltr'>gentilium</span> <span class='ocrx_word' id='word_1_379' title='bbox 1554 3155 1564 3166; x_wconf 86' lang='lat'>.</span> <span class='ocrx_word' id='word_1_380' title='bbox 1590 3157 1599 3166; x_wconf 91' lang='lat'>.</span> <span class='ocrx_word' id='word_1_381' title='bbox 1624 3157 1631 3166; x_wconf 97' lang='lat'>.</span> <span class='ocrx_word' id='word_1_382' title='bbox 1655 3124 1807 3164; x_wconf 89' lang='lat' dir='ltr'>merito</span> <span class='ocrx_word' id='word_1_383' title='bbox 1828 3124 2100 3173; x_wconf 88' lang='lat' dir='ltr'>perculerunt</span> 
     </span>
     <span class='ocr_line' id='line_1_40' title="bbox 358 3181 1326 3239; baseline -0.009 -11"><span class='ocrx_word' id='word_1_384' title='bbox 358 3189 439 3228; x_wconf 93' lang='lat' dir='ltr'><em>KL</em></span> <span class='ocrx_word' id='word_1_385' title='bbox 461 3193 564 3239; x_wconf 80' lang='lat' dir='ltr'>(non</span> <span class='ocrx_word' id='word_1_386' title='bbox 586 3187 649 3237; x_wconf 89' lang='lat' dir='ltr'>A)</span> <span class='ocrx_word' id='word_1_387' title='bbox 818 3186 872 3223; x_wconf 89' lang='grc'>26</span> <span class='ocrx_word' id='word_1_388' title='bbox 901 3197 985 3234; x_wconf 93' lang='lat' dir='ltr'>quo</span> <span class='ocrx_word' id='word_1_389' title='bbox 1006 3182 1146 3221; x_wconf 83' lang='lat' dir='ltr'><em>BCT:</em></span> <span class='ocrx_word' id='word_1_390' title='bbox 1176 3195 1259 3231; x_wconf 91' lang='lat' dir='ltr'>qua</span> <span class='ocrx_word' id='word_1_391' title='bbox 1279 3181 1326 3219; x_wconf 93' lang='lat' dir='ltr'><em>K</em></span> 
     </span>
    </p>
   </div>
  </div>
 </body>
</html>
