2228 3444
429 155 1064 205 ETYMOLOGIARVM
1102 155 1230 202 LIB.
1274 155 1362 202 IV.
1401 154 1459 212 vi,
1488 152 1552 201 vii

113 303 267 335 unum
292 284 686 350 adprehenderit,
710 285 929 335 celeriter
953 286 1017 334 ad
1043 287 1204 349 plures
1230 283 1415 333 transit.
1482 282 1709 346 Gignitur
1729 282 1861 331 enim

112 385 171 417 ex
191 376 419 431 corrupto
438 384 567 428 aere,
585 376 633 416 et
650 367 702 415 in
721 366 987 416 visceribus
1013 367 1320 430 penetrando
1340 364 1577 413 innititur.
1635 366 1752 413 Hoc
1774 366 1863 412 etsi

112 452 402 513 plerumque
427 465 513 513 per
536 450 690 498 aerias
715 458 983 513 potestates
1016 450 1114 507 fiat,
1143 457 1310 497 tamen
1344 447 1449 496 sine
1482 445 1681 495 arbitrio
1708 445 1862 494 omni-

111 527 326 592 potentis
357 527 453 578 Dei
489 527 694 578 omnino
730 545 831 577 non
867 529 934 576 fit.
1011 527 1158 576 Dicta
1193 535 1359 575 autem
1396 523 1691 590 pestilentia,
1722 522 1862 586 quasi
1883 521 1938 567 18

65 621 86 661 5
112 610 418 675 pastulentia,
464 612 600 674 quod
642 609 793 659 veluti
835 609 1123 659 incendium
1166 610 1415 673 depascat,
1461 616 1514 656 ut
1556 605 1710 672 (Virg.
1735 608 1859 654 Aen.

115 707 156 755 5³
177 691 325 756 683).
554 762 686 809 Toto
723 759 981 809 descendit
1017 776 1223 823 corpore
1259 757 1422 822 pestis.

114 843 257 891 Idem
295 851 342 890 et
379 841 661 905 contagium
697 859 725 890 a
762 843 1113 906 contingendo,
1152 840 1266 905 quia
1298 857 1600 904 quemquem
1637 837 1860 902 tetigerit,

112 923 301 988 polluit.
377 926 492 988 Ipsa
516 934 563 973 et
588 923 790 987 inguina
814 924 877 972 ab
903 923 1161 987 inguinum
1192 922 1524 987 percussione.
1598 923 1788 971 Eadem
1815 931 1862 970 et
1886 930 1944 976 19

41 1025 91 1054 10
114 1009 217 1056 lues
243 1025 272 1055 a
297 1007 406 1055 labe
431 1016 479 1056 et
504 1009 638 1056 luctu
664 1015 854 1068 vocata,
879 1023 1006 1070 quae
1039 1015 1177 1055 tanto
1210 1015 1355 1055 acuta
1381 1014 1454 1054 est
1479 1014 1532 1053 ut
1558 1021 1658 1053 non
1684 1003 1865 1052 habeat

113 1088 322 1153 spatium
344 1088 578 1152 temporis
600 1106 699 1152 quo
723 1098 807 1138 aut
823 1088 921 1137 vita
942 1098 1160 1152 speretur
1184 1097 1269 1137 aut
1297 1105 1440 1147 mors,
1466 1088 1554 1136 sed
1579 1084 1864 1150 repentinus

111 1172 315 1234 languor
340 1170 484 1219 simul
510 1189 624 1220 cum
651 1181 808 1220 morte
833 1170 979 1220 venit.

250 1257 331 1302 DE
358 1255 657 1303 CHRONICIS
685 1269 895 1303 MoRssis.
958 1253 1177 1303 Chronia
1203 1262 1273 1301 est
1304 1251 1519 1316 prolixus
1546 1251 1748 1300 morbus
1779 1250 1863 1315 qui
1884 1258 1964 1299 VII

114 1335 278 1385 multis
303 1335 607 1399 temporibus
634 1346 915 1395 remoratur,
946 1346 998 1384 ut
1024 1337 1253 1399 podagra,
1284 1334 1473 1398 pthisis.
1528 1334 1706 1398 Χρόνος
1731 1333 1863 1382 enim

42 1433 88 1473 15
112 1419 245 1481 apud
273 1419 488 1466 Graecos
523 1427 717 1481 tempus
751 1417 942 1467 dicitur.
1018 1418 1270 1481 Cephalea
1303 1434 1362 1466 ex
1394 1433 1542 1465 causa
1567 1417 1863 1465 vocabulum
1888 1424 1919 1458 2

112 1500 277 1549 habet.
341 1499 528 1563 Capitis
548 1499 680 1549 enim
707 1499 871 1564 passio
893 1509 980 1560 est,
1004 1510 1051 1548 et
1072 1499 1249 1549 Graeci
1269 1509 1416 1563 caput
1437 1500 1651 1562 κεφαλὴν
1669 1509 1863 1548 vocant.

112 1580 398 1631 Scothomia
411 1581 475 1630 ab
489 1581 733 1631 accidenti
749 1599 933 1631 nomen
950 1582 1171 1645 sumpsit,
1189 1583 1326 1645 quod
1342 1581 1620 1644 repentinas
1637 1581 1864 1630 tenebras
1887 1588 1917 1634 3

112 1663 298 1727 ingerat
331 1663 485 1712 oculis
520 1681 633 1712 cum
659 1663 895 1728 vertigine
932 1664 1119 1727 capitis.
1191 1664 1396 1727 Vertigo
1432 1673 1597 1714 autem
1635 1673 1708 1713 est
1745 1681 1864 1727 quo-

114 1747 458 1809 tienscumque
494 1756 668 1795 ventus
707 1746 968 1810 consurgit,
1010 1756 1057 1795 et
1095 1756 1271 1795 terram
1312 1746 1361 1794 in
1401 1746 1659 1795 circuitum
1700 1746 1860 1794 mittit.

43 1839 93 1867 20
116 1829 195 1877 Sic
236 1838 283 1876 et
322 1828 371 1876 in
408 1830 586 1878 vertice
626 1828 841 1878 hominis
889 1830 1092 1877 arteriae
1140 1838 1187 1878 et
1227 1845 1382 1877 venae
1420 1830 1766 1878 ventositatem
1806 1842 1917 1889 ex4

114 1911 326 1959 resoluta
373 1912 742 1960 humectatione
788 1912 1007 1974 gignunt,
1051 1921 1099 1960 et
1148 1910 1196 1959 in
1245 1910 1400 1959 oculis
1447 1928 1617 1973 gyrum
1662 1909 1860 1958 faciunt.

113 1993 260 2040 Vnde
290 2002 337 2040 et
363 1992 547 2056 vertigo
573 2002 857 2056 nuncupata
888 2002 974 2042 est.
1049 1992 1320 2056 Epilemsia
1344 1993 1641 2041 vocabulum
1673 1990 1861 2050 sumsit,
1885 1994 1916 2044 5

114 2072 249 2132 quod
266 2080 484 2119 mentem
501 2072 791 2134 adpendens
808 2070 988 2134 pariter
1004 2071 1150 2120 etiam
1172 2088 1348 2134 corpus
1370 2071 1635 2134 possideat.
1687 2071 1863 2120 Graeci

114 2153 246 2199 enim
279 2152 639 2215 adpensionem
667 2154 918 2217 ἐπιληψίαν
942 2155 1205 2216 appellant.
1281 2153 1359 2201 Fit
1391 2162 1558 2202 autem
1591 2170 1649 2201 ex
1684 2154 1864 2201 melan-

42 2257 60 2282 2
67 2257 88 2296 5
113 2233 308 2282 cholico
326 2235 547 2295 humore,
568 2235 796 2298 quotiens
818 2234 1152 2283 exuberaverit
1173 2244 1219 2283 et
1238 2236 1302 2283 ad
1322 2234 1578 2284 cerebrum
1598 2251 1862 2283 conversus

113 2314 268 2364 fuerit.
343 2318 486 2365 Haec
518 2315 682 2379 passio
709 2326 757 2365 et
782 2318 971 2365 caduca
1004 2325 1218 2376 vocatur,
1248 2333 1308 2365 eo
1334 2317 1470 2379 quod
1504 2317 1687 2364 cadens
1720 2333 1863 2379 aeger

113 2413 335 2459 spasmos
373 2397 596 2460 patiatur.
670 2401 781 2447 Hos
819 2399 965 2447 etiam
1003 2400 1176 2461 vulgus
1213 2399 1456 2447 lunaticos
1492 2407 1683 2458 vocant,
1725 2399 1859 2461 quod
1884 2400 1917 2446 6

113 2495 198 2541 per
231 2480 376 2528 lunae
407 2496 605 2529 cursum
638 2479 900 2529 comitetur
933 2496 1018 2529 eos
1051 2479 1229 2529 insidia
1262 2481 1579 2530 daemonum.
1656 2482 1783 2528 Item
1814 2489 1862 2528 et

172 2621 189 2646 1
222 2608 293 2661 eni
404 2609 456 2648 T:
487 2615 629 2649 autem
651 2609 731 2648 BC
902 2624 926 2659 4
957 2611 1131 2650 omnino
1153 2624 1235 2651 om.
1257 2610 1302 2648 K
1410 2624 1495 2650 non
1518 2624 1600 2650 om.
1627 2610 1677 2649 C1
1789 2624 1859 2660 qu.

112 2663 309 2713 postules
334 2664 373 2702 ia
396 2662 469 2703 C1:
499 2677 569 2714 qu.
592 2665 851 2714 postulantia
870 2664 912 2702 Β
1073 2666 1098 2703 8
1124 2667 1236 2704 idem
1257 2665 1364 2704 BT:
1395 2666 1492 2704 ideo
1516 2664 1616 2703 C1K
1723 2666 1861 2704 conti·

114 2718 255 2756 nendo
277 2717 322 2754 K
447 2732 701 2768 quemquem
722 2718 788 2759 K:
819 2732 1032 2770 quemque
1057 2720 1150 2759 CT:
1181 2734 1308 2770 quern
1329 2719 1370 2757 Β
1534 2734 1560 2771 9
1590 2721 1683 2760 ead.
1707 2720 1800 2758 lues
1820 2720 1861 2757 Β

118 2785 167 2811 10
196 2772 289 2810 labe
310 2771 448 2812 BCT:
478 2773 574 2812 leue
602 2774 638 2812 T
743 2780 905 2813 tantum
927 2774 972 2811 K
1157 2787 1205 2824 13
1236 2775 1419 2814 Cronica
1440 2774 1485 2812 K
1593 2775 1799 2825 prolixius
1827 2773 1864 2812 T

119 2839 166 2876 14
195 2827 292 2877 pod.
313 2827 403 2866 tisis
418 2827 557 2867 BCT:
589 2829 828 2878 podagrisis
844 2828 890 2866 K
998 2827 1158 2880 χρόνος]
1176 2842 1337 2868 cronon
1353 2829 1464 2868 codd.
1636 2830 1685 2866 16
1715 2834 1756 2866 et
1778 2858 1786 2867 .
1815 2858 1822 2867 .
1847 2857 1858 2868 .

114 2886 268 2920 vocant
288 2895 370 2921 om.
395 2881 442 2919 K
589 2896 634 2932 17
666 2884 896 2923 accedente
916 2883 981 2923 K:
1013 2885 1246 2923 accidendo
1275 2884 1312 2922 T
1453 2885 1500 2922 18
1530 2889 1672 2922 autem
1695 2896 1776 2922 om.
1807 2881 1859 2920 T1

116 2948 164 2973 21
196 2935 373 2986 gignent
393 2935 440 2974 K
554 2951 606 2987 23
635 2939 962 2986 adprehendens
980 2968 988 2978 .
1006 2969 1016 2979 .
1037 2970 1046 2979 .
1065 2939 1456 2989 adprehensionem
1478 2938 1571 2978 dett.
1685 2939 1738 2975 26
1767 2950 1856 2986 pas,

116 2991 205 3030 cad.
222 2989 266 3029 K
363 2991 476 3043 voc.]
498 2991 650 3031 dicitur
673 2992 707 3031 C
824 3006 874 3043 27
905 2994 1061 3044 patitur
1080 2992 1125 3031 K
1244 2995 1296 3032 28
1326 2994 1476 3034 insidia
1498 2992 1639 3031 BCD:
1674 2991 1855 3032 insidiae

113 3043 189 3082 H:
221 3044 383 3084 insania
412 3046 464 3085 T:
496 3046 688 3086 insandia
710 3046 755 3084 K
920 3049 1019 3088 item
1045 3046 1142 3087 CK:
1175 3047 1285 3087 idem
1307 3047 1393 3087 BT
