2176 3424
518 151 1147 201 ETYMOLOG1ARVM
1188 152 1318 200 LIB.
1356 153 1496 199 XIV.
1536 151 1581 199 vi

178 280 326 329 etiam
351 281 563 330 remis'et
587 280 772 344 sagittis
798 280 984 340 claruit,
1006 280 1163 344 prima
1181 279 1350 330 litteris
1370 280 1474 329 iura
1493 280 1644 340 finxit,
1668 289 1918 344 equestres

177 367 359 408 turmas
385 360 540 422 prima
569 358 774 420 docuit3
811 358 1028 408 studium
1061 358 1305 407 musicum
1337 358 1401 407 ab
1437 357 1600 407 Idaeis
1634 360 1841 422 dactylis
1866 357 1917 406 in

174 456 232 489 ea
256 449 503 504 coeptum.
564 440 736 503 Capris
762 440 974 504 copiosa,
1005 458 1174 490 cervos
1200 451 1310 505 eget
1328 459 1341 502 3
1379 442 1522 504 lupos
1543 450 1590 490 et
1610 443 1781 504 vulpes
1805 440 1918 490 alia-

174 539 271 585 que
306 523 517 573 ferarum
554 522 700 571 noxia
736 539 982 586 nusquam
1018 522 1170 586 gignit
1188 542 1201 584 3
1250 539 1451 586 serpens
1487 525 1623 572 nulla
1659 522 1742 583 ibi,
1782 525 1917 571 nulla

127 623 150 662 5
173 612 368 664 noctua,
398 614 444 653 et
470 603 510 653 si
536 606 822 665 inveniatur,
845 604 1009 653 statim
1029 604 1277 654 emoritur.
1353 607 1509 668 Larga
1529 615 1603 655 est
1621 614 1787 653 autem
1815 603 1918 653 viti-

172 685 263 733 bus
289 694 336 734 et
361 685 617 735 arboribus
639 706 648 735 ε
687 688 980 749 dyctamnos
1001 687 1154 736 herba
1175 686 1225 734 in
1246 686 1395 737 Creta
1421 686 1637 736 nascitur
1657 696 1706 736 et
1725 686 1914 747 alimos,

171 785 298 830 quae
335 769 562 818 admorsa
609 768 837 818 diurnam
880 770 1062 818 famem
1111 769 1353 832 prohibet.
1428 771 1706 832 Phalangos
1748 778 1914 818 autem

170 859 437 899 venenatos
462 850 614 914 gignit
639 860 686 900 et
710 852 927 914 lapidem
954 851 1038 914 qui
1066 852 1246 900 Idaeus
1273 853 1496 915 dactylus
1521 851 1712 901 dicitur.
1785 851 1916 914 Aby-
1939 863 1991 913 17

170 932 260 980 dos
290 931 448 981 insula
485 932 534 980 in
573 935 772 996 Europa
809 950 953 997 super
991 934 1378 997 Hellespontum
1415 932 1590 997 posita,
1622 942 1832 997 angusto
1866 942 1914 982 et

98 1028 146 1057 10
168 1015 445 1076 periculoso
476 1014 597 1063 mari
630 1023 865 1078 separata,
898 1024 947 1064 et
962 1015 1176 1079 ’Ἄβυδος
1211 1017 1400 1064 Graece
1430 1016 1563 1064 dicta
1593 1016 1730 1078 quod
1759 1016 1820 1063 sit
1846 1014 1914 1062 in-

167 1094 338 1144 troitus
371 1097 686 1160 Hellesponti
722 1097 880 1156 maris‚
918 1097 969 1146 in
1006 1114 1106 1160 quo
1142 1100 1329 1147 Xerxes
1366 1107 1571 1161 pontem
1609 1113 1668 1146 ex
1703 1096 1912 1146 navibus

166 1176 293 1237 fecit,
321 1186 368 1226 et
394 1177 443 1225 in
470 1178 727 1227 Graeciam
753 1178 952 1228 transiit.
1028 1179 1164 1230 Coos
1189 1178 1349 1227 insula
1373 1179 1605 1229 adiacens
1631 1177 1911 1243 provinciae
1936 1179 1989 1226 18

166 1260 373 1320 Atticae,
402 1259 453 1308 in
478 1277 575 1323 qua
603 1260 934 1324 Hippocrates
962 1261 1184 1310 medicus
1211 1271 1354 1311 natus
1379 1271 1483 1323 est3
1519 1279 1661 1325 quae,
1682 1271 1736 1310 ut
1754 1263 1911 1311 Varro

166 1340 300 1389 testis
326 1351 412 1401 est,
438 1351 540 1391 arte
566 1342 765 1391 lanificii
790 1342 946 1406 prima
970 1342 1021 1391 in
1040 1352 1333 1392 ornamento
1353 1343 1646 1393 feminarum
1666 1342 1906 1392 inclaruit.

95 1439 141 1480 15
166 1422 407 1485 Cyclades
449 1426 636 1474 insulae
674 1424 944 1487 antiquitus
978 1426 1216 1475 Graeciae
1257 1428 1466 1485 fuerunt,
1499 1442 1622 1489 quas
1664 1427 1780 1475 inde
1814 1426 1906 1488 Cy-
1928 1439 1986 1487 19

165 1506 329 1554 clades
359 1515 618 1555 autumant
647 1506 803 1555 dictas
838 1507 988 1569 quod,
1025 1506 1138 1556 licet
1178 1506 1347 1571 spatiis
1381 1506 1685 1570 longioribus
1716 1525 1745 1555 a
1778 1508 1906 1556 Delo

163 1586 423 1649 proiectae,
452 1590 502 1636 in
527 1589 699 1637 orbem
727 1597 895 1637 tamen
919 1588 1048 1638 circa
1068 1590 1251 1638 Delum
1279 1588 1400 1638 sitae
1427 1588 1553 1648 sint3
1593 1606 1707 1637 nam
1735 1588 1907 1638 orbem

166 1670 334 1719 κύκλον
375 1670 510 1719 Graii
553 1672 836 1734 loquuntur.
925 1670 1145 1731 Quidam
1183 1687 1298 1720 vero
1334 1687 1437 1720 non
1473 1672 1611 1734 quod
1648 1670 1699 1719 in
1736 1671 1908 1720 orbem

165 1751 395 1814 digestae,
409 1754 496 1801 sed
513 1761 710 1816 propter
729 1754 960 1815 scopulos
977 1754 1061 1815 qui
1078 1751 1206 1802 circa
1222 1754 1397 1802 eadem
1415 1763 1542 1813 sunt,
1561 1754 1718 1802 dictas
1734 1762 1909 1817 putant

92 1853 143 1881 20
166 1832 422 1895 Cyclades.
485 1836 629 1883 Haec
651 1836 700 1883 in
723 1836 1056 1898 Hellesponto
1076 1834 1202 1884 inter
1221 1837 1443 1897 Aegeum
1462 1844 1510 1883 et
1531 1836 1754 1884 Maleum
1776 1852 1908 1884 mare
1932 1849 1999 1884 20

166 1915 463 1965 constitutae
499 1915 866 1966 circumdantur
899 1916 1047 1966 etiam
1082 1919 1257 1980 pelago
1292 1919 1505 1979 Myrtoo.
1579 1919 1704 1966 Sunt
1741 1926 1907 1966 autem

165 2013 371 2047 numero
396 1998 753 2062 quinquaginta
778 2009 888 2059 tres,
911 2008 1135 2048 tenentes
1160 2016 1189 2047 a
1215 1999 1548 2061 septentrione
1574 1997 1624 2046 in
1651 1998 1906 2048 meridiem

166 2077 298 2126 milia
323 2078 603 2142 quingenta,
631 2079 695 2128 ab
721 2081 909 2129 oriente
934 2079 984 2128 in
1009 2096 1241 2129 occasum
1268 2079 1402 2128 milia
1426 2081 1654 2130 ducenta.
1727 2082 1908 2130 Metro-

165 2158 289 2222 polis
316 2176 482 2209 earum
510 2161 735 2210 Rhodos.
810 2162 964 2210 Delos
1002 2161 1160 2210 insula
1196 2162 1246 2208 in
1285 2162 1452 2210 medio
1490 2162 1764 2224 Cycladum
1799 2161 1904 2211 sita.
1930 2174 1983 2208 21

93 2259 140 2300 25
165 2243 228 2289 Et
253 2241 385 2290 dicta
404 2243 560 2292 Delos
585 2243 746 2303 fertur,
770 2244 906 2306 quod
931 2251 1042 2306 post
1062 2242 1316 2303 diluvium,
1339 2244 1476 2306 quod
1497 2242 1655 2306 Ogygi
1680 2243 1907 2307 tempori-

163 2323 256 2370 bus
281 2332 492 2381 notatur,
520 2340 634 2372 cum
665 2324 835 2373 orbem
869 2323 1034 2372 multis
1065 2323 1319 2373 mensibus
1349 2323 1587 2373 continua
1619 2342 1718 2374 nox
1751 2324 1907 2373 inum—

164 2404 364 2466 brasset,
385 2415 499 2454 ante
515 2423 688 2455 omnes
707 2415 856 2456 terras
876 2405 1022 2455 radiis
1042 2405 1157 2454 solis
1178 2405 1470 2455 inluminata
1494 2415 1568 2455 est
1589 2425 1602 2467 3
1638 2406 1906 2470 sortitaque

165 2502 222 2533 ex
263 2503 322 2534 eo
365 2503 564 2548 nomen,
606 2489 742 2551 quod
780 2489 936 2550 prima
978 2485 1287 2536 manifestata
1325 2487 1495 2537 fuisset
1532 2487 1748 2549 visibus3
1789 2505 1903 2536 nam

163 2569 307 2630 δῆλον
332 2568 510 2618 Graeci
536 2569 850 2618 manifestum
876 2568 1062 2618 dicunt.
1138 2571 1253 2632 Ipsa
1273 2578 1346 2618 est
1365 2578 1413 2618 et
1439 2570 1653 2633 Ortygia,
1683 2587 1742 2619 eo
1769 2571 1904 2633 quod

225 2712 242 2737 1
276 2698 368 2737 fixit
395 2697 473 2736 TX
489 2712 498 2737 :
518 2699 588 2737 vix
605 2699 740 2737 vinxit
763 2699 873 2749 (cum
894 2698 1006 2738 codd.
1023 2698 1223 2750 plerisque
1243 2698 1381 2738 Solz'm'
1397 2711 1456 2749 11,
1477 2698 1521 2750 5)
1687 2712 1712 2748 3
1742 2698 1906 2749 capreis

169 2752 362 2791 Schwarz
466 2769 490 2802 4
520 2766 748 2802 numquam
769 2754 815 2792 K
913 2767 1026 2803 serp.
1043 2753 1182 2792 nullus
1203 2752 1250 2791 K
1343 2765 1368 2802 5
1397 2759 1508 2793 noct.
1530 2759 1596 2793 est
1618 2753 1653 2792 C
1732 2754 1904 2792 inveha-

170 2813 239 2846 tur
258 2807 384 2846 Arev.
529 2821 549 2856 7
583 2808 819 2846 diuturnam
844 2808 879 2848 C
1006 2808 1157 2846 famam
1185 2807 1222 2846 T
1326 2808 1522 2858 perhibet
1541 2808 1582 2847 Β
1688 2808 1903 2858 sfalangos

169 2861 274 2902 BT:
306 2861 534 2912 spalangos
556 2861 654 2900 C1K
807 2876 856 2902 10
885 2862 1015 2914 quod]
1037 2875 1118 2912 que
1140 2862 1179 2900 Β
1200 2863 1243 2912 (i.
1264 2876 1295 2903 e.
1316 2866 1442 2912 quae)
1585 2865 1634 2901 16
1662 2863 1792 2914 quod]
1808 2864 1904 2912 quia

166 2915 210 2961 ,B
392 2929 438 2966 17
468 2930 564 2955 nam
586 2917 732 2956 urbem
753 2916 798 2955 K
956 2920 1004 2956 18
1033 2916 1148 2966 greci
1185 2915 1245 2956 C:
1277 2930 1404 2966 grece
1426 2917 1471 2956 K
1647 2930 1695 2966 19
1724 2919 1902 2957 eandem

161 2969 294 3011 *BCT
465 2985 517 3010 20
547 2971 665 3010 Haec
685 2984 766 3011 om.
793 2969 841 3010 Cl
1015 2985 1062 3010 21
1098 2972 1248 3010 mirteo
1265 2971 1374 3012 codd.
1495 2985 1561 3010 au.
1579 2985 1727 3011 omnes
1744 2986 1814 3012 nu.
1828 2972 1908 3011 BC

173 3037 225 3062 22
257 3025 480 3065 tendentes
491 3025 582 3066 dett.
741 3037 792 3076 25
812 3027 924 3077 quod
947 3026 1080 3078 (alt.)]
1102 3039 1210 3075 quae
1231 3026 1270 3064 Β
1427 3027 1478 3065 26
1508 3027 1548 3064 in
1571 3026 1717 3065 umbra
1736 3034 1851 3067 esset
1875 3026 1912 3064 T

174 3091 225 3128 27
257 3080 491 3130 portitaque
509 3079 560 3120 Cl
585 3093 594 3119 :
624 3079 771 3119 sortita
791 3079 837 3118 K
942 3081 994 3120 28
1022 3080 1098 3120 vis.
1119 3081 1317 3120 humanis
1337 3093 1434 3120 nam
1456 3080 1502 3118 K
1609 3093 1661 3131 29
1689 3081 1842 3122 dicitur
1860 3082 1906 3120 K
