2176 3424
1037 130 1306 180 ISIDORI

299 267 425 318 sunt,
451 259 533 322 qui
561 258 629 308 eis
657 259 796 322 quasi
823 276 984 308 carcer
1011 268 1083 308 est
1109 277 1266 323 usque
1291 263 1354 310 ad
1380 271 1575 326 tempus
1601 263 1782 312 iudicii.
1835 263 1905 312 Hi
1932 273 2044 312 sunt

220 345 275 392 18
300 341 709 403 praevaricatores
729 341 903 404 angeli,
923 358 1133 405 quorum
1152 343 1395 392 Diabolus
1421 344 1647 408 princeps
1674 355 1760 394 est.
1803 345 2044 394 Diabolus

304 422 551 472 Hebraice
578 422 756 471 dicitur
781 425 1013 472 deorsum
1041 425 1211 484 fluens,
1241 425 1356 488 quia
1389 428 1583 489 quietus
1609 426 1659 475 in
1684 427 1805 476 caeli
1831 427 2046 476 culmine

300 513 425 555 stare
450 507 763 569 contempsit,
787 507 874 554 sed
901 506 1158 569 superbiae
1183 509 1404 570 pondere
1423 510 1654 558 deorsum
1675 526 1904 558 corruens
1925 509 2046 558 ceci-

299 587 386 635 dit.
458 588 648 637 Graece
674 604 788 637 vero
814 588 1041 637 diabolus
1067 588 1350 638 criminator
1375 600 1587 651 vocatur,
1617 592 1752 654 quod
1777 592 1853 639 vel
1885 590 2043 639 crimi-
2070 606 2090 646 5

300 685 375 728 na,
416 668 466 717 in
508 686 605 732 qua
647 671 751 733 ipse
794 669 961 730 inlicit,
994 672 1059 719 ad
1096 673 1261 720 Deum
1299 674 1485 733 referat,
1514 676 1590 722 vel
1627 674 1742 736 quia
1777 675 2043 722 electorum

298 751 634 800 innocentiam
671 752 960 800 criminibus
999 753 1123 801 fictis
1159 764 1388 815 accusat,
1425 757 1557 804 unde
1594 764 1642 803 et
1674 755 1724 803 in
1750 755 2046 818 Apocalypsi

297 851 420 883 voce
445 834 666 897 angelica
692 834 869 883 dicitur
895 834 996 900 (12,
1022 835 1102 900 10)
1123 857 1131 885 :
1173 840 1183 860 ‘
1201 836 1454 885 Proiectus
1475 847 1547 886 est
1566 845 1822 885 accusator
1846 838 2046 884 fratrum

300 926 595 975 nostrorum,
624 916 708 979 qui
745 917 1010 965 accusabat
1044 917 1152 965 illos
1187 917 1238 966 in
1274 927 1544 982 conspectu
1581 921 1674 967 Dei
1705 918 1860 966 nostri
1884 918 1965 966 die
1990 934 2046 966 ac

214 1030 274 1076 19
298 1001 475 1046 nocte.'
549 1000 752 1046 Satanas
780 999 828 1046 in
856 999 1034 1047 Latino
1060 1010 1202 1048 sonat
1234 1000 1550 1060 adversarius,
1579 1001 1679 1049 sive
1709 1010 2044 1063 transgressor.
2077 1014 2123 1041 10

303 1082 417 1144 Ipse
443 1090 516 1129 est
541 1080 673 1129 enim
699 1081 1020 1141 adversarius,
1049 1081 1133 1145 qui
1160 1092 1232 1131 est
1257 1082 1470 1131 veritatis
1504 1082 1746 1142 inimicus,
1775 1092 1822 1131 et
1856 1099 2048 1146 semper

301 1173 583 1211 sanctorum
628 1162 887 1211 virtutibus
936 1164 1178 1213 contraire
1222 1164 1402 1213 nititur.
1478 1167 1591 1229 Ipse
1628 1174 1674 1213 et
1711 1174 2046 1227 transgressor,

303 1245 418 1308 quia
452 1245 809 1309 praevaricator
852 1247 1055 1295 effectus
1095 1246 1144 1294 in
1181 1247 1394 1307 veritate,
1425 1265 1522 1310 qua
1557 1247 1787 1296 conditus
1825 1256 1911 1306 est,
1946 1263 2048 1294 non

302 1327 449 1376 stetit.
525 1328 668 1375 Idem
706 1337 753 1376 et
790 1337 1069 1391 temptator,
1109 1328 1224 1391 quia
1259 1331 1599 1393 temptandam
1636 1329 1876 1377 iustorum
1914 1330 2049 1377 inno-

210 1436 276 1471 20
303 1409 515 1458 centiam
542 1411 771 1472 postulat,
801 1410 926 1458 sicut
953 1411 1003 1458 in
1038 1410 1132 1459 Iob
1168 1411 1407 1460 scribitur.
1480 1410 1812 1460 Antichristus
1839 1412 2050 1473 appella·
2077 1431 2123 1470 15

301 1501 391 1551 tur,
412 1491 526 1554 quia
552 1500 723 1539 contra
750 1491 1003 1542 Christum
1019 1502 1253 1541 venturus
1280 1502 1365 1543 est.
1418 1495 1547 1553 Non,
1568 1494 1822 1556 quomodo
1848 1492 2048 1555 quidam

303 1564 550 1636 simplices
601 1575 903 1637 intellegunt,
943 1574 1304 1624 Antichristum
1354 1575 1467 1624 ideo
1516 1577 1705 1624 dictum
1753 1575 1889 1637 quod
1937 1582 2051 1622 ante

304 1654 556 1705 Christum
582 1665 815 1704 venturus
853 1657 926 1715 sit,
956 1655 1006 1704 id
1041 1664 1114 1704 est
1147 1666 1257 1720 post
1284 1674 1397 1705 eum
1423 1656 1586 1706 veniat
1621 1657 1860 1707 Christus.
1934 1658 2050 1705 Non

302 1738 385 1796 sic,
414 1739 502 1786 sed
527 1737 859 1786 Antichristus
887 1739 1076 1787 Graece
1102 1738 1292 1798 dicitur,
1322 1740 1459 1801 quod
1484 1748 1556 1788 est
1583 1738 1757 1787 Latine
1782 1737 2052 1787 contrarius

226 1847 280 1883 21
306 1819 517 1870 Christo.
546 1818 674 1869 Ἀντὶ
690 1821 820 1868 enim
843 1821 1030 1869 Graece
1048 1820 1097 1867 in
1120 1820 1298 1869 Latino
1319 1830 1489 1869 contra
1505 1820 1759 1884 significat.
1800 1820 2052 1871 Christum
2079 1841 2128 1868 20

305 1901 438 1950 enim
476 1918 527 1950 se
564 1900 841 1961 mentietur,
869 1903 991 1950 dum
1016 1901 1202 1950 venerit
1220 1920 1232 1962 3
1269 1911 1316 1950 et
1354 1911 1524 1950 contra
1560 1919 1674 1951 eum
1708 1901 2022 1950 dimicabitur
2042 1921 2054 1962 ;

305 1994 353 2033 et
377 1983 714 2033 adversabitur
740 1983 1056 2032 sacramentis
1081 1982 1279 2042 Christi,
1302 1993 1353 2031 ut
1377 1983 1590 2033 veritatis
1616 1983 1720 2032 eius
1746 1983 2053 2048 evangelium

219 2099 283 2133 22
306 2068 475 2114 solvat.
551 2068 680 2115 Nam
724 2075 771 2114 et
819 2067 1059 2129 templum
1110 2065 1470 2129 Hierosolymis
1518 2082 1753 2129 reparare,
1790 2074 1837 2114 et
1878 2082 2052 2114 omnes

307 2148 480 2198 veteris
528 2148 647 2212 legis
696 2149 1017 2197 caerimonias
1065 2157 1331 2196 restaurare
1382 2148 1657 2211 temptabit.
1732 2149 1830 2196 Sed
1877 2156 1925 2196 et
1972 2146 2050 2196 ille

308 2230 639 2279 Antichristus
673 2239 746 2279 est
783 2229 867 2293 qui
901 2238 1046 2292 negat
1083 2246 1189 2279 esse
1223 2232 1388 2278 Deum
1424 2229 1688 2279 Christum.
1764 2230 2048 2279 Contrarius
2082 2246 2128 2286 25

307 2312 440 2360 enim
468 2312 665 2362 Christo
690 2320 775 2360 est.
851 2312 1040 2360 Omnes
1066 2311 1214 2369 enim,
1242 2310 1327 2373 qui
1360 2319 1538 2359 exeunt
1569 2312 1632 2359 de
1667 2311 1888 2359 Ecclesia
1913 2321 1960 2360 et
1984 2312 2047 2360 ab

219 2431 283 2478 23
311 2394 498 2443 unitate
526 2394 641 2443 fidei
666 2393 1027 2457 praeciduntur,
1057 2402 1105 2441 et
1130 2393 1221 2457 ipsi
1250 2392 1535 2441 Antichristi
1562 2402 1687 2441 sunt.
1749 2394 1836 2441 Bel
1863 2392 2051 2442 idolum

371 2546 387 2571 1
421 2532 495 2583 ad]
519 2532 560 2570 in
585 2530 630 2568 K
845 2532 887 2569 hi
909 2538 1007 2570 sunt
1029 2561 1038 2570 .
1063 2561 1072 2570 .
1098 2562 1107 2570 .
1132 2544 1194 2581 pr.
1218 2535 1282 2569 est
1301 2543 1381 2569 om.
1413 2530 1462 2568 Tl
1696 2540 1719 2577 5
1750 2527 1942 2567 diabolus
1962 2541 2047 2565 om.

311 2589 356 2627 K
374 2590 476 2640 (non
496 2586 561 2637 A)
783 2588 808 2624 6
837 2586 1000 2625 inlicita
1022 2586 1120 2625 C¹K
1308 2585 1360 2623 ad
1383 2584 1608 2623 Dominum
1630 2583 1670 2620 Β
1833 2582 1922 2632 vel]
1946 2587 1990 2620 ut
2008 2579 2048 2616 Β

315 2660 336 2690 7
369 2643 481 2682 unde
503 2641 543 2678 in
566 2641 605 2678 Β
727 2656 753 2692 9
784 2642 920 2680 nostri
940 2655 1020 2681 om.
1043 2641 1084 2678 A
1214 2652 1263 2677 10
1291 2640 1380 2678 sive
1402 2668 1412 2679 .
1438 2670 1446 2678 .
1475 2671 1482 2678 .
1506 2640 1670 2678 advers.
1694 2650 1776 2675 om.
1802 2636 1847 2674 K
1866 2638 1967 2687 (non
1985 2635 2050 2675 A)

318 2713 363 2738 11
398 2699 490 2748 ipse
511 2695 623 2733 enim
644 2695 684 2732 A
805 2709 852 2734 12
874 2697 1055 2735 nitititur
1073 2695 1114 2733 Β
1225 2707 1273 2742 14
1303 2694 1390 2733 inn.
1413 2693 1508 2733 iust.
1529 2695 1568 2732 Β
1682 2704 1728 2741 15
1759 2691 1996 2741 appellatus
2011 2688 2057 2726 K

319 2756 368 2793 16
396 2756 512 2791 vent.
534 2763 618 2787 1101]
649 2749 686 2786 T
779 2751 915 2795 ventfl
938 2751 1106 2789 futurus
1125 2748 1185 2786 K2
1205 2748 1306 2798 (non
1329 2748 1392 2799 A)
1508 2749 1556 2786 18
1584 2748 1727 2785 veniet
1754 2746 1791 2784 T
1897 2757 1946 2794 19
1974 2744 2049 2782 sed

316 2824 400 2849 om.
419 2808 474 2846 Β1
585 2803 779 2845 Antichr.
802 2836 812 2845 .
838 2836 847 2845 .
871 2836 879 2845 .
902 2800 1004 2845 Chr.
1029 2818 1107 2844 om.
1132 2803 1178 2840 K
1195 2803 1296 2849 (non
1319 2802 1379 2852 A)
1493 2815 1545 2841 2ο
1565 2801 1676 2840 enim
1696 2814 1777 2840 om.
1798 2798 1844 2836 K
1863 2799 1964 2847 (non
1984 2798 2048 2848 A)

311 2867 477 2905 Graece
496 2873 579 2898 om.
603 2859 644 2896 Β
809 2862 852 2899 in
874 2861 991 2912 Lat.]
1013 2860 1139 2898 latine
1161 2857 1206 2895 K
1224 2858 1326 2905 (non
1347 2857 1410 2907 A)
1574 2869 1621 2894 21
1655 2856 1768 2894 enim
1790 2867 1837 2892 se
1856 2852 1965 2891 BK:
1997 2865 2043 2891 se

314 2921 427 2960 enim
451 2919 527 2958 CT
675 2915 876 2954 mentitur
897 2915 943 2953 K
1085 2914 1182 2952 dum
1202 2911 1344 2950 BCT:
1374 2924 1468 2950 cum
1490 2911 1536 2948 K
1679 2915 1720 2948 et
1740 2914 1886 2947 contra
1904 2921 2052 2946 verum

317 2973 533 3015 dimicabit
549 2969 736 3010 Lactant.
754 2971 846 3010 inst.
868 2984 904 3021 7,
924 2984 985 3022 19,
1004 2971 1031 3008 6
1141 2980 1192 3005 22
1212 2966 1370 3005 veritas
1383 2966 1437 3004 Β1
1541 2977 1591 3014 23
1611 2968 1732 3003 sonat
1748 2963 1798 3002 (ΣΙ
1908 2975 1959 3011 24
1980 2962 2056 3000 sed

311 3031 383 3068 ille
410 3029 448 3068 T
579 3035 630 3072 25
662 3025 889 3064 Dominum
909 3026 950 3063 A
1100 3024 1153 3060 26
1182 3021 1294 3060 enim
1314 3035 1396 3061 om.
1421 3020 1466 3058 K
1483 3018 1582 3069 <non
1604 3019 1667 3068 A)
1778 3022 1842 3056 est
1862 3016 1965 3056 Chr.
1987 3016 2052 3054 K:

310 3083 469 3124 Christi
493 3088 558 3121 est
580 3078 666 3119 BT
825 3092 875 3128 27
906 3084 948 3117 et
969 3078 1048 3129 ipsi
1069 3090 1148 3116 om.
1175 3075 1222 3113 K
1237 3076 1340 3126 (non
1360 3075 1422 3127 Α)
