2176 3424
1090 119 1360 168 ISIDORI

259 255 288 289 2
317 241 447 288 Nam
488 243 620 291 iuxta
656 245 870 293 Romam
905 247 1117 296 Albulae
1153 265 1311 312 aquae
1337 251 1619 301 vulneribus
1651 255 1928 305 medentur.
2001 257 2061 303 In

318 322 462 371 Italia
506 325 616 373 fons
657 325 915 376 Ciceronis
952 331 1210 378 oculorum
1244 333 1446 380 vulnera
1475 344 1624 383 curat.
1709 337 1771 384 In
1801 335 2066 400 Aethiopia

315 406 451 454 lacus
477 416 551 455 est
571 425 671 471 quo
691 411 886 472 perfusa
913 428 1120 474 corpora
1144 414 1277 462 velut
1294 415 1406 464 oleo
1423 415 1680 467 nitescunt.
1756 421 1936 468 Zamae
1954 421 2063 468 fons

315 486 365 534 in
408 487 574 537 Africa
614 507 818 541 canoras
860 510 1007 542 voces
1050 493 1179 543 facit.
1253 497 1328 543 Ex
1372 497 1577 548 Clitorio
1619 501 1728 549 lacu
1769 502 1942 550 Italiae
1980 500 2066 564 qui

257 582 287 628 3
314 568 528 619 biberint
554 571 653 620 vini
680 573 899 623 taedium
926 576 1124 624 habent.
1201 579 1261 625 In
1289 579 1417 628 Chio
1443 581 1601 630 insula
1626 584 1815 632 fontem
1841 600 1947 632 esse
1964 600 2064 647 quo
2087 612 2108 651 5

312 653 519 702 hebetes
545 656 678 704 fiant.
755 659 815 704 In
854 657 1063 706 Boeotia
1099 660 1201 708 duo
1238 661 1400 709 fontes
1418 681 1431 723 3
1468 664 1588 712 alter
1613 664 1917 724 memoriam,
1944 667 2065 714 alter

253 751 285 799 4
314 735 618 785 oblivionem
634 739 805 787 adfert.
854 741 1019 801 Cyzici
1040 742 1150 789 fons
1170 758 1390 792 amorem
1411 747 1618 795 Veneris
1635 748 1776 795 tollit.
1828 746 2065 796 Boeotiae

307 817 441 866 lacus
475 817 658 868 furialis
685 830 771 880 est,
802 822 865 870 de
890 839 991 884 quo
1019 824 1102 885 qui
1130 822 1309 873 biberit
1334 828 1507 876 ardore
1533 827 1751 877 libidinis
1777 828 2063 878 exardescit.

308 901 368 947 In
395 901 681 965 Campania
708 913 821 951 sunt
846 921 1006 967 aquae
1040 922 1167 968 quae
1204 906 1506 957 sterilitatem
1543 909 1833 959 feminarum
1871 920 1919 960 et
1944 910 2065 960 viro-

314 1000 421 1031 rum
460 983 701 1033 insaniam
740 986 939 1036 abolere
976 987 1222 1036 dicuntur.
1297 992 1357 1038 In
1382 991 1678 1056 Aethiopiae
1714 994 1852 1042 fonte
1889 993 2063 1042 Rubro
2089 1017 2138 1046 10

256 1079 286 1127 5
316 1064 401 1128 qui
429 1065 610 1114 biberit
636 1068 964 1131 lymphaticus
992 1071 1061 1118 fit.
1130 1070 1314 1119 Leinus
1339 1074 1449 1122 fons
1470 1074 1713 1123 Arcadiae
1737 1075 1938 1124 abortus
1959 1074 2062 1123 fieri

311 1164 413 1196 non
439 1147 634 1211 patitur.
711 1151 772 1197 In
797 1150 961 1199 Sicilia
987 1153 1147 1201 fontes
1175 1163 1288 1201 sunt
1314 1155 1430 1214 duo,
1459 1171 1669 1218 quorum
1696 1173 1822 1205 unus
1849 1156 2061 1206 sterilem

311 1231 559 1291 fecundat,
589 1233 710 1279 alter
736 1233 1002 1281 fecundam
1028 1234 1241 1283 sterilem
1269 1236 1397 1285 facit.
1472 1240 1532 1285 In
1549 1238 1804 1287 Thessalia
1830 1241 1932 1288 duo
1949 1249 2063 1288 sunt

313 1311 549 1361 flumina:
587 1330 646 1361 ex
672 1331 773 1362 uno
801 1314 1028 1364 bibentes
1056 1334 1172 1366 oves
1209 1317 1369 1381 nigras
1402 1319 1517 1380 fieri,
1545 1337 1605 1370 ex
1635 1322 1789 1369 altero
1824 1322 1974 1382 albas,
2004 1339 2063 1370 ex

251 1397 285 1443 6
315 1403 524 1457 utroque
565 1396 733 1444 varias.
809 1398 1091 1448 Clitumnus
1126 1400 1260 1448 lacus
1299 1400 1348 1448 in
1393 1402 1597 1451 Vmbria
1633 1402 1872 1452 maximos
1909 1403 2061 1452 boves
2089 1423 2136 1464 15

310 1476 481 1540 gignit.
556 1478 782 1526 Reatinis
818 1479 1012 1543 paludis
1049 1481 1189 1544 aquis
1226 1482 1559 1533 iumentorum
1598 1488 1804 1549 ungulas
1831 1485 2059 1535 indurari.

312 1560 373 1606 In
400 1560 682 1622 Asphaltite
708 1562 817 1609 lacu
837 1563 1054 1611 Iudaeae
1071 1563 1192 1612 nihil
1210 1565 1360 1629 mergi
1380 1577 1556 1630 potest,
1580 1568 1826 1632 quidquid
1845 1570 2061 1617 animam

255 1651 282 1701 7
315 1640 480 1689 habet.
557 1644 617 1689 In
644 1643 786 1691 Indis
825 1643 976 1693 Siden
1002 1646 1165 1694 vocari
1203 1656 1445 1711 stagnum,
1475 1651 1524 1697 in
1562 1667 1662 1713 quo
1700 1650 1821 1698 nihil
1858 1652 2059 1708 innatat,

311 1724 400 1771 sed
425 1725 594 1772 onmia
621 1735 920 1788 merguntur.
994 1730 1060 1776 At
1086 1737 1257 1777 contra
1283 1729 1332 1777 in
1359 1731 1554 1780 Africae
1585 1734 1693 1781 lacu
1721 1732 2059 1796 Apuscidamo

312 1807 483 1853 omnia
510 1805 717 1865 fluitant,
748 1807 869 1855 nihil
896 1809 1140 1872 mergitur.
1218 1811 1466 1862 Marsidae
1500 1815 1609 1862 fons
1637 1813 1686 1861 in
1715 1816 1922 1878 Phrygia
1947 1832 2060 1863 saxa
2084 1839 2136 1867 20

312 1887 477 1951 egerit.
552 1891 614 1937 In
651 1889 840 1938 Achaia
874 1908 1003 1953 aqua
1039 1892 1237 1954 profluit
1274 1910 1300 1941 e
1338 1896 1464 1942 saxis
1501 1897 1617 1957 Styx
1645 1898 1902 1959 appellata,
1931 1913 2059 1960 quae

259 1979 289 2026 8
317 1971 430 2020 ilico
455 1981 624 2035 potata
650 1971 894 2021 interficit.
968 1975 1237 2022 Gelonium
1273 1985 1501 2039 stagnum
1538 1977 1732 2027 Siciliae
1757 1988 1881 2027 tetro
1907 1981 2060 2029 odore

313 2052 467 2116 abigit
484 2055 833 2116 proximantes.
874 2056 1007 2103 Fons
1028 2065 1102 2104 est
1122 2055 1172 2103 in
1191 2056 1358 2106 Africa
1377 2057 1505 2106 circa
1522 2061 1762 2123 templum
1780 2061 2057 2121 Ammonis,

312 2135 398 2197 qui
424 2135 645 2184 humoris
671 2136 879 2185 nexibus
906 2139 1114 2185 humum
1132 2139 1350 2202 stringit:
1384 2141 1570 2189 favillas
1588 2143 1735 2190 etiam
1755 2141 1805 2189 in
1821 2141 2057 2205 cespitem

312 2218 503 2266 solidat.
580 2219 714 2266 Fons
743 2219 837 2267 Iob
864 2218 914 2266 in
943 2221 1184 2268 Idumaea
1209 2230 1382 2284 quater
1406 2223 1456 2270 in
1480 2240 1613 2271 anno
1633 2225 1849 2272 colorem
1870 2234 2059 2272 mutare
2085 2253 2134 2293 25

314 2298 526 2347 dicitur:
564 2299 616 2348 id
653 2310 726 2348 est
763 2303 1174 2364 pulverulentum,
1208 2303 1548 2367 sanguineum,
1577 2305 1782 2355 viridem
1820 2315 1868 2355 et
1903 2305 2059 2369 limpi-

313 2381 467 2442 dum3
504 2381 653 2430 ternis
679 2383 934 2431 mensibus
972 2385 1023 2431 in
1059 2401 1191 2433 anno
1218 2395 1392 2435 tenens
1429 2404 1486 2435 ex
1523 2386 1598 2436 his
1634 2405 1788 2436 unum
1824 2389 2054 2437 colorem.

368 2524 386 2549 1
419 2518 632 2551 metentur
651 2511 697 2550 K
885 2526 911 2564 3
940 2514 1051 2553 olivo
1080 2515 1117 2554 T
1304 2528 1327 2565 5
1359 2515 1485 2568 Chio]
1511 2517 1598 2556 Cea
1616 2517 1729 2558 Plin.
1762 2517 1818 2557 N.
1835 2518 1894 2558 H.
1921 2530 1988 2567 31,
2009 2530 2055 2567 15

306 2569 332 2604 6
362 2567 469 2606 fiunt
491 2566 526 2605 C
633 2568 739 2606 duos
760 2567 806 2606 K
969 2583 991 2619 7
1024 2570 1188 2609 adferat
1206 2570 1269 2609 K:
1305 2572 1455 2611 afferet
1480 2572 1522 2610 U
1626 2573 1847 2612 humorem
1864 2572 1909 2612 K
2015 2579 2057 2611 et

307 2621 412 2661 Boe.
439 2621 475 2660 C
601 2635 627 2671 9
656 2623 884 2662 stelitatern
909 2623 947 2662 T
1050 2625 1242 2664 vivorum
1261 2625 1319 2664 Β1
1463 2640 1506 2665 11
1543 2627 1750 2666 Lethinus
1772 2628 1807 2666 C
1824 2642 1834 2666 t
1866 2627 2056 2667 Lethnus

306 2675 418 2715 BT:
450 2676 670 2715 Lethanus
691 2677 737 2715 K
903 2691 951 2728 13
981 2680 1209 2719 tessalonia
1230 2679 1277 2718 K
1435 2694 1481 2730 15
1512 2687 1690 2732 utraque
1714 2682 1749 2721 C
1914 2683 1964 2721 16
1993 2682 2055 2720 in-

307 2733 460 2771 durare
473 2730 561 2769 ΒΚ
675 2733 723 2770 18
751 2745 903 2771 vocare
917 2733 977 2771 B:
1007 2740 1182 2773 vocatur
1194 2734 1240 2773 K
1354 2747 1402 2785 19
1429 2735 1619 2788 Africae]
1634 2737 1725 2775 alce
1738 2735 1861 2775 BCK
1871 2736 1987 2776 Mon.
2004 2738 2060 2782 (et

305 2785 424 2837 Isid.)
449 2800 458 2824 ε
486 2786 609 2825 alche
633 2785 670 2824 T
771 2787 956 2838 Apusc.]
973 2801 1049 2838 per
1064 2790 1351 2839 porcidamum
1369 2790 1480 2830 codd.
1502 2793 1642 2841 (posc-
1657 2790 1796 2843 Mon.)
1914 2803 1967 2828 20
1995 2791 2056 2829 in-

310 2840 517 2891 mergitur
531 2841 578 2879 K
705 2853 753 2879 21
787 2849 905 2890 geret
933 2842 994 2882 T:
1022 2844 1133 2893 gerit
1153 2843 1275 2883 BCK
1394 2847 1514 2895 pross.
1539 2845 1688 2884 exaxis
1707 2845 1754 2883 K
1872 2845 1969 2894 quia
1987 2845 2029 2884 Β
2047 2860 2056 2884 :

309 2897 420 2946 quod
444 2894 522 2935 CT
679 2908 731 2934 22
761 2897 922 2936 siliciae
943 2896 981 2937 C
1097 2904 1171 2938 tet.
1196 2899 1347 2939 ordine
1367 2900 1510 2939 adficit
1532 2899 1582 2940 C1
1746 2913 1797 2948 24
1827 2900 1996 2938 nixibus
2016 2900 2058 2939 B

309 2951 506 3003 humum]
531 2951 676 2990 limum
693 2951 739 2988 K
847 2965 897 3001 25
927 2953 1072 2992 solitat
1087 2954 1133 2992 K
1240 2954 1409 3007 quater]
1426 2956 1495 3005 qui
1518 2960 1584 2993 ter
1599 2955 1640 2992 Β
1749 2957 1803 2993 26
1831 2955 2055 3004 pulberen-

310 3011 395 3044 tum
427 3005 464 3044 T
567 3006 707 3046 videm
728 3005 843 3056 limp.
866 3006 922 3045 El
1059 3021 1110 3058 27
1141 3021 1196 3047 ex
1217 3009 1282 3048 his
1303 3022 1375 3050 un.
1398 3010 1476 3050 col.
1498 3023 1582 3050 om.
1605 3008 1730 3048 KOP
