2176 3424
524 129 1154 177 ETYMOLOGIARVM
1197 129 1324 176 LIB.
1370 131 1457 177 IX.
1497 131 1526 178 ii

158 258 349 307 civitate
389 274 513 320 quae
555 267 756 306 vocatur
795 259 949 308 Sidon
986 259 1184 308 traxisse
1220 259 1516 310 vocabulum
1561 262 1894 324 perhibentur.

157 339 383 388 Saraceni
410 339 541 399 dicti,
566 342 641 389 vel
669 341 782 403 quia
809 359 865 390 ex
893 342 1031 390 Sarra
1056 342 1248 405 genitos
1275 359 1326 391 se
1349 343 1648 406 praedicent,
1677 347 1752 393 vel
1772 345 1896 395 sicut
1918 363 1980 412 57

154 421 359 490 gentiles
391 421 542 481 aiunt,
572 425 707 485 quod
742 440 799 471 ex
834 422 1020 486 origine
1050 425 1281 487 Syrorum
1319 424 1427 484 sint,
1457 425 1596 488 quasi
1629 427 1894 489 Syriginae.

157 503 228 551 Hi
254 506 554 566 peramplam
581 504 804 553 habitant
829 504 1159 555 solitudinem.
1237 506 1337 570 Ipsi
1370 516 1485 555 sunt
1517 517 1565 557 et
1600 509 1892 568 Ismaelitae,

107 608 129 647 5
155 595 208 633 ut
240 584 362 634 liber
391 586 645 635 Geneseos
678 589 838 648 docet,
866 589 1002 650 quod
1036 588 1131 636 sint
1165 605 1222 637 ex
1256 588 1479 638 Ismaele.
1554 590 1655 653 Ipsi
1683 592 1845 640 Cedar
1868 609 1897 640 a

156 666 255 714 filio
290 667 526 716 Ismaelis.
602 668 703 731 Ipsi
741 669 954 732 Agareni
992 669 1056 718 ab
1099 673 1260 733 Agar3
1297 669 1394 733 qui,
1437 680 1490 719 ut
1530 671 1754 731 diximus,
1794 689 1896 735 per-

155 764 294 796 verso
330 749 531 797 nomine
556 750 785 798 Saraceni
811 760 1063 811 vocantur,
1092 752 1207 814 quia
1239 769 1295 801 ex
1322 752 1461 800 Sarra
1492 769 1544 801 se
1576 753 1768 816 genitos
1798 756 1897 817 glo-

154 829 349 878 riantur.
423 830 674 879 Philistaei
709 831 800 894 ipsi
835 841 949 880 sunt
977 833 1255 893 Palaestini,
1285 833 1400 896 quia
1434 836 1472 881 Ρ
1498 834 1708 883 litteram
1735 853 1896 884 sermo
1921 838 1984 899 58

156 912 416 960 Hebraeus
457 929 559 960 non
598 914 761 973 habet,
804 916 890 962 sed
933 931 1021 977 pro
1064 932 1124 963 eo
1168 915 1257 963 Phi
1299 917 1491 964 Graeco
1534 916 1695 965 utitur.
1770 920 1896 966 Inde

83 1011 131 1039 10
155 992 403 1041 Philistaei
427 1010 515 1055 pro
543 995 830 1044 Palaestinis
856 995 1099 1055 dicuntur,
1126 1014 1155 1044 a
1181 996 1376 1046 civitate
1401 997 1572 1060 utique
1596 1015 1698 1047 sua.
1753 1001 1895 1048 Idem

154 1083 200 1122 et
237 1075 499 1137 Allophyli,
528 1075 578 1123 id
615 1085 687 1124 est
719 1076 1036 1140 alienigenae,
1071 1079 1136 1127 ob
1171 1080 1280 1138 hoc,
1318 1078 1433 1141 quia
1470 1096 1664 1143 semper
1701 1081 1895 1129 fuerunt

153 1155 334 1203 inimici
365 1158 528 1216 Israel,
557 1167 605 1205 et
631 1160 775 1221 longe
807 1159 871 1207 ab
899 1176 1067 1208 eorum
1105 1177 1284 1224 genere
1317 1178 1374 1209 ac
1401 1161 1635 1210 societate
1672 1163 1894 1226 separati.

154 1237 409 1286 Chananei
447 1239 676 1301 appellati
716 1242 778 1289 de
815 1240 1070 1290 Chanaam
1110 1242 1210 1289 filio
1255 1244 1428 1302 Cham‚
1471 1261 1680 1306 quorum
1721 1254 1894 1293 terram
1920 1259 1988 1308 59

156 1320 327 1368 Iudaei
343 1320 668 1382 possiderunt.
744 1325 818 1370 Ex
838 1324 975 1371 cuius
1002 1324 1188 1387 origine
1214 1325 1303 1373 fuit
1331 1328 1496 1385 Emor,
1520 1336 1656 1390 pater
1682 1327 1893 1387 Sichem‚

81 1416 127 1456 ¹5
151 1417 179 1448 a
206 1418 304 1463 quo
331 1403 619 1451 Amorrhaei
655 1412 768 1452 sunt
801 1405 1083 1468 nuncupati.
1158 1407 1384 1471 Aegyptii
1420 1409 1483 1456 ab
1518 1411 1745 1473 Aegypto
1779 1427 1897 1472 quo-
1922 1415 1995 1462 60

153 1484 266 1531 dam
306 1501 415 1546 rege
453 1485 609 1532 vocati
650 1495 775 1533 sunt.
851 1489 978 1534 Nam
1021 1497 1166 1536 antea
1201 1489 1330 1538 Aerii
1364 1489 1668 1539 dicebantur.
1745 1493 1887 1541 Inter-

154 1574 402 1626 pretantur
428 1576 594 1615 autem
620 1567 785 1630 lingua
811 1568 1061 1617 Hebraica
1087 1570 1313 1633 Aegyptii
1340 1571 1643 1634 adfligentes,
1674 1591 1733 1622 eo
1759 1577 1894 1637 quod

153 1647 425 1696 adflixerint
445 1649 537 1697 Dei
565 1652 817 1712 populum,
847 1651 1131 1714 priusquam
1160 1652 1328 1701 divino
1353 1654 1532 1702 auxilio
1560 1655 1893 1705 liberarentur.

155 1730 417 1778 Armenius
445 1748 500 1778 ex
527 1731 783 1779 Thessalia
808 1750 934 1781 unus
961 1735 1024 1782 de
1050 1751 1256 1783 numero
1282 1737 1466 1784 ducum
1495 1737 1698 1797 Iasonis,
1727 1739 1810 1801 qui
1831 1742 1894 1788 ad
1920 1739 1980 1786 61

83 1835 131 1862 20
154 1812 370 1860 Colchos
397 1813 601 1875 profecti
628 1823 753 1874 sunt,
781 1816 1041 1863 recollecta
1066 1816 1395 1876 multitudine,
1425 1835 1551 1881 quae
1576 1819 1758 1869 amisso
1784 1838 1895 1884 rege

155 1894 333 1942 Iasone
372 1894 551 1956 passim
595 1895 910 1957 vagabantur,
954 1898 1241 1946 Armeniam
1285 1900 1522 1959 condidit,
1565 1902 1798 1964 gentique
1838 1921 1896 1952 ex

153 1990 242 2021 suo
258 1975 500 2023 vocabulo
516 1992 701 2024 nomen
718 1977 868 2026 dedit.
942 1978 1107 2027 Limes
1133 1990 1206 2028 est
1233 1981 1468 2042 Persicus,
1499 1982 1582 2044 qui
1608 1984 1812 2046 Scythas
1832 1986 1895 2034 ab
1918 1990 1987 2037 62

154 2055 222 2103 eis
248 2056 436 2116 dividit,
459 2059 638 2120 Scytha
662 2059 1052 2121 cognominatus,
1070 2079 1099 2109 a
1124 2078 1224 2124 quo
1244 2062 1396 2110 limite
1423 2065 1632 2126 Scythae
1651 2082 1679 2113 a
1698 2066 1897 2128 quibus-

155 2135 266 2182 dam
295 2135 614 2198 perhibentur
638 2138 811 2196 vocati,
839 2155 958 2201 gens
983 2139 1324 2202 antiquissima
1350 2158 1544 2205 semper
1568 2144 1747 2193 habita.
1824 2147 1892 2193 Hi

79 2238 128 2279 25
155 2219 358 2266 Parthos
378 2218 762 2281 Bactrianosque
780 2238 792 2280 3
816 2221 1027 2270 feminae
1042 2232 1207 2271 autem
1226 2240 1394 2272 eorum
1417 2228 1726 2275 Amazonum
1748 2244 1897 2291 regna

209 2359 232 2382 2
263 2347 359 2384 dicti
381 2376 390 2385 .
416 2377 425 2386 .
449 2377 459 2386 .
482 2349 626 2396 praed.
652 2350 717 2387 vel
739 2363 820 2391 om.
846 2351 891 2388 K
907 2353 1011 2401 (non
1032 2354 1071 2390 A
1094 2353 1219 2394 Bern.
1241 2355 1359 2407 extr.)
1580 2356 1694 2409 quia]
1718 2359 1830 2407 quod
1851 2359 1892 2396 A

158 2401 258 2451 (non
278 2401 402 2441 Bern.
426 2402 547 2453 extr.)
751 2406 881 2453 geniti
905 2406 953 2445 C1
1151 2409 1278 2460 sicut]
1304 2415 1348 2447 ut
1370 2409 1416 2447 K
1434 2412 1536 2459 (non
1556 2411 1597 2448 A
1622 2412 1745 2452 Bern.
1768 2415 1890 2463 extr.)

127 2463 196 2502 “J
209 2457 323 2504 quod
358 2469 440 2495 om.
477 2456 642 2507 K(non
675 2458 715 2497 A
738 2459 861 2499 Bern.
896 2463 1015 2514 extr.)
1194 2470 1291 2502 sunt
1327 2464 1373 2502 K
1398 2463 1502 2514 (non
1531 2465 1572 2502 A
1610 2466 1734 2506 Bern.
1769 2471 1891 2519 extr.)

154 2522 179 2558 4
208 2510 249 2547 hi
271 2523 358 2559 per.
381 2511 455 2550 sol.
475 2511 569 2551 hab.
594 2512 639 2548 K
656 2515 757 2562 (non
778 2514 866 2566 A):
899 2517 957 2554 hii
980 2517 1270 2566 perambulant
1290 2519 1367 2559 sol.
1392 2519 1515 2559 Bern.
1541 2525 1638 2560 extr.
1809 2523 1891 2572 Ipsi

154 2570 251 2602 sunt
272 2595 280 2603 .
307 2594 316 2603 .
338 2596 346 2604 .
367 2566 599 2615 gloriantur
618 2581 701 2607 om.
726 2568 771 2606 K
788 2571 888 2618 (non
908 2570 949 2607 A
974 2571 1099 2611 Bern.
1121 2575 1241 2623 extr.)
1416 2575 1441 2611 8
1471 2575 1550 2625 ipsi
1573 2576 1689 2628 sunt]
1712 2578 1829 2625 quasi
1852 2577 1898 2614 K

159 2622 259 2666 (non
280 2620 341 2671 A)
453 2633 479 2669 9
500 2626 543 2658 ut
565 2622 695 2660 utitur
715 2629 759 2662 ut
780 2624 832 2662 de
855 2625 962 2665 Phil.
988 2625 1029 2662 B
1143 2639 1191 2666 10
1211 2628 1309 2666 item
1330 2628 1371 2666 Β
1467 2642 1511 2666 ΙΙ
1535 2631 1588 2668 ad
1610 2631 1689 2669 hoc
1710 2631 1763 2668 Β1
1781 2646 1789 2670 :
1810 2645 1889 2670 om.

158 2672 203 2709 K
310 2687 357 2711 12
379 2687 402 2711 a
423 2687 510 2714 soe.
533 2675 581 2713 C1
604 2689 613 2714 t
633 2681 676 2714 et
697 2690 782 2716 soc.
808 2678 853 2716 K
964 2693 1012 2728 13
1034 2681 1185 2720 horum
1208 2682 1253 2719 K
1362 2695 1408 2732 14
1430 2683 1569 2736 pater]
1595 2685 1705 2723 filius
1727 2684 1773 2722 K
1789 2686 1890 2735 (non

155 2729 217 2779 A)
352 2740 400 2777 15
430 2731 610 2778 quadam
632 2730 696 2769 B:
725 2735 937 2781 quondam
960 2735 1005 2771 K
1021 2736 1124 2788 (non
1144 2736 1205 2786 A)
1341 2740 1389 2775 16
1417 2751 1542 2788 reges
1563 2752 1654 2778 voc.
1682 2739 1730 2778 C¹
1749 2754 1757 2778 :
1790 2753 1891 2789 rege

155 2795 230 2821 suo
252 2796 340 2822 voc.
365 2783 406 2820 A
693 2793 792 2825 sunt
812 2802 892 2828 om.
916 2788 961 2825 K
980 2792 1081 2841 (non
1102 2790 1166 2839 A)
1444 2793 1832 2843 interpretabantur
1860 2794 1897 2832 T

160 2849 205 2886 17
237 2842 375 2876 autem
406 2851 490 2878 om.
521 2838 567 2876 K
584 2839 684 2890 (non
714 2842 776 2893 A)
921 2845 1076 2883 hebrea
1107 2844 1153 2882 K
1271 2845 1380 2896 Aeg.
1411 2851 1506 2886 aute
1532 2849 1683 2898 interp.
1716 2847 1762 2884 K
1789 2850 1889 2900 (nou

156 2891 218 2941 A)
359 2905 409 2931 eo
429 2894 561 2944 quod]
584 2893 678 2943 quia
699 2894 745 2932 K
762 2897 859 2948 (non
879 2898 942 2949 A)
1114 2902 1162 2938 18
1195 2901 1453 2940 adflixerunt
1472 2902 1512 2940 Β
1531 2917 1540 2941 :
1570 2903 1827 2952 adfligebant
1850 2902 1895 2941 K

158 2957 254 2994 pop.
283 2946 360 2984 Dei
383 2946 427 2984 K
533 2947 784 2988 liberaretur
802 2951 892 2992 dett.
1029 2966 1080 2992 20
1109 2955 1207 3004 quia
1228 2968 1305 2995 am.
1329 2956 1370 2994 B
1495 2969 1540 2994 21
1577 2956 1807 3006 vagabatur
1829 2957 1864 2996 C
1878 2973 1887 2999 ε

157 3011 261 3047 vaga
281 3001 370 3051 (sic)
402 3001 439 3040 T
614 3005 840 3055 gentisque
867 3007 904 3045 T
1055 3022 1109 3046 ex
1130 3022 1211 3048 om.
1237 3009 1282 3047 K
1454 3023 1504 3059 23
1537 3011 1889 3060 cognominantur

160 3053 209 3091 Cl
369 3067 420 3104 25
450 3062 588 3096 autem
611 3071 692 3098 om.
715 3059 755 3097 Β
