2176 3424
1051 123 1323 171 ISIDORI

319 255 523 301 Mauros
550 254 699 301 habet
725 262 847 301 tetra
881 270 979 300 nox
1015 269 1292 315 corporum,
1322 254 1492 301 Gallos
1527 253 1739 301 candida
1764 252 1889 301 cutis
1912 271 1924 312 3
1959 252 2064 300 sine

316 336 455 399 equis
481 335 661 384 inertes
687 345 853 384 extant
881 335 1054 385 Alani:
1093 352 1185 384 nec
1219 335 1359 384 abest
1388 352 1507 398 gens
1536 334 1800 394 Pictorum,
1827 352 2011 383 nomen
2037 352 2065 383 a

316 435 533 481 corpore,
563 418 700 480 quod
727 417 928 465 minutis
963 417 1127 480 opifex
1163 434 1280 465 acus
1315 416 1509 480 punctis
1547 426 1594 466 et
1629 433 1884 480 expressus
1913 417 2064 465 nativi

314 499 546 564 graminis
573 516 720 548 sucus
746 498 938 559 inludit,
968 509 1022 547 ut
1047 501 1134 547 has
1168 501 1231 548 ad
1262 499 1337 548 sui
1370 498 1620 562 specimen
1651 498 1902 548 cicatrices
1928 500 2062 559 ferat,

261 585 290 630 8
315 581 457 646 pictis
493 581 696 630 artubus
735 583 988 630 maculosa
1026 580 1272 630 nobilitas.
1348 581 1519 629 Habet
1550 590 1597 629 et
1623 598 1764 629 sexus
1789 579 2062 629 institutam
2092 598 2112 638 5

315 664 531 728 speciem
557 663 787 724 habitus3
824 673 877 712 ut
903 666 953 711 in
978 663 1090 712 viris
1125 665 1254 712 tonsi
1285 662 1461 726 capilli,
1490 661 1540 710 in
1576 661 1860 711 mulieribus
1890 663 2064 711 redun-

315 746 483 796 dantia
519 745 742 805 crinium,
772 747 909 809 quod
943 745 1156 794 maxime
1190 744 1456 808 virginibus
1490 743 1680 807 insigne
1718 753 1791 792 est
1810 762 1821 804 3
1857 761 2061 807 quarum

315 839 362 878 et
406 838 606 877 ornatus
648 829 754 891 ipse
792 829 986 891 proprie
1025 827 1093 876 sic
1131 835 1218 886 est,
1251 835 1304 874 ut
1334 827 1711 874 concumulatus
1748 825 1799 873 in
1831 825 2060 874 verticem

316 912 473 974 ipsam
499 909 670 974 capitis
697 910 771 958 sui
796 927 958 958 arcem
986 908 1174 958 ambitu
1201 907 1408 956 crinium
1437 917 1678 971 contegat.

143 1011 291 1050 XXIV
452 994 534 1040 DE
583 1006 783 1039 PALLns
832 1006 1087 1039 VIRORVM.
1164 989 1370 1037 Pallium
1417 999 1489 1038 est
1537 1006 1636 1052 quo
1685 988 2063 1037 ministrantium
2091 1006 2139 1033 10

314 1075 543 1138 scapulae
574 1082 905 1136 conteguntur
938 1082 1004 1132 ut,
1039 1074 1158 1120 dum
1195 1071 1485 1130 ministrant,
1523 1070 1737 1134 expediti
1775 1070 2061 1120 discurrant.

313 1155 678 1221 Plautus-(frag.
707 1156 822 1219 177)
849 1175 856 1203 :

444 1238 493 1287 Si
531 1237 652 1301 quid
689 1239 903 1285 facturus
941 1251 1007 1295 es,
1046 1236 1276 1298 adpende
1313 1234 1363 1282 in
1400 1235 1615 1282 humeris
1652 1233 1869 1297 pallium,

443 1330 490 1370 et
529 1329 695 1383 pergat
733 1327 974 1382 quantum
1012 1320 1140 1366 valet
1176 1326 1372 1365 tuorum
1411 1318 1597 1380 pedum
1633 1315 1910 1379 pernicitas.

312 1402 516 1451 Dictum
550 1412 716 1451 autem
752 1402 954 1465 pallium
982 1417 1011 1448 a
1035 1398 1261 1463 pellibus,
1291 1397 1406 1461 quia
1439 1397 1572 1462 prius
1603 1414 1748 1460 super
1773 1397 2065 1448 indumenta
2091 1411 2137 1450 15

312 1484 505 1548 pellicia
530 1494 717 1532 veteres
737 1482 1016 1542 utebantur,
1048 1480 1186 1544 quasi
1213 1480 1373 1544 pellea
1391 1498 1404 1540 3
1439 1481 1539 1528 sive
1564 1496 1593 1527 a
1618 1480 1746 1542 palla
1771 1496 1856 1542 per
1881 1480 2064 1530 deriva-

258 1579 286 1612 2
310 1566 511 1615 tionem.
588 1567 822 1628 Chlamys
860 1573 932 1613 est
970 1563 1053 1627 qui
1084 1580 1142 1612 ex
1180 1580 1277 1611 una
1311 1571 1447 1626 parte
1483 1561 1715 1620 induitur,
1751 1576 1914 1624 neque
1950 1577 2064 1609 con-

310 1649 478 1707 suitur,
508 1649 595 1697 sed
627 1648 778 1695 fibula
810 1646 1091 1694 infrenatur.
1167 1644 1303 1693 Hinc
1338 1654 1386 1693 et
1418 1646 1606 1693 Graece
1635 1660 1821 1692 nomen
1856 1642 2060 1705 accepit.

257 1750 286 1796 3
309 1734 450 1794 Toga
476 1729 610 1779 dicta
630 1731 766 1793 quod
793 1731 1073 1777 velamento
1094 1727 1167 1775 sui
1189 1743 1366 1790 corpus
1383 1735 1513 1789 tegat
1529 1736 1677 1788 atque
1698 1724 1898 1788 operiat.
1974 1726 2061 1772 Est

308 1823 474 1862 autem
509 1813 710 1876 pallium
745 1827 920 1874 purum
947 1812 1103 1858 forma
1139 1810 1351 1857 rotunda
1377 1817 1425 1857 et
1451 1807 1646 1866 fusiore,
1673 1816 1720 1856 et
1750 1805 1889 1869 quasi
1923 1805 2062 1855 inun-
2089 1828 2138 1857 20

308 1897 458 1944 dante
498 1896 621 1954 sinu,
661 1902 709 1942 et
748 1893 841 1941 sub
883 1894 1055 1941 dextro
1092 1890 1294 1940 veniens
1332 1906 1478 1952 supra
1514 1891 1774 1937 humerum
1812 1887 2060 1936 sinistrum

309 1976 522 2041 ponitur,
559 1975 698 2024 cuius
733 1973 1106 2023 similitudinem
1138 1971 1189 2020 in
1226 1970 1544 2034 operimentis
1579 1969 1951 2018 simulacrorum
1985 1971 2062 2018 vel

256 2083 288 2129 4
310 2062 608 2123 picturarum
635 2056 900 2121 aspicimus
924 2074 936 2116 3
972 2071 1154 2118 easque
1180 2063 1363 2102 statuas
1389 2062 1576 2116 togatas
1603 2068 1850 2100 vocamus.
1924 2054 2062 2114 Toga

312 2151 478 2191 autem
506 2139 724 2189 Romani
751 2141 799 2187 in
826 2155 948 2202 pace
975 2138 1254 2195 utebantur,
1284 2134 1399 2184 belli
1425 2143 1589 2182 autem
1617 2142 1838 2196 tempore
1863 2134 2062 2195 paluda-

262 2247 291 2295 5
314 2225 508 2273 mentis.
582 2225 818 2271 Mensura
848 2229 991 2283 togae
1024 2219 1151 2267 iusta
1181 2217 1219 2266 si
1251 2233 1334 2266 sex
1364 2218 1503 2264 ulnas
1535 2215 1728 2263 habeat.
1801 2217 1938 2278 Toga
1966 2217 2061 2278 pal·
2088 2236 2134 2276 25

312 2316 443 2356 mata
464 2305 720 2354 dicebatur
741 2320 889 2366 quam
912 2301 1227 2351 merebantur
1244 2301 1291 2347 hi
1319 2300 1402 2362 qui
1420 2297 1736 2362 reportabant
1755 2299 1818 2346 de
1835 2297 2059 2345 hostibus

311 2392 531 2453 palmas:
584 2387 689 2451 ipsa
719 2385 988 2435 vocabatur
1025 2393 1072 2433 et
1107 2393 1218 2445 toga
1252 2381 1394 2445 picta,
1429 2397 1489 2429 eo
1520 2380 1655 2442 quod
1690 2378 1914 2427 victorias
1945 2396 2057 2427 curn

370 2534 386 2559 1
423 2520 594 2559 Maurus
626 2519 691 2557 ha.
725 2522 779 2556 te.
807 2522 851 2554 ut
882 2529 969 2554 nox
999 2527 1181 2564 corpora
1211 2513 1346 2562 gallus
1375 2510 1421 2548 K
1450 2513 1549 2559 (non
1578 2509 1634 2561 U)
1858 2522 1882 2547 2
1911 2515 2059 2558 gentes

320 2576 356 2614 T
543 2587 568 2623 3
601 2571 895 2611 minutissimis
925 2570 971 2607 K
1000 2571 1111 2620 (teste
1139 2567 1317 2615 Klez'nio)
1351 2566 1452 2617 (non
1481 2565 1542 2614 N>
1698 2564 1784 2603 acis
1814 2577 1863 2602 ex
1889 2576 1988 2602 aeos
2017 2563 2063 2600 K

313 2630 468 2670 nativis
489 2628 535 2666 K
717 2641 741 2676 4
772 2624 949 2664 includit
968 2624 1047 2662 BC
1213 2623 1266 2661 ad
1287 2621 1352 2660 sui
1373 2634 1456 2661 om.
1484 2618 1534 2658 C¹
1723 2630 1748 2668 5
1777 2619 1936 2657 artibus
1954 2617 2062 2654 B¹K

311 2687 336 2722 6
365 2685 498 2723 virum
519 2683 559 2722 Β
771 2682 796 2718 8
826 2680 984 2719 ornatis
1003 2679 1058 2717 Β1
1244 2676 1479 2715 cumulatus
1501 2674 1535 2712 C
1724 2673 1884 2712 vertice
1905 2673 1994 2722 ipsa
2016 2672 2062 2710 K

309 2754 335 2789 9
363 2746 494 2778 artem
525 2737 561 2776 T
666 2740 896 2784 contegant
923 2734 959 2772 T
1068 2746 1116 2771 10
1148 2731 1301 2770 Pallius
1321 2729 1402 2769 FK
1514 2742 1558 2767 11
1591 2728 1763 2778 scapula
1783 2726 1824 2764 Β
1919 2739 1966 2775 13
1996 2727 2057 2765 sic

309 2795 408 2843 quid
429 2793 470 2831 Β
581 2791 737 2830 umeris
765 2790 802 2828 T
937 2802 984 2837 14
1014 2800 1168 2838 pergas
1192 2786 1227 2824 C
1333 2785 1449 2823 vales
1471 2784 1505 2823 C
1640 2794 1687 2832 15
1718 2781 1832 2833 quia]
1854 2781 1963 2830 quod
1983 2780 2063 2819 BC

315 2851 363 2887 16
392 2862 461 2899 qu.
485 2847 621 2898 pallea
649 2845 706 2884 T:
736 2858 802 2894 qu.
826 2844 951 2895 pallia
972 2843 1012 2881 Β
1124 2842 1212 2880 sive
1232 2854 1256 2878 a
1276 2840 1386 2891 palla
1407 2853 1489 2879 om.
1519 2839 1556 2877 T
1692 2849 1737 2886 17
1769 2836 1926 2874 Clamis
1942 2835 2055 2876 codd.

311 2917 392 2953 que
433 2903 478 2941 K
518 2902 559 2953 (i.
577 2915 605 2940 e.
648 2901 775 2950 quae)
907 2903 1140 2937 consuetur
1179 2896 1242 2935 B:
1291 2900 1497 2934 consutur
1534 2892 1580 2930 K
1772 2892 1821 2929 18
1851 2903 1977 2939 greco
2016 2889 2058 2926 Β

310 2971 362 2996 20
393 2963 471 2997 rot.
495 2963 538 2995 et
559 2955 725 2994 fusione
747 2954 819 2992 31:
850 2959 926 2991 rot.
950 2952 1148 2991 effusiore
1167 2950 1202 2990 C
1221 2952 1319 3003 (non
1346 2950 1402 3000 U)
1501 2961 1548 2986 21
1583 2951 1725 2986 textro
1745 2945 1794 2984 Cl
1868 2956 1920 2994 25
1949 2944 2058 2983 iusta

308 3013 415 3050 BT:
446 3013 583 3051 iustae
606 3009 684 3050 CK
790 3010 842 3046 26
871 3021 951 3056 qua
973 3007 1017 3044 K
