<?xml version="1.0" encoding="UTF-8"?>
<!DOCTYPE html PUBLIC "-//W3C//DTD XHTML 1.0 Transitional//EN"
    "http://www.w3.org/TR/xhtml1/DTD/xhtml1-transitional.dtd">
<html xmlns="http://www.w3.org/1999/xhtml" xml:lang="en" lang="en">
 <head>
  <title>
</title>
<meta http-equiv="Content-Type" content="text/html;charset=utf-8" />
  <meta name='ocr-system' content='tesseract 3.04.00' />
  <meta name='ocr-capabilities' content='ocr_page ocr_carea ocr_par ocr_line ocrx_word'/>
</head>
<body>
  <div class='ocr_page' id='page_1' title='image "./isidori01isiduoft/isidori01isiduoft_0637.png"; bbox 0 0 2176 3424; ppageno 0'>
   <div class='ocr_carea' id='block_1_1' title="bbox 426 136 1570 185">
    <p class='ocr_par' dir='ltr' id='par_1_1' title="bbox 426 136 1570 185">
     <span class='ocr_line' id='line_1_1' title="bbox 426 136 1570 185; baseline -0.002 0"><span class='ocrx_word' id='word_1_1' title='bbox 426 137 1055 185; x_wconf 89' lang='lat' dir='ltr'><strong>ETYMOLOGIARVM</strong></span> <span class='ocrx_word' id='word_1_2' title='bbox 1093 138 1222 184; x_wconf 91' lang='lat' dir='ltr'><strong>LIB.</strong></span> <span class='ocrx_word' id='word_1_3' title='bbox 1263 139 1401 185; x_wconf 89' lang='lat' dir='ltr'><strong>XVI.</strong></span> <span class='ocrx_word' id='word_1_4' title='bbox 1442 136 1570 184; x_wconf 89' lang='lat' dir='ltr'>x-xii</span> 
     </span>
    </p>
   </div>
   <div class='ocr_carea' id='block_1_2' title="bbox 35 265 1959 2131">
    <p class='ocr_par' dir='ltr' id='par_1_2' title="bbox 41 265 1913 1473">
     <span class='ocr_line' id='line_1_2' title="bbox 119 265 1913 330; baseline -0.001 -16"><span class='ocrx_word' id='word_1_5' title='bbox 119 275 433 329; x_wconf 88' lang='lat' dir='ltr'>tempestates</span> <span class='ocrx_word' id='word_1_6' title='bbox 458 275 696 327; x_wconf 89' lang='lat' dir='ltr'>avertunt,</span> <span class='ocrx_word' id='word_1_7' title='bbox 719 265 921 314; x_wconf 91' lang='lat' dir='ltr'>flumina</span> <span class='ocrx_word' id='word_1_8' title='bbox 940 265 1132 315; x_wconf 91' lang='lat' dir='ltr'>sistunt.</span> <span class='ocrx_word' id='word_1_9' title='bbox 1188 269 1434 330; x_wconf 90' lang='lat' dir='ltr'>Apsyctos</span> <span class='ocrx_word' id='word_1_10' title='bbox 1453 268 1590 330; x_wconf 89' lang='lat' dir='ltr'>nigra</span> <span class='ocrx_word' id='word_1_11' title='bbox 1609 275 1656 315; x_wconf 91' lang='lat' dir='ltr'>et</span> <span class='ocrx_word' id='word_1_12' title='bbox 1676 268 1860 330; x_wconf 88' lang='lat' dir='ltr'>ponde·</span> <span class='ocrx_word' id='word_1_13' title='bbox 1882 279 1913 312; x_wconf 90' lang='lat'>2</span> 
     </span>
     <span class='ocr_line' id='line_1_3' title="bbox 116 347 1856 412; baseline 0.001 -18"><span class='ocrx_word' id='word_1_14' title='bbox 116 364 238 406; x_wconf 90' lang='lat' dir='ltr'>rosa,</span> <span class='ocrx_word' id='word_1_15' title='bbox 267 347 498 396; x_wconf 89' lang='lat' dir='ltr'>distincta</span> <span class='ocrx_word' id='word_1_16' title='bbox 522 347 659 396; x_wconf 92' lang='lat' dir='ltr'>venis</span> <span class='ocrx_word' id='word_1_17' title='bbox 684 348 988 397; x_wconf 89' lang='lat' dir='ltr'>rubentibus.</span> <span class='ocrx_word' id='word_1_18' title='bbox 1054 351 1196 397; x_wconf 86' lang='lat' dir='ltr'>Haec</span> <span class='ocrx_word' id='word_1_19' title='bbox 1222 350 1518 398; x_wconf 82' lang='lat' dir='ltr'>excalefacta</span> <span class='ocrx_word' id='word_1_20' title='bbox 1542 347 1642 412; x_wconf 86' lang='lat' dir='ltr'>igni</span> <span class='ocrx_word' id='word_1_21' title='bbox 1668 357 1856 411; x_wconf 82' lang='lat' dir='ltr'><strong>septem</strong></span> 
     </span>
     <span class='ocr_line' id='line_1_4' title="bbox 114 428 1912 493; baseline 0.001 -17"><span class='ocrx_word' id='word_1_22' title='bbox 114 428 291 478; x_wconf 89' lang='lat' dir='ltr'>diebus</span> <span class='ocrx_word' id='word_1_23' title='bbox 327 431 539 479; x_wconf 90' lang='lat' dir='ltr'>calorem</span> <span class='ocrx_word' id='word_1_24' title='bbox 582 438 730 478; x_wconf 87' lang='lat' dir='ltr'>tenet.</span> <span class='ocrx_word' id='word_1_25' title='bbox 803 428 1081 492; x_wconf 90' lang='lat' dir='ltr'>Aegyptilla</span> <span class='ocrx_word' id='word_1_26' title='bbox 1123 429 1258 493; x_wconf 87' lang='lat' dir='ltr'>nigra</span> <span class='ocrx_word' id='word_1_27' title='bbox 1297 438 1369 478; x_wconf 92' lang='lat' dir='ltr'>est</span> <span class='ocrx_word' id='word_1_28' title='bbox 1411 429 1588 489; x_wconf 87' lang='lat' dir='ltr'>radice,</span> <span class='ocrx_word' id='word_1_29' title='bbox 1635 431 1858 479; x_wconf 87' lang='lat' dir='ltr'>caerulea</span> <span class='ocrx_word' id='word_1_30' title='bbox 1881 443 1912 490; x_wconf 88' lang='lat'>3</span> 
     </span>
     <span class='ocr_line' id='line_1_5' title="bbox 114 509 1911 580; baseline 0.001 -22"><span class='ocrx_word' id='word_1_31' title='bbox 114 510 250 571; x_wconf 88' lang='lat' dir='ltr'>facie,</span> <span class='ocrx_word' id='word_1_32' title='bbox 283 513 612 574; x_wconf 88' lang='lat' dir='ltr'>ex·Aegypto‚</span> <span class='ocrx_word' id='word_1_33' title='bbox 646 509 731 560; x_wconf 92' lang='lat' dir='ltr'>ubi</span> <span class='ocrx_word' id='word_1_34' title='bbox 766 510 1025 571; x_wconf 90' lang='lat' dir='ltr'>invenitur,</span> <span class='ocrx_word' id='word_1_35' title='bbox 1060 520 1248 560; x_wconf 89' lang='lat' dir='ltr'>vocata.</span> <span class='ocrx_word' id='word_1_36' title='bbox 1338 511 1510 560; x_wconf 89' lang='lat' dir='ltr'>Media</span> <span class='ocrx_word' id='word_1_37' title='bbox 1541 510 1677 575; x_wconf 90' lang='lat' dir='ltr'>nigra</span> <span class='ocrx_word' id='word_1_38' title='bbox 1713 520 1800 571; x_wconf 89' lang='lat' dir='ltr'>est,</span> <span class='ocrx_word' id='word_1_39' title='bbox 1827 528 1857 560; x_wconf 93' lang='lat' dir='ltr'>a</span> <span class='ocrx_word' id='word_1_40' title='bbox 1878 531 1911 580; x_wconf 88' lang='lat'>4</span> 
     </span>
     <span class='ocr_line' id='line_1_6' title="bbox 65 592 1856 654; baseline 0.001 -14"><span class='ocrx_word' id='word_1_41' title='bbox 65 609 88 650; x_wconf 90' lang='lat'>5</span> <span class='ocrx_word' id='word_1_42' title='bbox 115 592 286 642; x_wconf 90' lang='lat' dir='ltr'>Media</span> <span class='ocrx_word' id='word_1_43' title='bbox 333 592 414 641; x_wconf 92' lang='lat' dir='ltr'>illa</span> <span class='ocrx_word' id='word_1_44' title='bbox 464 592 688 641; x_wconf 89' lang='lat' dir='ltr'>fabulosa</span> <span class='ocrx_word' id='word_1_45' title='bbox 736 592 946 641; x_wconf 90' lang='lat' dir='ltr'>inventa.</span> <span class='ocrx_word' id='word_1_46' title='bbox 1039 593 1211 642; x_wconf 87' lang='lat' dir='ltr'>Habet</span> <span class='ocrx_word' id='word_1_47' title='bbox 1258 609 1407 642; x_wconf 90' lang='lat' dir='ltr'>venas</span> <span class='ocrx_word' id='word_1_48' title='bbox 1462 593 1591 642; x_wconf 89' lang='lat' dir='ltr'>aerei</span> <span class='ocrx_word' id='word_1_49' title='bbox 1647 595 1823 642; x_wconf 90' lang='lat' dir='ltr'>coloris</span> <span class='ocrx_word' id='word_1_50' title='bbox 1842 612 1856 654; x_wconf 81' lang='lat'><em>3</em></span> 
     </span>
     <span class='ocr_line' id='line_1_7' title="bbox 113 673 1909 743; baseline 0.001 -21"><span class='ocrx_word' id='word_1_51' title='bbox 113 675 344 723; x_wconf 90' lang='lat' dir='ltr'>sudorem</span> <span class='ocrx_word' id='word_1_52' title='bbox 370 673 531 724; x_wconf 86' lang='lat' dir='ltr'>reddit</span> <span class='ocrx_word' id='word_1_53' title='bbox 556 673 698 734; x_wconf 91' lang='lat' dir='ltr'>croci,</span> <span class='ocrx_word' id='word_1_54' title='bbox 721 690 946 737; x_wconf 90' lang='lat' dir='ltr'>saporem</span> <span class='ocrx_word' id='word_1_55' title='bbox 972 673 1087 723; x_wconf 89' lang='lat' dir='ltr'>vini.</span> <span class='ocrx_word' id='word_1_56' title='bbox 1160 676 1436 724; x_wconf 90' lang='lat' dir='ltr'>Veientana</span> <span class='ocrx_word' id='word_1_57' title='bbox 1462 675 1636 724; x_wconf 91' lang='lat' dir='ltr'>Italica</span> <span class='ocrx_word' id='word_1_58' title='bbox 1658 692 1854 739; x_wconf 91' lang='lat' dir='ltr'>gemma</span> <span class='ocrx_word' id='word_1_59' title='bbox 1877 693 1909 743; x_wconf 88' lang='lat'>5</span> 
     </span>
     <span class='ocr_line' id='line_1_8' title="bbox 110 755 1850 819; baseline 0.001 -15"><span class='ocrx_word' id='word_1_60' title='bbox 110 766 200 815; x_wconf 89' lang='lat' dir='ltr'>est,</span> <span class='ocrx_word' id='word_1_61' title='bbox 250 755 367 804; x_wconf 92' lang='lat' dir='ltr'>Veis</span> <span class='ocrx_word' id='word_1_62' title='bbox 422 765 623 819; x_wconf 88' lang='lat' dir='ltr'>reperta,</span> <span class='ocrx_word' id='word_1_63' title='bbox 674 757 810 819; x_wconf 89' lang='lat' dir='ltr'>nigra</span> <span class='ocrx_word' id='word_1_64' title='bbox 865 755 999 816; x_wconf 88' lang='lat' dir='ltr'>facie,</span> <span class='ocrx_word' id='word_1_65' title='bbox 1050 756 1173 806; x_wconf 92' lang='lat' dir='ltr'>albis</span> <span class='ocrx_word' id='word_1_66' title='bbox 1225 756 1651 806; x_wconf 86' lang='lat' dir='ltr'>intermicantibus</span> <span class='ocrx_word' id='word_1_67' title='bbox 1707 757 1850 806; x_wconf 89' lang='lat' dir='ltr'>notis.</span> 
     </span>
     <span class='ocr_line' id='line_1_9' title="bbox 114 836 1913 901; baseline 0.002 -16"><span class='ocrx_word' id='word_1_68' title='bbox 114 836 338 900; x_wconf 87' lang='lat' dir='ltr'>Bariptos</span> <span class='ocrx_word' id='word_1_69' title='bbox 369 837 504 900; x_wconf 89' lang='lat' dir='ltr'>nigra</span> <span class='ocrx_word' id='word_1_70' title='bbox 537 847 609 886; x_wconf 93' lang='lat' dir='ltr'>est</span> <span class='ocrx_word' id='word_1_71' title='bbox 643 854 755 885; x_wconf 90' lang='lat' dir='ltr'>cum</span> <span class='ocrx_word' id='word_1_72' title='bbox 792 837 1071 901; x_wconf 87' lang='lat' dir='ltr'>sanguineis</span> <span class='ocrx_word' id='word_1_73' title='bbox 1102 848 1150 887; x_wconf 91' lang='lat' dir='ltr'>et</span> <span class='ocrx_word' id='word_1_74' title='bbox 1184 839 1308 887; x_wconf 91' lang='lat' dir='ltr'>albis</span> <span class='ocrx_word' id='word_1_75' title='bbox 1334 838 1477 887; x_wconf 88' lang='lat' dir='ltr'>notis.</span> <span class='ocrx_word' id='word_1_76' title='bbox 1553 841 1853 889; x_wconf 90' lang='lat' dir='ltr'>Mesomelas</span> <span class='ocrx_word' id='word_1_77' title='bbox 1877 849 1913 895; x_wconf 85' lang='lat'><strong>6</strong></span> 
     </span>
     <span class='ocr_line' id='line_1_10' title="bbox 114 918 1854 983; baseline 0.002 -17"><span class='ocrx_word' id='word_1_78' title='bbox 114 919 248 982; x_wconf 89' lang='lat' dir='ltr'>nigra</span> <span class='ocrx_word' id='word_1_79' title='bbox 283 936 408 968; x_wconf 91' lang='lat' dir='ltr'>vena</span> <span class='ocrx_word' id='word_1_80' title='bbox 449 918 722 982; x_wconf 86' lang='lat' dir='ltr'>quemlibet</span> <span class='ocrx_word' id='word_1_81' title='bbox 758 921 975 968; x_wconf 91' lang='lat' dir='ltr'>colorem</span> <span class='ocrx_word' id='word_1_82' title='bbox 1013 930 1210 969; x_wconf 89' lang='lat' dir='ltr'>secante</span> <span class='ocrx_word' id='word_1_83' title='bbox 1248 937 1333 983; x_wconf 91' lang='lat' dir='ltr'>per</span> <span class='ocrx_word' id='word_1_84' title='bbox 1369 921 1572 970; x_wconf 89' lang='lat' dir='ltr'>medias.</span> <span class='ocrx_word' id='word_1_85' title='bbox 1647 923 1854 970; x_wconf 88' lang='lat' dir='ltr'>Veneris</span> 
     </span>
     <span class='ocr_line' id='line_1_11' title="bbox 41 1000 1850 1066; baseline 0.002 -19"><span class='ocrx_word' id='word_1_86' title='bbox 41 1018 92 1047; x_wconf 93' lang='lat'>10</span> <span class='ocrx_word' id='word_1_87' title='bbox 114 1000 271 1049; x_wconf 92' lang='lat' dir='ltr'>crines</span> <span class='ocrx_word' id='word_1_88' title='bbox 312 1000 557 1064; x_wconf 86' lang='lat' dir='ltr'>nigerrimi</span> <span class='ocrx_word' id='word_1_89' title='bbox 599 1000 782 1059; x_wconf 89' lang='lat' dir='ltr'>nitoris,</span> <span class='ocrx_word' id='word_1_90' title='bbox 824 1001 1084 1051; x_wconf 89' lang='lat' dir='ltr'>continens</span> <span class='ocrx_word' id='word_1_91' title='bbox 1121 1002 1172 1050; x_wconf 92' lang='lat' dir='ltr'>in</span> <span class='ocrx_word' id='word_1_92' title='bbox 1211 1018 1263 1051; x_wconf 92' lang='lat' dir='ltr'>se</span> <span class='ocrx_word' id='word_1_93' title='bbox 1305 1002 1521 1066; x_wconf 89' lang='lat' dir='ltr'>speciem</span> <span class='ocrx_word' id='word_1_94' title='bbox 1561 1004 1652 1051; x_wconf 89' lang='lat' dir='ltr'>rufi</span> <span class='ocrx_word' id='word_1_95' title='bbox 1689 1002 1850 1052; x_wconf 86' lang='lat' dir='ltr'>crinis.</span> 
     </span>
     <span class='ocr_line' id='line_1_12' title="bbox 114 1082 1906 1150; baseline 0.001 -19"><span class='ocrx_word' id='word_1_96' title='bbox 114 1082 345 1131; x_wconf 90' lang='lat' dir='ltr'>Trichrus</span> <span class='ocrx_word' id='word_1_97' title='bbox 382 1100 440 1132; x_wconf 89' lang='lat' dir='ltr'>ex</span> <span class='ocrx_word' id='word_1_98' title='bbox 475 1084 642 1132; x_wconf 89' lang='lat' dir='ltr'>Africa</span> <span class='ocrx_word' id='word_1_99' title='bbox 677 1083 812 1146; x_wconf 88' lang='lat' dir='ltr'>nigra</span> <span class='ocrx_word' id='word_1_100' title='bbox 848 1093 935 1144; x_wconf 90' lang='lat' dir='ltr'>est,</span> <span class='ocrx_word' id='word_1_101' title='bbox 964 1086 1051 1134; x_wconf 89' lang='lat' dir='ltr'>sed</span> <span class='ocrx_word' id='word_1_102' title='bbox 1088 1094 1183 1133; x_wconf 89' lang='lat' dir='ltr'>tres</span> <span class='ocrx_word' id='word_1_103' title='bbox 1215 1101 1357 1134; x_wconf 91' lang='lat' dir='ltr'>sucos</span> <span class='ocrx_word' id='word_1_104' title='bbox 1387 1084 1562 1143; x_wconf 91' lang='lat' dir='ltr'>reddit,</span> <span class='ocrx_word' id='word_1_105' title='bbox 1589 1084 1653 1133; x_wconf 91' lang='lat' dir='ltr'>ab</span> <span class='ocrx_word' id='word_1_106' title='bbox 1690 1084 1854 1133; x_wconf 89' lang='lat' dir='ltr'>radice</span> <span class='ocrx_word' id='word_1_107' title='bbox 1878 1101 1906 1150; x_wconf 94' lang='lat'><strong>7</strong></span> 
     </span>
     <span class='ocr_line' id='line_1_13' title="bbox 112 1164 1909 1229; baseline 0.001 -17"><span class='ocrx_word' id='word_1_108' title='bbox 112 1164 319 1227; x_wconf 90' lang='lat' dir='ltr'>nigrum,</span> <span class='ocrx_word' id='word_1_109' title='bbox 359 1181 387 1214; x_wconf 92' lang='lat' dir='ltr'>e</span> <span class='ocrx_word' id='word_1_110' title='bbox 429 1164 596 1214; x_wconf 89' lang='lat' dir='ltr'>medio</span> <span class='ocrx_word' id='word_1_111' title='bbox 643 1165 981 1229; x_wconf 87' lang='lat' dir='ltr'>sanguineum,</span> <span class='ocrx_word' id='word_1_112' title='bbox 1023 1183 1050 1215; x_wconf 95' lang='lat' dir='ltr'>e</span> <span class='ocrx_word' id='word_1_113' title='bbox 1089 1182 1285 1215; x_wconf 90' lang='lat' dir='ltr'>summo</span> <span class='ocrx_word' id='word_1_114' title='bbox 1333 1167 1528 1215; x_wconf 88' lang='lat' dir='ltr'>ochrae.</span> <span class='ocrx_word' id='word_1_115' title='bbox 1616 1165 1855 1229; x_wconf 91' lang='lat' dir='ltr'>Dionysia</span> <span class='ocrx_word' id='word_1_116' title='bbox 1879 1177 1909 1222; x_wconf 88' lang='lat'>8</span> 
     </span>
     <span class='ocr_line' id='line_1_14' title="bbox 110 1245 1855 1310; baseline 0.002 -17"><span class='ocrx_word' id='word_1_117' title='bbox 110 1245 245 1310; x_wconf 90' lang='lat' dir='ltr'>nigra</span> <span class='ocrx_word' id='word_1_118' title='bbox 280 1247 441 1295; x_wconf 88' lang='lat' dir='ltr'>mixtis</span> <span class='ocrx_word' id='word_1_119' title='bbox 477 1247 767 1295; x_wconf 89' lang='lat' dir='ltr'>rubentibus</span> <span class='ocrx_word' id='word_1_120' title='bbox 804 1248 933 1295; x_wconf 89' lang='lat' dir='ltr'>notis</span> <span class='ocrx_word' id='word_1_121' title='bbox 971 1263 1029 1295; x_wconf 86' lang='lat' dir='ltr'>ex</span> <span class='ocrx_word' id='word_1_122' title='bbox 1065 1264 1194 1310; x_wconf 85' lang='lat' dir='ltr'>aqua</span> <span class='ocrx_word' id='word_1_123' title='bbox 1230 1249 1342 1296; x_wconf 90' lang='lat' dir='ltr'>trita</span> <span class='ocrx_word' id='word_1_124' title='bbox 1376 1247 1546 1296; x_wconf 89' lang='lat' dir='ltr'>vinum</span> <span class='ocrx_word' id='word_1_125' title='bbox 1581 1248 1770 1310; x_wconf 88' lang='lat' dir='ltr'>fragrat,</span> <span class='ocrx_word' id='word_1_126' title='bbox 1807 1257 1855 1296; x_wconf 90' lang='lat' dir='ltr'>et</span> 
     </span>
     <span class='ocr_line' id='line_1_15' title="bbox 109 1326 1852 1393; baseline 0.002 -17"><span class='ocrx_word' id='word_1_127' title='bbox 109 1329 262 1377; x_wconf 93' lang='lat' dir='ltr'>odore</span> <span class='ocrx_word' id='word_1_128' title='bbox 286 1344 375 1376; x_wconf 92' lang='lat' dir='ltr'>suo</span> <span class='ocrx_word' id='word_1_129' title='bbox 401 1326 623 1377; x_wconf 89' lang='lat' dir='ltr'>ebrietati</span> <span class='ocrx_word' id='word_1_130' title='bbox 648 1328 869 1377; x_wconf 88' lang='lat' dir='ltr'>resistere</span> <span class='ocrx_word' id='word_1_131' title='bbox 894 1337 1105 1392; x_wconf 91' lang='lat' dir='ltr'>putatur.</span> <span class='ocrx_word' id='word_1_132' title='bbox 1160 1328 1332 1392; x_wconf 90' lang='lat' dir='ltr'>Pyritis</span> <span class='ocrx_word' id='word_1_133' title='bbox 1357 1331 1494 1393; x_wconf 89' lang='lat' dir='ltr'>nigra</span> <span class='ocrx_word' id='word_1_134' title='bbox 1517 1328 1735 1393; x_wconf 89' lang='lat' dir='ltr'>quidem,</span> <span class='ocrx_word' id='word_1_135' title='bbox 1764 1330 1852 1379; x_wconf 92' lang='lat' dir='ltr'>sed</span> 
     </span>
     <span class='ocr_line' id='line_1_16' title="bbox 41 1409 688 1473; baseline 0 -16"><span class='ocrx_word' id='word_1_136' title='bbox 41 1426 83 1466; x_wconf 84' lang='lat'>¹5</span> <span class='ocrx_word' id='word_1_137' title='bbox 107 1409 287 1459; x_wconf 91' lang='lat' dir='ltr'>adtritu</span> <span class='ocrx_word' id='word_1_138' title='bbox 312 1409 490 1473; x_wconf 91' lang='lat' dir='ltr'>digitos</span> <span class='ocrx_word' id='word_1_139' title='bbox 514 1410 688 1459; x_wconf 90' lang='lat' dir='ltr'>adurit.</span> 
     </span>
    </p>

    <p class='ocr_par' dir='ltr' id='par_1_3' title="bbox 108 1492 1959 1801">
     <span class='ocr_line' id='line_1_17' title="bbox 246 1492 1959 1557; baseline -0.001 -18"><span class='ocrx_word' id='word_1_140' title='bbox 246 1494 328 1539; x_wconf 84' lang='lat' dir='ltr'>DE</span> <span class='ocrx_word' id='word_1_141' title='bbox 364 1507 550 1540; x_wconf 83' lang='lat' dir='ltr'>VARns.</span> <span class='ocrx_word' id='word_1_142' title='bbox 626 1494 877 1541; x_wconf 89' lang='lat' dir='ltr'>Panchrus</span> <span class='ocrx_word' id='word_1_143' title='bbox 903 1492 1062 1541; x_wconf 91' lang='lat' dir='ltr'>varius</span> <span class='ocrx_word' id='word_1_144' title='bbox 1089 1510 1146 1541; x_wconf 87' lang='lat' dir='ltr'>ex</span> <span class='ocrx_word' id='word_1_145' title='bbox 1171 1493 1406 1543; x_wconf 92' lang='lat' dir='ltr'>omnibus</span> <span class='ocrx_word' id='word_1_146' title='bbox 1440 1511 1568 1557; x_wconf 91' lang='lat' dir='ltr'>pene</span> <span class='ocrx_word' id='word_1_147' title='bbox 1602 1492 1850 1543; x_wconf 91' lang='lat' dir='ltr'>coloribus</span> <span class='ocrx_word' id='word_1_148' title='bbox 1875 1499 1959 1539; x_wconf 90' lang='lat' dir='ltr'>XII</span> 
     </span>
     <span class='ocr_line' id='line_1_18' title="bbox 109 1574 1850 1635; baseline 0.001 -14"><span class='ocrx_word' id='word_1_149' title='bbox 109 1582 339 1623; x_wconf 89' lang='lat' dir='ltr'>constans</span> <span class='ocrx_word' id='word_1_150' title='bbox 360 1593 373 1635; x_wconf 87' lang='grc'>,·</span> <span class='ocrx_word' id='word_1_151' title='bbox 412 1575 544 1623; x_wconf 92' lang='lat' dir='ltr'>unde</span> <span class='ocrx_word' id='word_1_152' title='bbox 570 1583 618 1623; x_wconf 90' lang='lat' dir='ltr'>et</span> <span class='ocrx_word' id='word_1_153' title='bbox 643 1574 944 1624; x_wconf 78' lang='lat' dir='ltr'>nominatus,</span> <span class='ocrx_word' id='word_1_154' title='bbox 1017 1576 1141 1624; x_wconf 89' lang='lat' dir='ltr'>Olca</span> <span class='ocrx_word' id='word_1_155' title='bbox 1171 1575 1365 1624; x_wconf 90' lang='lat' dir='ltr'>barbari</span> <span class='ocrx_word' id='word_1_156' title='bbox 1391 1575 1606 1625; x_wconf 89' lang='lat' dir='ltr'>nominis</span> <span class='ocrx_word' id='word_1_157' title='bbox 1633 1593 1691 1624; x_wconf 87' lang='lat' dir='ltr'>ex</span> <span class='ocrx_word' id='word_1_158' title='bbox 1716 1577 1850 1624; x_wconf 89' lang='lat' dir='ltr'>fulvo</span> 
     </span>
     <span class='ocr_line' id='line_1_19' title="bbox 108 1655 1904 1721; baseline 0.003 -18"><span class='ocrx_word' id='word_1_159' title='bbox 108 1665 155 1703; x_wconf 93' lang='lat' dir='ltr'>et</span> <span class='ocrx_word' id='word_1_160' title='bbox 194 1657 331 1718; x_wconf 92' lang='lat' dir='ltr'>nigro</span> <span class='ocrx_word' id='word_1_161' title='bbox 370 1655 610 1719; x_wconf 87' lang='lat' dir='ltr'>viridique</span> <span class='ocrx_word' id='word_1_162' title='bbox 652 1665 699 1704; x_wconf 91' lang='lat' dir='ltr'>et</span> <span class='ocrx_word' id='word_1_163' title='bbox 742 1656 958 1705; x_wconf 90' lang='lat' dir='ltr'>candido</span> <span class='ocrx_word' id='word_1_164' title='bbox 1001 1666 1086 1705; x_wconf 90' lang='lat' dir='ltr'>est.</span> <span class='ocrx_word' id='word_1_165' title='bbox 1161 1657 1431 1706; x_wconf 85' lang='lat' dir='ltr'>Mithridax</span> <span class='ocrx_word' id='word_1_166' title='bbox 1473 1660 1577 1707; x_wconf 88' lang='lat' dir='ltr'>sole</span> <span class='ocrx_word' id='word_1_167' title='bbox 1619 1674 1851 1721; x_wconf 87' lang='lat' dir='ltr'>percussa</span> <span class='ocrx_word' id='word_1_168' title='bbox 1874 1674 1904 1708; x_wconf 89' lang='lat'><strong>2</strong></span> 
     </span>
     <span class='ocr_line' id='line_1_20' title="bbox 108 1736 1848 1801; baseline 0.002 -17"><span class='ocrx_word' id='word_1_169' title='bbox 108 1736 353 1786; x_wconf 90' lang='lat' dir='ltr'>coloribus</span> <span class='ocrx_word' id='word_1_170' title='bbox 402 1736 549 1785; x_wconf 89' lang='lat' dir='ltr'>micat</span> <span class='ocrx_word' id='word_1_171' title='bbox 597 1737 753 1786; x_wconf 88' lang='lat' dir='ltr'>variis.</span> <span class='ocrx_word' id='word_1_172' title='bbox 849 1737 1077 1801; x_wconf 90' lang='lat' dir='ltr'>Gignitur</span> <span class='ocrx_word' id='word_1_173' title='bbox 1124 1739 1175 1786; x_wconf 92' lang='lat' dir='ltr'>in</span> <span class='ocrx_word' id='word_1_174' title='bbox 1222 1738 1436 1789; x_wconf 90' lang='lat' dir='ltr'>Persida.</span> <span class='ocrx_word' id='word_1_175' title='bbox 1534 1739 1848 1789; x_wconf 88' lang='lat' dir='ltr'>Drosolithus</span> 
     </span>
    </p>

    <p class='ocr_par' dir='ltr' id='par_1_4' title="bbox 35 1818 1899 2131">
     <span class='ocr_line' id='line_1_21' title="bbox 35 1818 1848 1884; baseline 0.003 -18"><span class='ocrx_word' id='word_1_176' title='bbox 35 1845 84 1873; x_wconf 82' lang='lat'>20</span> <span class='ocrx_word' id='word_1_177' title='bbox 107 1819 279 1867; x_wconf 89' lang='lat' dir='ltr'>varius.</span> <span class='ocrx_word' id='word_1_178' title='bbox 353 1818 582 1868; x_wconf 89' lang='lat' dir='ltr'>Nominis</span> <span class='ocrx_word' id='word_1_179' title='bbox 603 1835 750 1867; x_wconf 91' lang='lat' dir='ltr'>causa</span> <span class='ocrx_word' id='word_1_180' title='bbox 775 1819 892 1882; x_wconf 87' lang='lat' dir='ltr'>quia</span> <span class='ocrx_word' id='word_1_181' title='bbox 917 1819 955 1868; x_wconf 91' lang='lat' dir='ltr'>si</span> <span class='ocrx_word' id='word_1_182' title='bbox 979 1821 1043 1869; x_wconf 90' lang='lat' dir='ltr'>ad</span> <span class='ocrx_word' id='word_1_183' title='bbox 1063 1819 1225 1883; x_wconf 88' lang='lat' dir='ltr'>ignem</span> <span class='ocrx_word' id='word_1_184' title='bbox 1245 1821 1532 1884; x_wconf 90' lang='lat' dir='ltr'>adplicetur,</span> <span class='ocrx_word' id='word_1_185' title='bbox 1555 1823 1687 1870; x_wconf 91' lang='lat' dir='ltr'>velut</span> <span class='ocrx_word' id='word_1_186' title='bbox 1703 1823 1848 1871; x_wconf 91' lang='lat' dir='ltr'>sudo—</span> 
     </span>
     <span class='ocr_line' id='line_1_22' title="bbox 106 1900 1899 1967; baseline 0.002 -18"><span class='ocrx_word' id='word_1_187' title='bbox 106 1917 208 1950; x_wconf 89' lang='lat' dir='ltr'>rem</span> <span class='ocrx_word' id='word_1_188' title='bbox 245 1900 405 1949; x_wconf 88' lang='lat' dir='ltr'>mittit.</span> <span class='ocrx_word' id='word_1_189' title='bbox 480 1902 669 1964; x_wconf 90' lang='lat' dir='ltr'>Opalus</span> <span class='ocrx_word' id='word_1_190' title='bbox 700 1901 961 1951; x_wconf 86' lang='lat' dir='ltr'>distinctus</span> <span class='ocrx_word' id='word_1_191' title='bbox 991 1901 1292 1952; x_wconf 91' lang='lat' dir='ltr'>diversarum</span> <span class='ocrx_word' id='word_1_192' title='bbox 1327 1905 1491 1952; x_wconf 89' lang='lat' dir='ltr'>colore</span> <span class='ocrx_word' id='word_1_193' title='bbox 1521 1919 1843 1967; x_wconf 88' lang='lat' dir='ltr'>gemmarum.</span> <span class='ocrx_word' id='word_1_194' title='bbox 1867 1920 1899 1967; x_wconf 89' lang='lat'>3</span> 
     </span>
     <span class='ocr_line' id='line_1_23' title="bbox 105 1982 1847 2050; baseline 0.003 -21"><span class='ocrx_word' id='word_1_195' title='bbox 105 1982 193 2030; x_wconf 90' lang='lat' dir='ltr'>Est</span> <span class='ocrx_word' id='word_1_196' title='bbox 217 1982 349 2031; x_wconf 92' lang='lat' dir='ltr'>enim</span> <span class='ocrx_word' id='word_1_197' title='bbox 374 1982 425 2030; x_wconf 91' lang='lat' dir='ltr'>in</span> <span class='ocrx_word' id='word_1_198' title='bbox 450 1999 510 2031; x_wconf 90' lang='lat' dir='ltr'>eo</span> <span class='ocrx_word' id='word_1_199' title='bbox 536 1983 822 2032; x_wconf 90' lang='lat' dir='ltr'>carbunculi</span> <span class='ocrx_word' id='word_1_200' title='bbox 848 1986 1040 2032; x_wconf 90' lang='lat' dir='ltr'>tenuior</span> <span class='ocrx_word' id='word_1_201' title='bbox 1069 1983 1208 2048; x_wconf 89' lang='lat' dir='ltr'>ignis,</span> <span class='ocrx_word' id='word_1_202' title='bbox 1235 1984 1498 2048; x_wconf 90' lang='lat' dir='ltr'>amethysti</span> <span class='ocrx_word' id='word_1_203' title='bbox 1522 1987 1714 2049; x_wconf 89' lang='lat' dir='ltr'>fulgens</span> <span class='ocrx_word' id='word_1_204' title='bbox 1738 2003 1847 2050; x_wconf 92' lang='lat' dir='ltr'>pur-</span> 
     </span>
     <span class='ocr_line' id='line_1_24' title="bbox 104 2064 1844 2131; baseline 0.003 -19"><span class='ocrx_word' id='word_1_205' title='bbox 104 2081 237 2127; x_wconf 89' lang='lat' dir='ltr'>pura,</span> <span class='ocrx_word' id='word_1_206' title='bbox 271 2064 514 2127; x_wconf 88' lang='lat' dir='ltr'>smaragdi</span> <span class='ocrx_word' id='word_1_207' title='bbox 545 2064 706 2114; x_wconf 91' lang='lat' dir='ltr'>nitens</span> <span class='ocrx_word' id='word_1_208' title='bbox 741 2064 971 2125; x_wconf 89' lang='lat' dir='ltr'>viriditas,</span> <span class='ocrx_word' id='word_1_209' title='bbox 1001 2075 1048 2114; x_wconf 93' lang='lat' dir='ltr'>et</span> <span class='ocrx_word' id='word_1_210' title='bbox 1079 2076 1258 2115; x_wconf 88' lang='lat' dir='ltr'>cuncta</span> <span class='ocrx_word' id='word_1_211' title='bbox 1290 2066 1468 2130; x_wconf 91' lang='lat' dir='ltr'>pariter</span> <span class='ocrx_word' id='word_1_212' title='bbox 1502 2068 1594 2116; x_wconf 91' lang='lat' dir='ltr'>sub</span> <span class='ocrx_word' id='word_1_213' title='bbox 1629 2070 1844 2131; x_wconf 86' lang='lat' dir='ltr'>quadam</span> 
     </span>
    </p>
   </div>
   <div class='ocr_carea' id='block_1_3' title="bbox 101 2193 1849 3173">
    <p class='ocr_par' dir='ltr' id='par_1_5' title="bbox 101 2193 1849 3115">
     <span class='ocr_line' id='line_1_25' title="bbox 163 2193 1849 2237; baseline 0.003 -5"><span class='ocrx_word' id='word_1_214' title='bbox 163 2207 180 2232; x_wconf 95' lang='lat'>1</span> <span class='ocrx_word' id='word_1_215' title='bbox 214 2194 386 2232; x_wconf 88' lang='lat' dir='ltr'>fulmina</span> <span class='ocrx_word' id='word_1_216' title='bbox 407 2193 452 2231; x_wconf 90' lang='lat' dir='ltr'><strong><em>K</em></strong></span> <span class='ocrx_word' id='word_1_217' title='bbox 589 2195 788 2234; x_wconf 86' lang='lat' dir='ltr'>Absictos</span> <span class='ocrx_word' id='word_1_218' title='bbox 807 2196 916 2235; x_wconf 87' lang='lat' dir='ltr'>codd.</span> <span class='ocrx_word' id='word_1_219' title='bbox 1104 2209 1129 2234; x_wconf 84' lang='lat'>2</span> <span class='ocrx_word' id='word_1_220' title='bbox 1159 2197 1214 2235; x_wconf 92' lang='lat' dir='ltr'>di.</span> <span class='ocrx_word' id='word_1_221' title='bbox 1237 2210 1261 2235; x_wconf 88' lang='lat' dir='ltr'>a</span> <span class='ocrx_word' id='word_1_222' title='bbox 1281 2210 1345 2236; x_wconf 90' lang='lat' dir='ltr'>ve.</span> <span class='ocrx_word' id='word_1_223' title='bbox 1370 2197 1415 2234; x_wconf 88' lang='lat' dir='ltr'><em>K</em></span> <span class='ocrx_word' id='word_1_224' title='bbox 1580 2198 1782 2237; x_wconf 86' lang='lat' dir='ltr'>calefacta</span> <span class='ocrx_word' id='word_1_225' title='bbox 1802 2199 1849 2237; x_wconf 90' lang='lat' dir='ltr'><em>K</em></span> 
     </span>
     <span class='ocr_line' id='line_1_26' title="bbox 104 2249 1843 2302; baseline 0.004 -16"><span class='ocrx_word' id='word_1_226' title='bbox 104 2249 214 2298; x_wconf 88' lang='lat' dir='ltr'>ignis</span> <span class='ocrx_word' id='word_1_227' title='bbox 233 2249 274 2287; x_wconf 89' lang='grc' dir='ltr'><em>Β</em></span> <span class='ocrx_word' id='word_1_228' title='bbox 491 2250 636 2288; x_wconf 88' lang='lat' dir='ltr'>decem</span> <span class='ocrx_word' id='word_1_229' title='bbox 660 2250 721 2300; x_wconf 64' lang='lat' dir='ltr'>(ir)</span> <span class='ocrx_word' id='word_1_230' title='bbox 745 2249 792 2287; x_wconf 88' lang='lat' dir='ltr'><strong><em>K</em></strong></span> <span class='ocrx_word' id='word_1_231' title='bbox 1037 2263 1062 2300; x_wconf 88' lang='lat'><strong>3</strong></span> <span class='ocrx_word' id='word_1_232' title='bbox 1092 2251 1278 2290; x_wconf 89' lang='lat' dir='ltr'>colorem</span> <span class='ocrx_word' id='word_1_233' title='bbox 1299 2251 1345 2289; x_wconf 89' lang='lat' dir='ltr'><em>K</em></span> <span class='ocrx_word' id='word_1_234' title='bbox 1548 2253 1669 2302; x_wconf 87' lang='lat' dir='ltr'>nigra</span> <span class='ocrx_word' id='word_1_235' title='bbox 1690 2267 1772 2293; x_wconf 83' lang='lat' dir='ltr'>om.</span> <span class='ocrx_word' id='word_1_236' title='bbox 1794 2254 1843 2292; x_wconf 89' lang='lat' dir='ltr'>Cl</span> 
     </span>
     <span class='ocr_line' id='line_1_27' title="bbox 104 2303 1841 2353; baseline 0.004 -11"><span class='ocrx_word' id='word_1_237' title='bbox 104 2317 130 2351; x_wconf 91' lang='lat'><strong>4</strong></span> <span class='ocrx_word' id='word_1_238' title='bbox 158 2316 182 2341; x_wconf 91' lang='lat' dir='ltr'>a</span> <span class='ocrx_word' id='word_1_239' title='bbox 202 2317 284 2343; x_wconf 85' lang='lat' dir='ltr'>om.</span> <span class='ocrx_word' id='word_1_240' title='bbox 315 2303 352 2342; x_wconf 93' lang='lat' dir='ltr'><em>T</em></span> <span class='ocrx_word' id='word_1_241' title='bbox 526 2316 551 2353; x_wconf 87' lang='lat'>5</span> <span class='ocrx_word' id='word_1_242' title='bbox 581 2307 730 2343; x_wconf 89' lang='lat' dir='ltr'>medea</span> <span class='ocrx_word' id='word_1_243' title='bbox 749 2304 791 2343; x_wconf 90' lang='grc' dir='ltr'><em>Β</em></span> <span class='ocrx_word' id='word_1_244' title='bbox 927 2317 1076 2344; x_wconf 85' lang='lat' dir='ltr'>aereas</span> <span class='ocrx_word' id='word_1_245' title='bbox 1099 2305 1175 2344; x_wconf 79' lang='lat' dir='ltr'>Clt</span> <span class='ocrx_word' id='word_1_246' title='bbox 1206 2307 1317 2345; x_wconf 88' lang='lat' dir='ltr'>aeris</span> <span class='ocrx_word' id='word_1_247' title='bbox 1336 2306 1401 2346; x_wconf 89' lang='lat' dir='ltr'>B:</span> <span class='ocrx_word' id='word_1_248' title='bbox 1431 2308 1548 2346; x_wconf 89' lang='lat' dir='ltr'>aurei</span> <span class='ocrx_word' id='word_1_249' title='bbox 1568 2308 1681 2347; x_wconf 81' lang='lat' dir='ltr'>Plin.</span> <span class='ocrx_word' id='word_1_250' title='bbox 1704 2308 1757 2346; x_wconf 91' lang='lat' dir='ltr'>N.</span> <span class='ocrx_word' id='word_1_251' title='bbox 1781 2309 1841 2349; x_wconf 91' lang='lat' dir='ltr'>H.</span> 
     </span>
     <span class='ocr_line' id='line_1_28' title="bbox 102 2358 1841 2467; baseline 0.003 -17"><span class='ocrx_word' id='word_1_252' title='bbox 102 2371 377 2452; x_wconf 60' lang='grc' dir='ltr'>ἒέἐῙὶἔ3ΒΕΚ</span> <span class='ocrx_word' id='word_1_253' title='bbox 428 2361 454 2397; x_wconf 76' lang='lat'><strong>6</strong></span> <span class='ocrx_word' id='word_1_254' title='bbox 483 2358 1246 2464; x_wconf 39' lang='lat' dir='ltr'>cgocgagfftenusxsieggrbiaiiiigecsscilvi.</span> <span class='ocrx_word' id='word_1_255' title='bbox 1268 2415 1321 2454; x_wconf 91' lang='grc' dir='ltr'>Ν.</span> <span class='ocrx_word' id='word_1_256' title='bbox 1335 2361 1609 2465; x_wconf 41' lang='lat'>33113753150:</span> <span class='ocrx_word' id='word_1_257' title='bbox 1641 2362 1841 2467; x_wconf 47' lang='lat' dir='ltr'>Byarxdgli}</span> 
     </span>
     <span class='ocr_line' id='line_1_29' title="bbox 102 2467 1842 2523; baseline 0.003 -18"><span class='ocrx_word' id='word_1_258' title='bbox 102 2467 228 2507; x_wconf 84' lang='lat' dir='ltr'><em>Arev.</em></span> <span class='ocrx_word' id='word_1_259' title='bbox 369 2467 617 2507; x_wconf 89' lang='lat' dir='ltr'>Meramelas</span> <span class='ocrx_word' id='word_1_260' title='bbox 642 2468 717 2507; x_wconf 76' lang='lat' dir='ltr'>Cl:</span> <span class='ocrx_word' id='word_1_261' title='bbox 748 2469 1004 2508; x_wconf 88' lang='lat' dir='ltr'>Mesomolas</span> <span class='ocrx_word' id='word_1_262' title='bbox 1026 2468 1072 2507; x_wconf 93' lang='lat' dir='ltr'><em>K</em></span> <span class='ocrx_word' id='word_1_263' title='bbox 1232 2484 1257 2519; x_wconf 92' lang='lat'>9</span> <span class='ocrx_word' id='word_1_264' title='bbox 1287 2484 1417 2510; x_wconf 88' lang='lat' dir='ltr'>venas</span> <span class='ocrx_word' id='word_1_265' title='bbox 1437 2470 1559 2509; x_wconf 89' lang='lat' dir='ltr'>BCK</span> <span class='ocrx_word' id='word_1_266' title='bbox 1697 2485 1842 2523; x_wconf 86' lang='lat' dir='ltr'>quam-</span> 
     </span>
     <span class='ocr_line' id='line_1_30' title="bbox 102 2520 1840 2575; baseline 0.003 -16"><span class='ocrx_word' id='word_1_267' title='bbox 102 2521 203 2560; x_wconf 88' lang='lat' dir='ltr'>libet</span> <span class='ocrx_word' id='word_1_268' title='bbox 223 2520 259 2560; x_wconf 91' lang='lat' dir='ltr'><em>C</em></span> <span class='ocrx_word' id='word_1_269' title='bbox 439 2529 654 2563; x_wconf 88' lang='lat' dir='ltr'>secantem</span> <span class='ocrx_word' id='word_1_270' title='bbox 679 2522 758 2563; x_wconf 89' lang='lat' dir='ltr'>CK</span> <span class='ocrx_word' id='word_1_271' title='bbox 932 2525 1116 2562; x_wconf 90' lang='lat' dir='ltr'>medium</span> <span class='ocrx_word' id='word_1_272' title='bbox 1136 2524 1244 2564; x_wconf 82' lang='lat' dir='ltr'>Plz&#39;n.</span> <span class='ocrx_word' id='word_1_273' title='bbox 1267 2525 1319 2564; x_wconf 90' lang='lat' dir='ltr'>N.</span> <span class='ocrx_word' id='word_1_274' title='bbox 1347 2525 1406 2564; x_wconf 92' lang='lat' dir='ltr'>H.</span> <span class='ocrx_word' id='word_1_275' title='bbox 1430 2538 1495 2575; x_wconf 84' lang='lat'>37,</span> <span class='ocrx_word' id='word_1_276' title='bbox 1517 2539 1592 2575; x_wconf 88' lang='lat'>174</span> <span class='ocrx_word' id='word_1_277' title='bbox 1759 2528 1840 2566; x_wconf 91' lang='lat' dir='ltr'>Ve-</span> 
     </span>
     <span class='ocr_line' id='line_1_31' title="bbox 102 2576 1840 2631; baseline 0.003 -17"><span class='ocrx_word' id='word_1_278' title='bbox 102 2576 246 2615; x_wconf 86' lang='lat' dir='ltr'>neriae</span> <span class='ocrx_word' id='word_1_279' title='bbox 268 2576 364 2626; x_wconf 81' lang='lat' dir='ltr'>(-ie)</span> <span class='ocrx_word' id='word_1_280' title='bbox 383 2576 468 2615; x_wconf 88' lang='grc' dir='ltr'>ΚΒ</span> <span class='ocrx_word' id='word_1_281' title='bbox 621 2591 670 2616; x_wconf 94' lang='lat'>10</span> <span class='ocrx_word' id='word_1_282' title='bbox 699 2578 836 2617; x_wconf 89' lang='lat' dir='ltr'>crines</span> <span class='ocrx_word' id='word_1_283' title='bbox 856 2592 939 2618; x_wconf 84' lang='lat' dir='ltr'>om.</span> <span class='ocrx_word' id='word_1_284' title='bbox 968 2579 1004 2616; x_wconf 90' lang='lat' dir='ltr'><em>T</em></span> <span class='ocrx_word' id='word_1_285' title='bbox 1147 2578 1367 2618; x_wconf 88' lang='lat' dir='ltr'>continent</span> <span class='ocrx_word' id='word_1_286' title='bbox 1386 2580 1494 2620; x_wconf 79' lang='lat' dir='ltr'>Plin.</span> <span class='ocrx_word' id='word_1_287' title='bbox 1517 2581 1571 2621; x_wconf 91' lang='lat' dir='ltr'>N.</span> <span class='ocrx_word' id='word_1_288' title='bbox 1592 2580 1652 2621; x_wconf 91' lang='lat' dir='ltr'>H.</span> <span class='ocrx_word' id='word_1_289' title='bbox 1676 2594 1743 2631; x_wconf 90' lang='lat'>37,</span> <span class='ocrx_word' id='word_1_290' title='bbox 1764 2583 1840 2630; x_wconf 88' lang='lat'>184</span> 
     </span>
     <span class='ocr_line' id='line_1_32' title="bbox 103 2631 1839 2687; baseline 0.003 -18"><span class='ocrx_word' id='word_1_291' title='bbox 103 2631 206 2669; x_wconf 89' lang='lat' dir='ltr'>rube</span> <span class='ocrx_word' id='word_1_292' title='bbox 228 2644 285 2669; x_wconf 89' lang='lat' dir='ltr'>cr.</span> <span class='ocrx_word' id='word_1_293' title='bbox 314 2631 369 2670; x_wconf 90' lang='lat' dir='ltr'>T:</span> <span class='ocrx_word' id='word_1_294' title='bbox 402 2632 571 2671; x_wconf 72' lang='lat' dir='ltr'>ruffinis</span> <span class='ocrx_word' id='word_1_295' title='bbox 584 2632 667 2670; x_wconf 74' lang='lat' dir='ltr'>El:</span> <span class='ocrx_word' id='word_1_296' title='bbox 699 2633 791 2672; x_wconf 88' lang='lat' dir='ltr'>rufe</span> <span class='ocrx_word' id='word_1_297' title='bbox 813 2634 893 2686; x_wconf 61' lang='lat' dir='ltr'>(zle.</span> <span class='ocrx_word' id='word_1_298' title='bbox 916 2633 1022 2685; x_wconf 89' lang='lat' dir='ltr'>-fae)</span> <span class='ocrx_word' id='word_1_299' title='bbox 1045 2646 1100 2673; x_wconf 84' lang='lat' dir='ltr'>cr.</span> <span class='ocrx_word' id='word_1_300' title='bbox 1123 2633 1183 2672; x_wconf 83' lang='lat' dir='ltr'>B2</span> <span class='ocrx_word' id='word_1_301' title='bbox 1205 2635 1262 2685; x_wconf 85' lang='lat' dir='ltr'>&lt;et</span> <span class='ocrx_word' id='word_1_302' title='bbox 1277 2634 1418 2687; x_wconf 70' lang='lat' dir='ltr'>Isz&#39;d.2)</span> <span class='ocrx_word' id='word_1_303' title='bbox 1671 2648 1715 2674; x_wconf 92' lang='lat'>11</span> <span class='ocrx_word' id='word_1_304' title='bbox 1748 2635 1839 2674; x_wconf 89' lang='lat' dir='ltr'>Tri-</span> 
     </span>
     <span class='ocr_line' id='line_1_33' title="bbox 103 2684 1847 2730; baseline 0.003 -6"><span class='ocrx_word' id='word_1_305' title='bbox 103 2698 227 2724; x_wconf 88' lang='lat' dir='ltr'>cruus</span> <span class='ocrx_word' id='word_1_306' title='bbox 249 2684 351 2725; x_wconf 85' lang='lat' dir='ltr'>CK:</span> <span class='ocrx_word' id='word_1_307' title='bbox 381 2686 558 2726; x_wconf 86' lang='lat' dir='ltr'>Tricuus</span> <span class='ocrx_word' id='word_1_308' title='bbox 577 2686 677 2725; x_wconf 82' lang='lat' dir='ltr'>BT1</span> <span class='ocrx_word' id='word_1_309' title='bbox 841 2693 907 2726; x_wconf 91' lang='lat' dir='ltr'>est</span> <span class='ocrx_word' id='word_1_310' title='bbox 928 2688 983 2726; x_wconf 91' lang='lat' dir='ltr'>ni.</span> <span class='ocrx_word' id='word_1_311' title='bbox 1006 2686 1042 2726; x_wconf 87' lang='lat' dir='ltr'><em>C</em></span> <span class='ocrx_word' id='word_1_312' title='bbox 1199 2690 1277 2727; x_wconf 91' lang='lat' dir='ltr'>sed</span> <span class='ocrx_word' id='word_1_313' title='bbox 1297 2702 1382 2728; x_wconf 82' lang='lat' dir='ltr'>om.</span> <span class='ocrx_word' id='word_1_314' title='bbox 1403 2689 1446 2727; x_wconf 92' lang='lat' dir='ltr'><em>K</em></span> <span class='ocrx_word' id='word_1_315' title='bbox 1617 2703 1741 2730; x_wconf 90' lang='lat' dir='ltr'>sucus</span> <span class='ocrx_word' id='word_1_316' title='bbox 1759 2690 1847 2729; x_wconf 90' lang='lat' dir='ltr'>BT</span> 
     </span>
     <span class='ocr_line' id='line_1_34' title="bbox 106 2739 1838 2797; baseline 0.004 -20"><span class='ocrx_word' id='word_1_317' title='bbox 106 2752 154 2778; x_wconf 83' lang='lat'>12</span> <span class='ocrx_word' id='word_1_318' title='bbox 184 2740 366 2779; x_wconf 89' lang='lat' dir='ltr'>emiodio</span> <span class='ocrx_word' id='word_1_319' title='bbox 394 2739 432 2778; x_wconf 89' lang='lat' dir='ltr'><em>T</em></span> <span class='ocrx_word' id='word_1_320' title='bbox 617 2754 768 2781; x_wconf 88' lang='lat' dir='ltr'>ocreae</span> <span class='ocrx_word' id='word_1_321' title='bbox 788 2743 931 2794; x_wconf 84' lang='lat' dir='ltr'>(-cer-,</span> <span class='ocrx_word' id='word_1_322' title='bbox 947 2744 1037 2792; x_wconf 88' lang='lat' dir='ltr'>-ee)</span> <span class='ocrx_word' id='word_1_323' title='bbox 1055 2743 1205 2783; x_wconf 82' lang='lat' dir='ltr'>BKT:</span> <span class='ocrx_word' id='word_1_324' title='bbox 1235 2756 1376 2783; x_wconf 87' lang='lat' dir='ltr'>ocrem</span> <span class='ocrx_word' id='word_1_325' title='bbox 1395 2745 1430 2784; x_wconf 90' lang='lat' dir='ltr'>C</span> <span class='ocrx_word' id='word_1_326' title='bbox 1445 2743 1549 2795; x_wconf 80' lang='lat' dir='ltr'>(pro</span> <span class='ocrx_word' id='word_1_327' title='bbox 1569 2746 1772 2784; x_wconf 88' lang='lat' dir='ltr'>ochreum</span> <span class='ocrx_word' id='word_1_328' title='bbox 1786 2746 1838 2797; x_wconf 71' lang='lat'>2):</span> 
     </span>
     <span class='ocr_line' id='line_1_35' title="bbox 101 2794 1839 2849; baseline 0.003 -16"><span class='ocrx_word' id='word_1_329' title='bbox 101 2795 274 2834; x_wconf 89' lang='lat' dir='ltr'>ochrum</span> <span class='ocrx_word' id='word_1_330' title='bbox 294 2795 403 2834; x_wconf 81' lang='lat' dir='ltr'>Plin.</span> <span class='ocrx_word' id='word_1_331' title='bbox 426 2794 478 2834; x_wconf 91' lang='lat' dir='ltr'>N.</span> <span class='ocrx_word' id='word_1_332' title='bbox 502 2795 565 2834; x_wconf 93' lang='lat' dir='ltr'>H.</span> <span class='ocrx_word' id='word_1_333' title='bbox 585 2809 651 2847; x_wconf 84' lang='lat'>37,</span> <span class='ocrx_word' id='word_1_334' title='bbox 672 2797 746 2844; x_wconf 87' lang='lat'>183</span> <span class='ocrx_word' id='word_1_335' title='bbox 915 2810 964 2847; x_wconf 86' lang='lat'>13</span> <span class='ocrx_word' id='word_1_336' title='bbox 993 2797 1126 2847; x_wconf 86' lang='lat' dir='ltr'>nigris</span> <span class='ocrx_word' id='word_1_337' title='bbox 1150 2797 1235 2836; x_wconf 88' lang='grc' dir='ltr'>ΒΚ</span> <span class='ocrx_word' id='word_1_338' title='bbox 1391 2799 1543 2848; x_wconf 86' lang='lat' dir='ltr'>fraglat</span> <span class='ocrx_word' id='word_1_339' title='bbox 1565 2798 1658 2838; x_wconf 89' lang='lat' dir='ltr'>CT:</span> <span class='ocrx_word' id='word_1_340' title='bbox 1689 2801 1839 2849; x_wconf 88' lang='lat' dir='ltr'>flagrat</span> 
     </span>
     <span class='ocr_line' id='line_1_36' title="bbox 102 2848 1834 2904; baseline 0.004 -18"><span class='ocrx_word' id='word_1_341' title='bbox 102 2848 190 2886; x_wconf 86' lang='grc' dir='ltr'>ΒΚ</span> <span class='ocrx_word' id='word_1_342' title='bbox 387 2863 434 2899; x_wconf 94' lang='lat'>14</span> <span class='ocrx_word' id='word_1_343' title='bbox 466 2850 669 2889; x_wconf 84' lang='lat' dir='ltr'>ebrietate</span> <span class='ocrx_word' id='word_1_344' title='bbox 689 2850 736 2888; x_wconf 94' lang='lat' dir='ltr'><em>K</em></span> <span class='ocrx_word' id='word_1_345' title='bbox 898 2857 984 2904; x_wconf 90' lang='lat' dir='ltr'>put.</span> <span class='ocrx_word' id='word_1_346' title='bbox 1009 2866 1091 2890; x_wconf 79' lang='lat' dir='ltr'>om.</span> <span class='ocrx_word' id='word_1_347' title='bbox 1113 2851 1160 2890; x_wconf 91' lang='lat' dir='ltr'><em>K</em></span> <span class='ocrx_word' id='word_1_348' title='bbox 1321 2866 1362 2902; x_wconf 94' lang='lat' dir='ltr'>q.</span> <span class='ocrx_word' id='word_1_349' title='bbox 1385 2859 1450 2892; x_wconf 90' lang='lat' dir='ltr'>est</span> <span class='ocrx_word' id='word_1_350' title='bbox 1469 2855 1545 2893; x_wconf 88' lang='lat' dir='ltr'>sed</span> <span class='ocrx_word' id='word_1_351' title='bbox 1564 2853 1674 2894; x_wconf 74' lang='lat' dir='ltr'>Plin.</span> <span class='ocrx_word' id='word_1_352' title='bbox 1697 2855 1752 2894; x_wconf 93' lang='lat' dir='ltr'>N.</span> <span class='ocrx_word' id='word_1_353' title='bbox 1773 2854 1834 2893; x_wconf 89' lang='lat' dir='ltr'>H.</span> 
     </span>
     <span class='ocr_line' id='line_1_37' title="bbox 101 2904 1843 2957; baseline 0.003 -16"><span class='ocrx_word' id='word_1_354' title='bbox 101 2915 165 2952; x_wconf 87' lang='lat'>37,</span> <span class='ocrx_word' id='word_1_355' title='bbox 188 2905 264 2954; x_wconf 89' lang='lat'>189</span> <span class='ocrx_word' id='word_1_356' title='bbox 341 2916 390 2954; x_wconf 88' lang='lat'>15</span> <span class='ocrx_word' id='word_1_357' title='bbox 419 2904 560 2954; x_wconf 88' lang='lat' dir='ltr'>digitis</span> <span class='ocrx_word' id='word_1_358' title='bbox 579 2905 662 2944; x_wconf 88' lang='lat' dir='ltr'>BT</span> <span class='ocrx_word' id='word_1_359' title='bbox 736 2908 786 2944; x_wconf 91' lang='lat'>16</span> <span class='ocrx_word' id='word_1_360' title='bbox 816 2906 1006 2945; x_wconf 89' lang='lat' dir='ltr'>Pancrus</span> <span class='ocrx_word' id='word_1_361' title='bbox 1032 2906 1086 2946; x_wconf 89' lang='lat' dir='ltr'>T:</span> <span class='ocrx_word' id='word_1_362' title='bbox 1121 2907 1311 2957; x_wconf 86' lang='lat' dir='ltr'>Pangrus</span> <span class='ocrx_word' id='word_1_363' title='bbox 1331 2906 1452 2948; x_wconf 89' lang='lat' dir='ltr'>BCK</span> <span class='ocrx_word' id='word_1_364' title='bbox 1527 2909 1576 2946; x_wconf 90' lang='lat'>18</span> <span class='ocrx_word' id='word_1_365' title='bbox 1606 2909 1776 2947; x_wconf 87' lang='lat' dir='ltr'>canditu</span> <span class='ocrx_word' id='word_1_366' title='bbox 1796 2908 1843 2947; x_wconf 91' lang='lat' dir='ltr'><em>K</em></span> 
     </span>
     <span class='ocr_line' id='line_1_38' title="bbox 106 2957 1838 3013; baseline 0.005 -18"><span class='ocrx_word' id='word_1_367' title='bbox 106 2957 304 2998; x_wconf 84' lang='lat' dir='ltr'>Mitridax</span> <span class='ocrx_word' id='word_1_368' title='bbox 318 2959 398 2998; x_wconf 89' lang='lat' dir='ltr'>BC</span> <span class='ocrx_word' id='word_1_369' title='bbox 403 2959 460 2998; x_wconf 88' lang='lat' dir='ltr'>T:</span> <span class='ocrx_word' id='word_1_370' title='bbox 494 2959 675 2999; x_wconf 88' lang='lat' dir='ltr'>Mitritas</span> <span class='ocrx_word' id='word_1_371' title='bbox 696 2959 742 2997; x_wconf 93' lang='lat' dir='ltr'><em>K</em></span> <span class='ocrx_word' id='word_1_372' title='bbox 894 2974 941 3010; x_wconf 92' lang='lat'>19</span> <span class='ocrx_word' id='word_1_373' title='bbox 970 2961 1212 3000; x_wconf 85' lang='lat' dir='ltr'>Droselitus</span> <span class='ocrx_word' id='word_1_374' title='bbox 1226 2962 1336 3003; x_wconf 89' lang='lat' dir='ltr'>codd.</span> <span class='ocrx_word' id='word_1_375' title='bbox 1491 2975 1540 3001; x_wconf 87' lang='lat'>21</span> <span class='ocrx_word' id='word_1_376' title='bbox 1574 2962 1814 3013; x_wconf 87' lang='lat' dir='ltr'>OpallusK</span> <span class='ocrx_word' id='word_1_377' title='bbox 1829 2978 1838 3003; x_wconf 95' lang='lat'><strong>:</strong></span> 
     </span>
     <span class='ocr_line' id='line_1_39' title="bbox 102 3010 1841 3068; baseline 0.004 -18"><span class='ocrx_word' id='word_1_378' title='bbox 102 3010 294 3062; x_wconf 89' lang='lat' dir='ltr'>Oppalus</span> <span class='ocrx_word' id='word_1_379' title='bbox 311 3013 422 3052; x_wconf 89' lang='lat' dir='ltr'>BT:</span> <span class='ocrx_word' id='word_1_380' title='bbox 453 3013 662 3064; x_wconf 85' lang='lat' dir='ltr'>Oppallus</span> <span class='ocrx_word' id='word_1_381' title='bbox 683 3013 733 3053; x_wconf 77' lang='lat' dir='ltr'>Cl</span> <span class='ocrx_word' id='word_1_382' title='bbox 840 3017 1113 3055; x_wconf 83' lang='lat' dir='ltr'>adversarum</span> <span class='ocrx_word' id='word_1_383' title='bbox 1132 3015 1178 3053; x_wconf 93' lang='lat' dir='ltr'><em>K</em></span> <span class='ocrx_word' id='word_1_384' title='bbox 1297 3031 1349 3056; x_wconf 81' lang='lat'>22</span> <span class='ocrx_word' id='word_1_385' title='bbox 1377 3016 1463 3068; x_wconf 89' lang='lat' dir='ltr'>est]</span> <span class='ocrx_word' id='word_1_386' title='bbox 1483 3023 1527 3056; x_wconf 86' lang='lat' dir='ltr'>et</span> <span class='ocrx_word' id='word_1_387' title='bbox 1547 3016 1592 3054; x_wconf 90' lang='lat' dir='ltr'><em>K</em></span> <span class='ocrx_word' id='word_1_388' title='bbox 1678 3031 1780 3068; x_wconf 90' lang='lat' dir='ltr'>pura</span> <span class='ocrx_word' id='word_1_389' title='bbox 1796 3018 1841 3056; x_wconf 91' lang='lat' dir='ltr'><em>K</em></span> 
     </span>
     <span class='ocr_line' id='line_1_40' title="bbox 103 3067 1774 3115; baseline 0.004 -11"><span class='ocrx_word' id='word_1_390' title='bbox 103 3079 154 3115; x_wconf 85' lang='lat'>23</span> <span class='ocrx_word' id='word_1_391' title='bbox 182 3067 370 3107; x_wconf 87' lang='lat' dir='ltr'>viriditas</span> <span class='ocrx_word' id='word_1_392' title='bbox 389 3082 470 3107; x_wconf 85' lang='lat' dir='ltr'>om.</span> <span class='ocrx_word' id='word_1_393' title='bbox 493 3067 536 3106; x_wconf 90' lang='lat' dir='ltr'><em>B</em></span> <span class='ocrx_word' id='word_1_394' title='bbox 1771 3087 1774 3091; x_wconf 76' lang='grc'>’</span> 
     </span>
    </p>

    <p class='ocr_par' dir='ltr' id='par_1_6' title="bbox 160 3122 991 3173">
     <span class='ocr_line' id='line_1_41' title="bbox 160 3122 991 3173; baseline 0.004 -14"><span class='ocrx_word' id='word_1_395' title='bbox 160 3122 260 3160; x_wconf 84' lang='lat'>1182</span> <span class='ocrx_word' id='word_1_396' title='bbox 280 3133 310 3160; x_wconf 88' lang='lat'>11</span> <span class='ocrx_word' id='word_1_397' title='bbox 958 3140 991 3173; x_wconf 88' lang='lat'>0</span> 
     </span>
    </p>
   </div>
  </div>
 </body>
</html>
