2176 3424
1094 114 1365 164 ISIDORI

348 250 601 303 argenteas
627 240 678 288 in
706 257 858 290 unum
885 259 1058 305 rogum
1084 244 1330 307 congessit
1356 254 1404 294 et
1429 262 1511 294 eas
1544 245 1795 296 incendit:
1831 247 1899 298 ita
1922 265 1980 298 ex
2006 250 2098 296 hac

348 321 702 373 commixtione
748 323 871 373 fabri
919 327 1220 374 sustulerunt
1268 336 1316 376 et
1363 328 1585 376 fecerunt
1632 329 1933 393 parapsides„
2018 330 2098 380 Sic

349 403 619 454 Corinthea
653 414 768 454 nata
797 415 911 455 sunt
944 423 1002 455 ex
1040 407 1272 457 omnibus
1302 408 1352 457 in
1384 426 1553 470 unum,
1581 427 1675 460 nec
1709 412 1805 460 hoc
1835 429 1927 460 nec
1960 412 2096 462 illud.

349 487 497 535 Vnde
513 496 561 536 et
578 487 800 550 usquein
820 487 1117 537 hodiernum
1137 489 1270 538 diem
1288 489 1388 540 sive
1406 507 1463 540 ex
1482 490 1591 555 ipso
1617 494 1718 542 sive
1744 510 1802 542 ex
1827 493 2101 544 imitatione

348 567 453 618 eius
478 585 561 618 aes
589 568 916 619 Corintheum
942 571 1019 618 vel
1051 571 1322 621 Corinthea
1355 590 1470 622 vasa
1504 573 1748 623 dicuntur.
1822 577 1985 625 Huius
2011 576 2101 627 tria

346 667 525 714 genera
545 671 553 700 :
581 652 851 700 candidum
870 669 1039 713 unum,
1057 654 1122 702 ad
1141 653 1328 716 argenti
1343 653 1557 703 nitorem
1573 657 1819 706 accedens
1837 675 1851 718 3
1874 660 2097 722 alterum,

346 732 396 780 in
434 750 535 796 quo
573 732 724 797 ipsius
760 735 863 782 auri
901 735 1033 783 fulva
1070 744 1243 783 natura
1276 745 1348 785 est
1367 755 1380 797 ;
1417 736 1630 798 tertium,
1662 737 1713 786 in
1747 755 1847 802 quo
1882 739 2101 803 aequalis

294 835 324 881 5
346 824 638 863 cunctorum
665 815 939 878 temperies.
1009 817 1338 866 Coronarium
1365 835 1422 867 ex
1448 820 1635 869 ductile
1660 837 1772 869 aere
1798 829 2026 871 tenuatur
2050 822 2101 871 in

344 896 619 957 lamminas,
648 907 998 961 taurorumque
1031 900 1145 948 felle
1183 899 1392 948 tinctum
1429 901 1645 964 speciem
1679 904 1782 950 auri
1817 902 1869 951 in
1902 903 2098 952 coronis

291 982 326 1028 6
346 978 640 1028 histrionum
657 979 859 1043 praebet
876 999 889 1041 3
915 982 1050 1030 unde
1070 991 1118 1030 et
1133 984 1452 1045 appellatum.
1512 986 1759 1047 Pyropum
1777 985 1948 1048 igneus
1965 987 2100 1034 color

347 1062 550 1109 vocavit.
625 1063 856 1124 Namque
881 1061 932 1109 in
958 1061 1173 1125 singulas
1199 1062 1369 1112 uncias
1396 1063 1520 1113 aeris
1540 1064 1722 1114 additis
1747 1065 1850 1114 auri
1876 1066 2099 1130 scripulis

346 1142 476 1192 senis
506 1142 760 1206 praetenui
786 1143 976 1192 brattea
1005 1142 1210 1207 ignescit
1244 1146 1568 1209 flammasque
1601 1145 1818 1195 imitatur
1835 1165 1848 1207 ;
1883 1149 2018 1197 unde
2052 1158 2100 1197 et

293 1239 322 1289 7
346 1241 589 1288 pyropum
627 1224 820 1274 dicitur.
891 1227 1137 1289 Regulare
1172 1242 1254 1276 aes
1292 1226 1473 1276 dicitur
1508 1229 1645 1290 quod
1680 1228 1745 1277 ab
1777 1228 1884 1277 aliis
1915 1231 2101 1279 ductile

295 1313 326 1359 8
347 1308 635 1370 appellatur,
672 1308 818 1369 quale
854 1323 1004 1356 omne
1047 1307 1283 1370 Cyprium
1322 1317 1409 1357 est.
1486 1310 1684 1358 Ductile
1720 1320 1886 1359 autern
1923 1310 2101 1360 dicitur

346 1405 406 1437 eo
448 1389 585 1452 quod
628 1390 807 1438 malleo
855 1390 1169 1452 producatur,
1215 1389 1340 1438 sicut
1381 1398 1551 1438 contra
1594 1390 1735 1439 fusile
1782 1391 1868 1454 qui
1907 1401 2098 1441 tanturn

345 1470 578 1520 funditur.
622 1473 740 1519 Hoc
761 1479 808 1519 et
825 1454 1095 1519 caldarium
1113 1472 1249 1534 quod
1270 1480 1461 1520 tantum
1483 1471 1716 1521 funditur.
1764 1474 1895 1522 Nam
1912 1473 2099 1523 malleis

344 1551 512 1615 fragile
537 1561 622 1601 est.
697 1552 954 1615 Siquidem
991 1569 1141 1601 omne
1166 1569 1248 1602 aes
1285 1552 1568 1615 diligentius
1594 1556 1809 1618 purgatis
1835 1554 1948 1618 igne
1971 1555 2099 1605 vitiis

287 1647 322 1693 9
343 1633 656 1696 excoctisque
681 1636 899 1697 regulare
925 1634 1143 1683 efficitur.
1201 1636 1516 1698 Campanum
1543 1652 1744 1699 quoque
1770 1636 1896 1686 inter
1918 1654 2101 1700 genera

342 1715 466 1765 aeris
492 1725 693 1765 vocatur
718 1733 746 1764 a
772 1717 1048 1779 Campania
1085 1715 1272 1765 scilicet
1297 1716 1552 1780 provincia
1587 1734 1715 1780 quae
1741 1728 1814 1767 est
1848 1718 1899 1766 in
1927 1718 2099 1768 Italiae

263 1809 322 1844 10
344 1796 579 1860 partibus,
614 1797 907 1846 utensilibus
946 1795 1039 1864 [et]
1075 1797 1202 1847 vasis
1239 1799 1472 1847 omnibus
1511 1799 1926 1861 probatissimum.
1999 1803 2098 1850 Aes

345 1896 495 1928 omne
525 1879 700 1942 frigore
738 1896 918 1943 magno
954 1879 1129 1928 melius
1155 1881 1391 1929 funditur.
1464 1883 1564 1929 Aes
1590 1880 1866 1944 rubiginem
1893 1884 2098 1931 celerius

345 1962 491 2010 trahit
516 1961 609 2010 nisi
635 1963 746 2010 oleo
780 1972 1143 2025 perunguatur3
1180 1961 1358 2010 servari
1391 1971 1557 2011 autem
1586 1964 1636 2011 id
1661 1963 1848 2027 optime
1874 1963 2021 2012 etiam
2047 1964 2098 2012 in

278 2058 322 2091 11
345 2043 532 2107 liquida
568 2043 678 2106 pice
714 2045 930 2093 tradunt.
1005 2047 1140 2093 Inter
1177 2043 1343 2092 omnia
1381 2046 1579 2093 metalla
1614 2061 1697 2093 aes
1733 2044 2097 2094 vocalissimum

344 2137 418 2176 est
457 2135 505 2175 et
546 2125 789 2175 maximae
828 2126 1102 2190 potestatis.
1178 2127 1301 2176 Ideo
1340 2135 1388 2175 et
1429 2143 1584 2176 aenea
1626 2126 1796 2176 limina
1814 2146 1829 2188 3
1874 2129 2008 2178 unde
2049 2138 2098 2177 et

344 2208 587 2272 Vergilius
615 2207 762 2272 (Aen.
787 2225 825 2268 1,
847 2208 997 2274 449):

750 2293 811 2339 In
843 2289 1029 2339 foribus
1066 2291 1217 2339 cardo
1252 2289 1490 2339 stridebat
1525 2289 1675 2338 aenis.

347 2371 499 2435 Origo
524 2371 647 2421 aeris
671 2373 880 2420 cadmea
905 2381 952 2422 et
978 2370 1213 2420 chalcitis.
1286 2373 1617 2434 Purgamenta
1652 2370 1775 2419 aeris
1798 2371 2021 2430 cadmea,
2049 2380 2097 2421 et

270 2467 324 2502 12
345 2469 540 2516 aerugo,
560 2462 608 2502 et
633 2453 756 2503 aeris
776 2454 879 2502 flos.
934 2454 1144 2504 Cadmia
1162 2451 1375 2516 gignitur
1399 2451 1450 2501 in
1476 2453 1787 2502 metallorum
1805 2451 1929 2501 aeris
1947 2461 2097 2517 atque

399 2598 423 2633 4
454 2583 567 2622 unde
598 2596 660 2622 us.
693 2581 763 2621 K:
798 2596 868 2623 un.
901 2596 963 2622 us.
997 2588 1039 2621 et
1068 2582 1110 2620 B
1250 2584 1278 2620 6
1306 2594 1433 2620 unum
1464 2582 1583 2620 caud.
1626 2579 1664 2619 T
1821 2582 1847 2618 8
1878 2581 1952 2633 ex]
1985 2586 2029 2620 et
2063 2579 2102 2618 T

351 2651 401 2677 10
430 2637 638 2677 strionum
658 2637 768 2677 codd.
969 2650 1015 2677 11
1048 2637 1212 2677 additas
1230 2636 1286 2674 Β1
1474 2636 1660 2686 scrupoli
1681 2635 1810 2675 semis
1831 2636 2029 2686 pertenui
2049 2634 2097 2672 K

351 2706 399 2742 13
427 2693 564 2745 quod]
583 2706 689 2743 quae
709 2693 750 2731 Β
982 2704 1029 2741 15
1060 2693 1128 2742 qui
1148 2692 1271 2731 etiam
1295 2691 1330 2729 C
1557 2691 1606 2729 16
1634 2691 1715 2730 hoc
1737 2696 1779 2729 et
1802 2721 1812 2730 .
1835 2720 1845 2730 .
1869 2721 1879 2731 .
1901 2691 2006 2740 frag.
2028 2695 2094 2728 est

2124 605 2144 643 5

2128 1008 2176 1036 10

2128 1416 2172 1457 Ι5

2126 1824 2176 1853 20

2125 2232 2176 2272 25!

346 2761 430 2787 om.
460 2747 498 2786 T
629 2747 814 2799 malleis]
836 2747 963 2786 molle
984 2759 1057 2785 aes
1077 2747 1123 2784 K
1142 2747 1243 2799 (non
1266 2745 1318 2794 C)
1493 2759 1547 2784 20
1576 2745 1739 2785 utensis
1758 2742 1806 2782 K
1940 2751 1984 2783 et
1996 2745 2092 2783 hab.
2171 2785 2176 2788 ,

347 2802 433 2841 ΒΚ
452 2817 460 2841 :
488 2815 568 2842 om.
601 2799 639 2840 T
781 2815 832 2840 22
862 2803 1070 2841 contrahit
1089 2800 1136 2839 K
1153 2804 1255 2852 (non
1277 2800 1330 2852 C)
1425 2799 1488 2851 id]
1508 2801 1561 2840 ad
1581 2798 1628 2837 K
1647 2801 1750 2852 (non
1772 2798 1825 2852 C)
1966 2801 2019 2837 26
2048 2799 2092 2837 in

349 2857 557 2897 coloribus
577 2870 636 2896 ca.
659 2856 869 2896 scribebat
889 2855 935 2894 K
1138 2856 1266 2895 cardo
1287 2854 1431 2894 cardoi
1451 2860 1525 2895 str.
1549 2854 1591 2893 B
1792 2853 1940 2893 aeneis
1960 2853 2092 2893 codd.:

347 2912 468 2952 aenis
492 2911 548 2951 C:
577 2912 670 2951 enis
694 2911 737 2951 U
887 2925 937 2962 27
967 2910 1089 2961 origo
1108 2911 1232 2950 etiam
1256 2909 1291 2949 C
1294 2909 1336 2948 U
1457 2909 1640 2948 cathmia
1660 2907 1740 2950 CK
1745 2905 1783 2946 T
1798 2923 1807 2947 :
1836 2907 1989 2947 catinia
2007 2906 2100 2946 BU

349 2972 392 3005 et
413 2996 423 3006 .
447 2997 457 3007 .
481 2997 489 3006 .
518 2967 692 3006 cadmea
710 2979 792 3006 om.
820 2966 862 3005 U
1159 2963 1375 3015 chalcitis]
1395 2964 1597 3004 calciteos
1617 2961 1726 3002 BT:
1757 2962 2000 3002 calcetheus
2019 2961 2087 3000 K:

349 3022 549 3061 calciteus
567 3021 602 3060 C
678 3019 828 3061 catrnia
842 3021 921 3060 BC
935 3035 944 3060 :
966 3021 1162 3060 cathimia
1184 3017 1243 3058 T:
1262 3032 1347 3058 om.
1373 3019 1418 3058 K
1523 3019 1576 3056 28
1606 3017 1729 3067 origo
1747 3016 1856 3057 codd.
1874 3017 2016 3067 (etiam
2035 3016 2090 3068 C)

350 3081 392 3114 et
412 3090 495 3115 om.
522 3077 556 3115 C
825 3075 948 3124 Purg.
973 3088 1059 3114 aer.
1083 3075 1172 3113 cad.
1197 3080 1240 3114 et
1259 3073 1391 3113 chalc.
1417 3073 1518 3113 Cad.
1541 3084 1701 3121 aerugo
1721 3081 1826 3121 aesta,
1847 3071 1980 3111 chalc.
2001 3083 2088 3111 aer.

350 3130 429 3169 ssos
450 3131 573 3170 Arev.
746 3129 941 3170 Cathmia
963 3128 1107 3170 CKT:
1137 3127 1304 3168 Catmia
1315 3126 1403 3167 ΒΗ

2169 3059 2176 3115 ἑ

2140 3117 2176 3164 ..i

2114 3171 2176 3424 ἢ
