2176 3424
1050 92 1319 143 ISIDORI

308 219 454 266 Vnde
498 230 545 268 et
588 219 807 268 iumenta
857 223 1168 284 appellantur
1209 223 1273 272 ab
1317 239 1377 271 eo
1416 226 1552 286 quod
1590 224 1757 274 iuvent
1798 226 2053 275 homines:

250 307 281 355 8
308 309 421 348 sunt
446 303 578 349 enim
607 319 893 365 magnarum
920 303 1094 352 virium
1120 304 1363 353 animalia.
1439 307 1566 355 Item
1593 323 1793 371 quoque
1816 317 2050 367 armenta,

305 384 382 430 vel
436 385 572 446 quod
624 384 720 433 sint
769 395 884 448 apta
930 385 1090 446 armis,
1141 386 1192 436 id
1242 396 1315 436 est
1369 388 1530 450 be1103
1580 391 1656 438 vel
1705 392 1840 453 quod
1889 390 1964 439 his
2002 391 2050 439 in

306 463 453 518 armis
501 465 696 515 utimur.
789 467 886 515 Alii
936 478 1160 517 armenta
1206 478 1398 518 tanturn
1448 471 1599 520 boves
1647 471 1950 536 intellegunt,
1987 474 2051 522 ab

303 547 503 606 arando,
556 548 696 611 quasi
752 559 1004 598 aramenta
1053 548 1149 616 [vel
1198 554 1334 614 quod
1390 551 1487 601 sint
1549 553 1780 603 cornibus
1828 552 2048 621 armata}
2077 577 2099 617 5

307 629 553 678 Discretio
608 640 681 679 est
733 640 900 680 autem
937 631 1063 680 inter
1097 643 1320 682 armenta
1356 644 1403 683 et
1439 652 1637 698 greges:
1680 653 1794 684 nam
1831 646 2051 685 armenta

303 725 548 772 equorum
598 721 646 760 et
692 713 848 761 boum
897 723 1025 774 sunt,
1074 730 1243 778 greges
1296 732 1410 764 vero
1468 733 1721 780 caprarum
1771 726 1819 766 et
1867 718 2046 766 ovium.

241 806 277 854 9
304 792 426 841 Ovis
474 794 624 842 molle
666 812 816 859 pecus
866 795 1003 856 lanis,
1055 813 1260 860 corpore
1314 799 1515 858 inerme,
1566 799 1734 848 animo
1782 799 2046 863 placidum,

302 875 366 922 ab
403 875 657 925 oblatione
693 877 882 927 dictum
902 898 915 938 3
962 896 1022 928 eo
1059 881 1194 942 quod
1230 882 1364 943 apud
1401 890 1587 930 veteres
1626 880 1720 947 [in]
1759 881 1899 930 initio
1946 899 2048 931 non

300 957 438 1018 tauri,
482 960 568 1008 sed
617 975 733 1009 oves
775 959 825 1008 in
868 960 1107 1009 sacrificio
1144 971 1486 1012 mactarentur.
1579 966 1652 1011 Ex
1689 962 1763 1011 his
1807 966 2047 1026 quasdam
2076 983 2123 1012 10

300 1038 529 1089 bidentes
550 1051 741 1102 vocant,
763 1058 843 1091 eas
865 1059 992 1105 quae
1013 1043 1137 1092 inter
1163 1052 1277 1092 octo
1299 1045 1472 1093 dentes
1493 1046 1617 1094 duos
1634 1045 1829 1094 altiores
1846 1046 2043 1106 habent,

216 1138 274 1173 10
299 1137 421 1183 quas
447 1122 660 1172 maxime
696 1123 903 1186 gentiles
934 1127 985 1173 in
1015 1127 1309 1174 sacrificium
1347 1127 1632 1175 offerebant.
1703 1129 1894 1176 Vervex
1917 1130 1994 1176 vel
2018 1146 2046 1177 a

299 1202 482 1252 viribus
508 1204 684 1266 dictus,
713 1209 850 1268 quod
884 1206 1058 1256 ceteris
1085 1207 1260 1256 ovibus
1287 1208 1347 1257 sit
1373 1208 1542 1257 fortior
1562 1228 1574 1270 3
1612 1211 1687 1258 vel
1713 1210 1849 1272 quod
1875 1211 1935 1258 sit
1960 1210 2043 1271 vir,

298 1283 348 1332 id
375 1294 448 1334 est
482 1289 730 1336 masculus
749 1306 761 1348 ;
797 1290 873 1337 vel
911 1290 1047 1351 quod
1073 1305 1289 1338 vermem
1328 1290 1378 1338 in
1415 1290 1576 1354 capite
1612 1291 1805 1350 habeat,
1834 1308 2043 1354 quorum

297 1367 490 1416 excitati
516 1369 703 1432 pruritu
729 1369 939 1419 invicem
968 1388 1019 1420 se
1044 1371 1348 1433 concutiunt,
1373 1381 1420 1421 et
1435 1383 1710 1436 pugnantes
1731 1389 1844 1421 eum
1865 1391 2044 1437 magno
2071 1388 2118 1428 15

228 1462 274 1496 11
297 1447 485 1513 impetu
530 1451 722 1501 feriunt.
801 1454 942 1501 Aries
986 1455 1062 1502 vel
1111 1456 1204 1503 ἀπὸ
1251 1459 1332 1504 τοῦ
1372 1454 1551 1518 Ἄρεος,
1594 1455 1645 1504 id
1685 1465 1758 1504 est
1797 1472 1826 1503 a
1868 1457 2044 1515 Marte,

296 1543 499 1582 vocatus
523 1552 532 1582 ε
570 1535 704 1583 unde
728 1536 863 1598 apud
890 1552 980 1583 nos
1007 1535 1057 1583 in
1082 1537 1310 1600 gregibus
1349 1537 1553 1585 masculi
1590 1554 1747 1586 mares
1783 1536 2042 1586 dicuntur:

296 1613 397 1663 sive
423 1617 560 1678 quod
587 1617 683 1665 hoc
708 1633 859 1679 pecus
885 1633 913 1665 a
938 1617 1203 1680 gentilibus
1230 1621 1443 1682 primurn
1475 1620 1567 1667 aris
1605 1629 1677 1668 est
1715 1620 2039 1669 immolatum.

298 1697 452 1757 Aries,
482 1699 618 1761 quod
645 1698 964 1762 inponeretur
988 1699 1098 1749 ariS.
1170 1702 1318 1750 Vnde
1345 1711 1418 1750 est
1455 1701 1578 1749 illud
1614 1700 1804 1765 (Sedul.
1833 1719 1870 1761 1,
1897 1701 2040 1766 115):

814 1781 955 1830 Aries
994 1791 1233 1831 mactatur
1267 1785 1332 1831 ad
1367 1800 1515 1831 aram.
2065 1796 2116 1823 20

215 1880 268 1914 12
292 1863 492 1925 Agnum
537 1878 841 1926 quamquam
891 1872 938 1911 et
987 1863 1162 1912 Graeci
1212 1874 1390 1913 vocent
1438 1867 1530 1913 ἀπὸ
1577 1869 1658 1914 τοῦ
1706 1869 1862 1931 ἁγνοῦ,
1899 1867 2038 1927 quasi

290 1943 440 2005 pium,
471 1943 635 1992 Latini
665 1954 831 1994 autem
869 1946 983 1994 ideo
1019 1946 1116 1994 hoc
1152 1962 1339 1995 nomen
1375 1946 1558 1995 habere
1592 1955 1779 2010 putant,
1810 1963 1869 1995 eo
1901 1948 2038 2010 quod

290 2041 405 2087 prae
443 2025 616 2074 ceteris
653 2026 989 2075 animantibus
1027 2036 1234 2076 matrem
1272 2037 1539 2091 agnoscat3
1576 2029 1704 2077 adeo
1734 2037 1787 2076 ut
1818 2027 1966 2077 etiam
1997 2029 2036 2078 si

289 2105 338 2153 in
383 2123 563 2171 magno
605 2124 750 2171 grege
793 2108 1033 2168 erraverit,
1076 2108 1241 2157 statim
1280 2108 1448 2158 balatu
1497 2119 1818 2173 recognoscat
1859 2126 2033 2159 vocem

213 2200 266 2247 13
289 2190 518 2251 parentis.
593 2190 760 2239 Haedi
797 2190 860 2238 ab
898 2192 1097 2239 edendo
1130 2190 1304 2239 vocati.
1379 2191 1521 2240 Parvi
1558 2191 1690 2240 enim
1726 2191 2032 2255 pinguissimi
2060 2204 2110 2246 25

288 2280 401 2318 sunt
437 2281 485 2320 et
522 2272 708 2335 saporis
748 2272 967 2332 iucundi,
1009 2274 1143 2321 unde
1194 2270 1262 2338 [et
1305 2273 1463 2332 edere,
1510 2271 1666 2339 unde]
1717 2283 1764 2322 et
1812 2274 2033 2322 edulium

345 2413 361 2438 1
395 2400 568 2439 iubenta
598 2399 634 2437 T
753 2414 778 2439 2
809 2414 878 2442 en.
899 2415 923 2440 e
946 2414 1086 2451 magn.
1108 2401 1154 2439 K
1264 2401 1379 2440 Idem
1403 2401 1540 2441 C1TU
1554 2403 1656 2453 (non
1680 2401 1748 2455 X)
1878 2414 1904 2451 3
1936 2407 2032 2441 sunt

291 2456 327 2496 C
432 2456 578 2494 abarta
598 2455 639 2493 Β
751 2470 776 2505 4
805 2457 936 2495 utitur
955 2455 1007 2495 C1
1115 2457 1185 2494 alii
1206 2470 1255 2495 ex
1279 2456 1363 2494 alia
1391 2456 1429 2495 T
1552 2469 1576 2506 5
1606 2458 1672 2496 vel
1693 2458 1806 2507 quod
1828 2486 1838 2496 .
1861 2488 1870 2497 .
1896 2488 1905 2496 .
1926 2469 2030 2496 arm.

285 2510 378 2549 hab.
397 2508 578 2560 T(corn.
597 2510 713 2560 apta)
735 2510 841 2551 UX:
862 2525 944 2550 om.
960 2510 1124 2550 BCKO
1234 2512 1259 2549 8
1281 2511 1445 2561 placido
1459 2511 1505 2549 K
1610 2525 1636 2561 9
1657 2513 1698 2550 in
1713 2511 1805 2551 hab.
1828 2510 1926 2550 CK:
1948 2525 2029 2552 om.

285 2564 372 2603 ΒΤ
481 2577 530 2603 10
559 2566 738 2614 quadam
767 2566 805 2604 T
914 2579 958 2604 11
991 2579 1065 2605 eas
1086 2567 1214 2618 quae]
1233 2579 1284 2604 eo
1301 2567 1413 2616 quod
1435 2565 1476 2602 Β
1590 2579 1637 2604 12
1667 2580 1772 2616 quos
1792 2566 1830 2604 T
1904 2567 2032 2605 sacri-

286 2620 382 2658 ficio
417 2619 463 2657 K
568 2619 740 2658 Verbex
773 2620 813 2658 Β
838 2634 846 2660 ;
887 2621 1050 2659 Verbix
1086 2620 1191 2660 CT:
1235 2620 1397 2659 Berbix
1431 2619 1477 2657 K
1640 2634 1687 2670 14
1717 2622 1758 2660 id
1794 2620 1880 2673 est]
1913 2626 1955 2660 et
1989 2621 2036 2659 K

285 2687 451 2713 vermes
479 2674 558 2713 CK
664 2675 849 2714 habeant
882 2675 919 2712 T
1024 2688 1071 2725 15
1102 2676 1262 2725 proritu
1291 2675 1342 2714 T:
1374 2675 1596 2725 prurinatu
1626 2675 1676 2714 Cl
1787 2678 1839 2714 16
1869 2676 2025 2726 Marte]

285 2730 445 2768 maiore
459 2728 504 2767 K
615 2741 662 2778 17
685 2742 753 2769 un.
770 2735 813 2768 et
829 2743 896 2780 ap.
911 2729 957 2767 K
1065 2743 1169 2770 mas.
1186 2730 1229 2767 in
1242 2743 1303 2779 gr.
1325 2729 1362 2768 C
1470 2731 1518 2768 18
1538 2731 1628 2769 sive
1640 2731 1753 2780 quod
1775 2761 1782 2769 .
1805 2760 1815 2770 .
1841 2761 1850 2769 .
1873 2730 2027 2768 immol.

284 2797 367 2824 om.
397 2783 546 2833 T(n0n
567 2783 624 2835 U)
748 2786 844 2834 quia
868 2784 903 2823 C
1010 2798 1071 2835 pr.
1092 2785 1177 2823 aris
1195 2784 1237 2822 Β
1348 2797 1396 2834 19
1415 2797 1472 2824 ar.
1491 2798 1590 2834 ergo
1610 2787 1724 2834 quod
1746 2785 1791 2823 K
1896 2797 2027 2834 pone-

286 2845 401 2877 retur
429 2838 506 2877 TU
610 2838 745 2890 unde]
767 2840 875 2878 sicut
895 2839 940 2877 K
1103 2852 1151 2877 21
1185 2839 1461 2891 quamquam]
1482 2852 1649 2890 quoque
1671 2839 1717 2877 K
1822 2845 1863 2877 et
1884 2852 1966 2877 om.
1988 2838 2030 2876 Β

284 2906 336 2931 22
367 2906 594 2932 nomomen
616 2892 662 2932 K
796 2906 848 2943 23
877 2894 1001 2946 prae]
1017 2894 1071 2933 de
1091 2893 1137 2931 K
1243 2894 1373 2933 anim.
1396 2895 1432 2932 is
1452 2900 1570 2933 matr.
1595 2893 1631 2932 C
1736 2905 1786 2942 25
1817 2893 1894 2932 Edi
1915 2893 2025 2933 codd.

286 2948 421 2998 (Hedi
451 2947 504 3000 T)
525 2952 560 2986 et
576 2947 677 2987 Isid.
803 2949 958 2988 edendi
987 2949 1024 2986 T
1179 2950 1232 2986 26
1262 2949 1376 2987 unde
1395 2955 1438 2988 et
1460 2949 1572 2988 edul.
1592 2947 1656 2987 K:
1688 2949 1800 2986 unde
1826 2955 1868 2987 et
1898 2949 2026 2987 edere

285 3003 396 3041 edul.
429 3002 485 3040 T:
516 3003 628 3041 unde
658 3008 700 3041 et
729 3002 856 3041 edere
886 3004 1089 3053 (hederae
1117 3002 1228 3056 edd.)
1248 3004 1359 3042 unde
1380 3003 1501 3056 (inde
1521 3001 1579 3054 Β)
1603 3008 1645 3041 et
1665 3003 1774 3042 edul.
1795 3002 1918 3042 BCU
