2228 3444
430 147 1062 196 ETYMOLOGIARVM
1102 147 1233 194 LIB.
1273 146 1371 193 III.
1410 144 1562 193 xliii-l

127 278 300 326 dicunt
318 279 447 326 viam
473 293 580 326 esse
600 293 696 340 qua
721 276 892 325 circuit
918 277 1010 336 sol,
1029 283 1077 324 et
1097 292 1156 324 ex
1182 274 1458 338 splendoris
1485 276 1639 338 ipsius
1666 272 1870 324 transitu

126 360 192 408 ita
217 361 394 411 lucere.

261 443 345 489 DE
381 455 754 494 MAGNITVDINE
790 454 943 488 SOLIS.
1019 440 1318 502 Magnitudo
1356 440 1472 487 solis
1509 439 1680 487 fortior
1718 447 1871 487 terrae
1893 443 2055 482 XLVII

126 531 216 583 est,
240 524 373 572 unde
399 532 447 572 et
478 524 656 572 eodem
686 531 955 582 momento,
984 538 1138 584 quum
1170 522 1338 581 oritur,
1362 529 1410 569 et
1444 521 1619 569 orienti
1653 521 1798 569 simul
1825 531 1872 570 et

78 625 99 664 5
125 605 371 654 occidenti
412 604 679 668 aequaliter
717 612 932 666 apparet.
1007 604 1160 664 Quod
1197 619 1312 652 vero
1349 611 1604 665 tamquam
1644 601 1871 652 cubitalis

124 687 267 735 nobis
294 687 499 746 videtur,
527 687 840 734 considerare
870 694 1064 748 oportet
1090 694 1331 747 quantum
1369 686 1441 733 sol
1476 685 1624 733 distat
1658 701 1694 750 a·
1717 686 1867 745 terris,

124 785 250 831 quae
276 769 534 832 longitudo
559 769 673 816 facit
699 777 752 816 ut
776 784 952 831 parvus
980 768 1201 816 videatur
1225 784 1253 815 a
1279 767 1438 815 nobis.

262 854 342 899 DE
365 865 739 898 MAGNITVDINE
761 865 946 898 LVNAE.
1006 850 1306 912 Magnitudo
1323 865 1524 912 quoque
1544 850 1690 897 lunae
1711 848 1871 898 minor
1894 858 2078 898 XLVIII

122 934 272 981 fertur
303 949 410 981 esse
446 949 594 995 quam
628 933 756 981 solis.
831 935 963 981 Nam
997 933 1116 980 dum
1152 934 1225 980 sol
1259 933 1480 995 superior
1516 933 1576 980 sit
1608 949 1636 980 a
1664 932 1799 992 luna,
1823 941 1871 980 et

50 1034 97 1061 10
122 1024 287 1063 tamen
313 1032 340 1063 a
366 1015 510 1063 nobis
531 1016 686 1063 maior
705 1031 854 1077 quam
874 1016 992 1063 luna
1010 1014 1217 1074 videtur,
1238 1014 1335 1062 iam
1362 1013 1401 1063 si
1422 1030 1575 1077 prope
1594 1029 1685 1062 nos
1711 1030 1871 1062 acces-

122 1097 275 1156 sisset,
305 1099 461 1145 multo
487 1099 642 1145 maior
667 1114 816 1160 quam
847 1098 964 1146 luna
989 1098 1370 1160 conspiceretur.
1443 1098 1580 1146 Sicut
1604 1105 1769 1145 autem
1797 1098 1870 1145 sol

121 1178 290 1226 fortior
315 1188 388 1228 est
413 1188 581 1239 terrae,
603 1181 669 1228 ita
693 1188 818 1228 terra
840 1181 1007 1229 fortior
1028 1177 1147 1246 [est]
1168 1181 1315 1228 lunae
1334 1195 1420 1242 per
1443 1180 1660 1241 aliquam
1681 1180 1869 1240 quanti-

118 1269 284 1309 tatem.

255 1345 340 1391 DE
365 1358 577 1391 NATVRA
605 1358 759 1392 soms.
833 1345 916 1392 Sol
951 1345 1071 1392 dum
1105 1345 1276 1407 igneus
1303 1345 1383 1404 sit,
1407 1360 1522 1406 prae
1548 1343 1703 1391 nimio
1729 1352 1868 1391 motu
1893 1345 2038 1384 XLIX

49 1442 93 1481 15
120 1427 456 1474 conversionis
506 1441 623 1474 suae
667 1427 878 1488 amplius
929 1425 1193 1474 incalescit.
1283 1425 1438 1476 Cuius
1487 1425 1651 1488 ignem
1695 1426 1868 1473 dicunt

119 1507 401 1570 philosophi
420 1524 548 1570 aqua
569 1509 752 1567 nutriri,
773 1517 820 1556 et
841 1524 867 1556 e
888 1507 1131 1556 contrario
1152 1509 1399 1556 elemento
1419 1507 1646 1556 virtutem
1667 1506 1867 1555 luminis

118 1597 166 1636 et
186 1591 359 1638 caloris
379 1589 615 1653 accipere.
678 1591 826 1639 Vnde
845 1589 1070 1638 videmus
1091 1607 1203 1638 eum
1226 1591 1420 1652 saepius
1439 1588 1696 1638 madidum
1716 1596 1867 1650 atque

116 1680 377 1720 rorantem.

254 1755 336 1801 DE
369 1768 533 1803 CVRsv
567 1768 720 1802 sous.
793 1754 959 1803 Solem
994 1770 1079 1816 per
1113 1770 1164 1803 se
1198 1753 1359 1817 ipsum
1396 1755 1596 1815 moveri,
1623 1770 1724 1802 non
1750 1769 1864 1802 cum
1890 1759 1923 1797 L

42 1850 95 1877 20
118 1836 307 1884 mundo
326 1837 460 1885 verti.
536 1838 667 1884 Nam
688 1837 727 1885 si
748 1837 869 1884 fixus
889 1836 1028 1884 caelo
1047 1844 1287 1896 maneret,
1302 1852 1475 1885 omnes
1497 1837 1603 1885 dies
1625 1845 1672 1885 et
1692 1845 1864 1884 noctes

115 1918 345 1979 aequales
372 1917 634 1967 existerent
654 1937 666 1979 3
703 1920 790 1967 sed
810 1919 1046 1981 quoniam
1064 1919 1160 1967 alio
1180 1919 1293 1966 loco
1312 1935 1417 1967 cras
1438 1934 1744 1979 occasurum,
1766 1919 1863 1966 alio

113 1998 355 2047 occidisse
381 2001 613 2049 hesterno
638 2002 878 2058 videmus,
907 2008 1108 2062 apparet
1134 2016 1246 2048 eum
1275 2016 1360 2062 per
1394 2016 1447 2048 se
1472 2001 1635 2062 ipsum
1661 2001 1865 2060 moveri,

111 2095 212 2127 non
233 2097 346 2128 cum
368 2083 558 2130 mundo
578 2082 713 2130 verti.
780 2080 959 2144 Spatiis
981 2080 1111 2129 enim
1138 2082 1481 2144 inaequalibus
1502 2082 1645 2130 orbes
1668 2099 1861 2132 annuos

111 2162 312 2210 conficit
354 2171 554 2225 propter
601 2172 880 2226 temporum
929 2162 1240 2212 mutationes,
1330 2165 1508 2213 Oriens
1552 2165 1684 2213 diem
1728 2166 1862 2227 facit,

39 2257 86 2297 25
112 2245 346 2294 occidens
378 2254 574 2294 noctem
611 2247 814 2295 inducit.
889 2247 1020 2294 Nam
1052 2247 1237 2294 vadens
1269 2248 1463 2308 longius
1499 2247 1563 2294 ad
1601 2248 1857 2296 meridiem
1882 2256 1913 2290 2

167 2387 184 2411 1
217 2375 320 2427 qua]
341 2388 449 2426 quae
471 2375 539 2414 K:
569 2388 651 2426 que
675 2375 724 2414 61
844 2377 1141 2427 splendoribus
1157 2376 1203 2414 K
1220 2377 1344 2417 Phill.
1372 2379 1469 2426 1831
1493 2391 1501 2415 :
1530 2377 1599 2416 his
1619 2377 1858 2427 splendori-

109 2429 185 2468 bus
208 2428 255 2468 C¹
408 2443 433 2479 3
464 2436 529 2469 est
550 2436 690 2469 terrac
711 2431 757 2469 K
772 2431 898 2472 Plu'll.
922 2433 1021 2480 1831
1050 2431 1099 2471 61
1122 2431 1226 2479 (non
1247 2432 1308 2483 A)
1455 2446 1480 2481 4
1510 2445 1639 2482 quum
1661 2434 1795 2471 oritur
1815 2440 1857 2472 et

109 2497 191 2524 om.
216 2484 263 2522 K
278 2484 401 2524 Phill.
429 2486 526 2535 1831
551 2488 655 2537 (non
676 2486 739 2537 A)
758 2500 767 2525 :
798 2487 933 2525 oritur
953 2494 995 2525 et
1015 2500 1096 2524 om.
1122 2485 1173 2525 C1
1243 2491 1246 2494 ⁴
1365 2489 1391 2525 6
1420 2487 1543 2525 nobis
1563 2500 1647 2527 om.
1667 2487 1714 2525 K
1729 2487 1855 2528 Phill.

112 2539 212 2588 1831
239 2538 290 2577 61
310 2540 412 2590 (non
433 2539 496 2591 A)
701 2547 905 2590 quantum
928 2541 1079 2579 ABT:
1109 2547 1208 2590 qfim
1231 2541 1316 2591 (τῖε.
1337 2541 1557 2592 quoniam)
1578 2541 1649 2581 K:
1676 2543 1744 2592 qffi
1771 2543 1812 2593 (i.
1825 2557 1853 2582 e.

109 2593 325 2644 quoniam)
350 2593 427 2632 Cl:
454 2608 579 2644 quam
599 2595 743 2635 Phia}
767 2597 864 2645 1831
1007 2596 1071 2635 sol
1087 2609 1169 2635 om.
1186 2596 1364 2635 KPln‘ll.
1389 2598 1489 2646 1831
1518 2595 1568 2634 61
1695 2598 1721 2635 8
1749 2610 1852 2646 quo-

107 2661 188 2697 que
209 2662 290 2688 om.
310 2648 496 2688 Kth'll.
524 2651 623 2699 1831
651 2649 685 2688 6
701 2651 805 2702 (non
826 2651 889 2703 A)
996 2664 1023 2700 9
1052 2650 1176 2702 solis]
1198 2651 1262 2690 sol
1289 2650 1374 2690 TC1
1458 2652 1555 2690 dum
1576 2651 1726 2690 ABT:
1760 2665 1851 2690 cum

111 2702 188 2740 CK
269 2710 310 2742 et
331 2717 412 2742 om.
435 2703 618 2743 KPhill.
649 2707 747 2754 1831
775 2704 810 2743 C
918 2718 967 2744 10
996 2705 1157 2757 tamen]
1177 2719 1263 2751 non
1284 2706 1326 2743 A
1402 2706 1482 2744 iam
1501 2706 1609 2746 BT:
1638 2719 1734 2745 nam
1756 2705 1854 2744 KC1

107 2770 186 2796 nos
202 2757 307 2796 BT:
331 2758 454 2798 nobis
467 2758 550 2797 KC
657 2772 702 2797 11
734 2766 873 2799 autem
889 2773 970 2799 om.
987 2759 1085 2798 Κ61
1197 2774 1244 2798 12
1271 2766 1336 2800 est
1350 2774 1433 2801 om.
1450 2760 1507 2798 Β1
1591 2766 1730 2799 terrae
1745 2760 1848 2800 BT:

107 2817 219 2850 terra
238 2812 366 2851 ACK
490 2813 549 2852 ita
570 2814 664 2854 fort.
691 2816 791 2865 (om.
813 2816 948 2866 terra)
973 2814 1031 2854 C:
1060 2816 1118 2855 ita
1139 2821 1181 2854 et
1201 2822 1229 2855 t.
1254 2815 1350 2856 fort.
1367 2816 1408 2854 Β
1542 2822 1608 2855 est
1627 2816 1718 2854 hab.
1746 2814 1849 2854 CK:

107 2879 188 2906 om.
205 2866 340 2906 ABT
415 2867 540 2907 lunae
555 2869 659 2907 BT:
680 2869 780 2908 luna
796 2869 922 2907 ACK
1053 2883 1099 2920 17
1121 2877 1249 2920 atque
1260 2870 1361 2909 BT:
1380 2884 1428 2909 ac
1452 2869 1530 2908 CK
1640 2871 1687 2907 18
1710 2875 1847 2907 rotan-

107 2926 192 2959 tem
217 2921 252 2959 C
379 2935 428 2973 19
456 2935 504 2962 se
524 2937 608 2963 om.
637 2923 687 2961 61
803 2937 851 2963 21
883 2925 1081 2974 quoniam
1101 2925 1208 2964 BT:
1239 2938 1331 2964 cum
1357 2925 1434 2963 CK
1557 2938 1609 2962 22
1638 2924 1848 2964 occidisse

105 2988 190 3015 om.
215 2975 293 3014 CK
399 2982 571 3017 esterno
592 2978 659 3017 K:
689 2983 869 3018 externo
889 2979 970 3017 BC
974 2980 1011 3018 T
1114 2979 1230 3032 eum]
1251 2980 1362 3019 enirn
1382 2981 1424 3019 Β
1544 2992 1596 3027 24
1617 2979 1848 3017 conficeret

109 3028 161 3067 61
296 3031 439 3070 oriens
461 3063 471 3071 .
494 3061 505 3071 .
530 3063 540 3073 .
563 3033 722 3073 inducit
741 3047 824 3073 om.
852 3033 1009 3086 T(non
1036 3034 1077 3072 V
1092 3034 1193 3085 Col.)
1365 3047 1418 3084 25
1458 3034 1653 3073 vadendo
1673 3034 1801 3082 longe
1820 3047 1845 3072 a

104 3086 223 3134 (corr.
246 3085 318 3138 ad)
339 3086 515 3126 meridie
537 3087 574 3126 C
