2176 3424
413 134 1043 183 ETYMOLOGIARVM
1084 135 1212 181 LIB.
1253 136 1339 182 IX.
1381 134 1427 194 ii,
1462 134 1512 182 iii

86 282 252 328 regum
292 265 552 328 superbam
597 263 988 313 dominationem
1032 282 1132 313 non
1182 266 1375 324 ferrent,
1420 281 1585 313 annua
1632 264 1837 329 imperia

86 346 329 409 binosque
365 348 593 395 consules
643 345 736 394 sibi
785 349 1018 395 fecerunt.
1095 349 1224 396 Nam
1274 349 1453 396 fastum
1496 346 1683 410 regium
1732 365 1835 396 non

85 427 417 480 benivolentia
449 427 766 487 consulentis,
795 429 882 477 sed
916 428 1146 491 superbia
1179 428 1480 478 dominantis
1506 438 1622 478 erat.
1697 429 1833 478 Hinc

83 508 227 572 igitur
251 511 477 558 consules
503 509 748 572 appellati,
776 511 852 558 vel
877 527 905 558 a
921 512 1229 560 consulendo
1248 510 1451 569 civibus,
1471 513 1547 559 vel
1572 527 1600 559 a
1616 513 1832 574 regendo

37 615 59 655 5
82 600 260 638 cuncta
285 590 506 638 consilio.
561 592 701 652 Quos
719 599 883 639 tamen
904 590 1018 639 ideo
1035 594 1300 641 mutandos
1326 609 1412 655 per
1430 609 1587 641 annos
1613 594 1831 656 singulos
1857 612 1884 659 7

81 672 342 734 elegerunt,
363 680 415 720 ut
431 687 523 720 nec
544 673 760 720 insolens
778 671 863 720 diu
883 683 1116 733 maneret,
1138 682 1185 722 et
1202 673 1501 723 moderatior
1521 672 1832 723 cito‘succur-

79 762 216 802 reret.
292 755 418 802 Inde
441 762 606 802 autem
633 755 735 802 duo
759 769 913 817 pareS,
936 754 1051 816 quia
1076 772 1203 804 unus
1229 772 1331 804 rem
1357 754 1564 815 civilem,
1591 758 1713 806 alter
1727 774 1828 806 rem

80 834 336 884 militarem
362 834 783 884 administrabant.
860 839 1210 899 Regnaverunt
1234 847 1401 886 autem
1427 839 1568 886 annis
1602 838 1830 902 quadrin-

77 917 235 978 gentis
261 915 508 979 sexaginta
533 925 737 980 septem.
790 919 1119 966 Proconsules
1144 918 1335 968 suffecti
1360 927 1497 967 erant
1523 919 1824 981 consulibus,
1852 919 1882 965 8

15 1015 58 1042 -10
79 1006 126 1046 et
152 997 270 1046 dicti
294 999 613 1060 proconsules
644 1015 704 1046 eo
735 999 870 1060 quod
903 998 1061 1047 vicem
1093 1000 1309 1049 consulis
1343 1002 1674 1064 fungerentur,
1703 1001 1828 1051 sicut

77 1088 358 1141 procurator
381 1078 603 1138 curatori,
625 1078 676 1127 id
696 1088 767 1127 est
791 1080 958 1127 actori.
1014 1082 1319 1130 Exconsules
1343 1091 1507 1131 autem
1535 1082 1668 1144 dicti,
1690 1085 1827 1147 quod
1851 1097 1886 1144 9

77 1159 172 1208 iarn
209 1178 237 1208 a
273 1162 532 1210 consulatu
574 1160 789 1219 exierint,
835 1160 935 1209 sive
972 1161 1285 1211 discesserint
1321 1174 1521 1227 peracto
1556 1164 1675 1214 vicis
1710 1182 1826 1214 suae

75 1259 219 1290 anno.
296 1242 573 1292 Dictatores
597 1242 771 1305 quinto
796 1260 928 1291 anno
946 1253 1057 1307 post
1077 1262 1213 1307 reges
1233 1247 1461 1309 expulsos
1488 1246 1706 1295 Romani
1732 1247 1825 1297 sibi
1846 1260 1902 1296 10

75 1333 372 1383 creaverunt,
395 1326 513 1373 dum
530 1340 678 1387 gener
697 1324 953 1387 Tarquinii
967 1327 1031 1374 ad
1050 1325 1277 1374 iniuriam
1298 1328 1454 1377 soceri
1475 1327 1822 1378 vindicandam

19 1425 53 1465 :5
76 1407 325 1468 ingentem
364 1408 598 1454 adversus
639 1409 854 1454 Romam
899 1407 1175 1471 collegisset
1215 1409 1496 1458 exercitum.
1573 1410 1645 1458 Hi
1681 1411 1822 1475 quin·
1846 1426 1888 1460 11

75 1487 276 1550 quennii
303 1488 534 1552 temporis
560 1488 766 1551 imperio
800 1489 1076 1537 utebantur.
1152 1492 1268 1539 Plus
1302 1491 1434 1539 enirn
1462 1502 1598 1540 erant
1635 1494 1824 1542 honore

75 1586 222 1632 quarn
249 1573 491 1631 consules,
519 1573 603 1633 qui
627 1588 816 1619 annuas
842 1580 1109 1633 potestates
1135 1572 1385 1620 tenebant.
1443 1575 1506 1621 Et
1531 1575 1648 1622 dicti
1675 1574 1826 1623 dicta-

74 1656 216 1708 tores,
245 1648 384 1712 quasi
408 1649 653 1713 principes
680 1658 728 1697 et
753 1659 1110 1712 praeceptores.
1174 1652 1322 1699 Vnde
1342 1660 1389 1699 et
1411 1651 1627 1715 magistri
1653 1653 1823 1716 populi

74 1729 472 1779 nominabantur.
545 1732 693 1779 Vnde
719 1740 766 1779 et
792 1730 955 1780 edicta
981 1730 1225 1780 dicuntur.
1289 1733 1558 1783 Caesarum
1585 1751 1770 1784 nomen
1795 1754 1824 1784 a
1844 1754 1900 1792 12

10 1833 53 1859 ¹20
77 1810 204 1859 Iulio
230 1811 406 1875 coepit,
435 1811 519 1874 qui
546 1812 677 1860 bello
710 1811 838 1860 civili
866 1822 1120 1862 commoto
1146 1813 1332 1877 primus
1361 1817 1704 1865 Romanorum
1731 1820 1823 1866 sin-

71 1894 287 1955 gularem
308 1892 520 1956 optinuit
539 1893 885 1957 principatum.
938 1895 1119 1944 Caesar
1134 1904 1300 1943 autem
1322 1895 1497 1957 dictus,
1521 1900 1657 1961 quod
1678 1916 1823 1948 caeso

74 1984 293 2023 mortuae
319 1976 483 2023 matris
514 1984 653 2023 utero
684 1976 902 2038 prolatus
933 1977 1242 2039 eductusque
1275 1977 1431 2037 fuerit,
1459 1981 1534 2027 vel
1561 1979 1675 2043 quia
1707 1997 1820 2029 cum

72 2055 283 2104 caesarie
313 2065 456 2104 natus
492 2055 565 2104 sit.
640 2060 685 2104 A
715 2074 815 2120 quo
852 2066 900 2106 et
930 2056 1247 2120 imperatores
1284 2070 1547 2121 sequentes
1586 2063 1822 2112 Caesares

72 2135 203 2194 dicti,
245 2153 304 2185 eo
341 2139 475 2200 quod
508 2137 689 2187 comati
729 2147 904 2187 essent.
981 2138 1081 2200 Qui
1112 2139 1244 2188 enim
1270 2151 1442 2189 execto
1472 2151 1612 2191 utero
1646 2143 1822 2193 exime-

0 2217 261 2278 ·pffbantur,
291 2220 542 2268 Caesones
568 2228 616 2267 et
642 2221 878 2270 Caesares
904 2220 1293 2284 appellabantur.
1350 2222 1506 2272 Iulius
1530 2234 1697 2274 autem
1724 2226 1822 2274 dic·
1843 2244 1895 2291 13

71 2307 162 2360 tus,
202 2298 318 2361 quia
354 2300 417 2348 ab
459 2302 570 2349 Iulo
611 2303 810 2350 Aeneae
850 2301 950 2350 filio
989 2301 1227 2365 originem
1271 2303 1422 2364 duxit,
1467 2315 1520 2354 ut
1562 2309 1822 2357 confirmat

71 2379 312 2442 Vergilius
340 2379 486 2444 (Aen.
513 2400 551 2442 1,
574 2382 689 2447 288)
713 2403 721 2432 :
1672 2416 1691 2431 s

371 2462 540 2524 Iulius,
577 2481 607 2512 a
642 2481 822 2528 magno
858 2464 1130 2514 demissum
1168 2483 1351 2515 nomen
1390 2470 1517 2516 Iulo.
1671 2460 1683 2477 ‘

1759 2534 1788 2551 s

132 2605 148 2630 1
181 2606 326 2642 regem
354 2593 410 2632 T:
444 2606 616 2642 regnum
639 2594 691 2632 61
847 2596 1086 2645 superbiam
1110 2596 1145 2634 C
1306 2597 1445 2636 ferent
1469 2598 1519 2636 61
1686 2613 1711 2638 2
1740 2600 1818 2638 sibi

73 2659 154 2686 om.
181 2646 228 2685 K
390 2647 500 2686 fastu
522 2649 643 2698 regio
664 2647 732 2687 K:
761 2649 914 2688 festum
936 2650 1096 2700 regium
1127 2651 1164 2689 T
1335 2666 1361 2702 3
1391 2653 1492 2691 boni
1512 2653 1700 2692 volentia
1722 2654 1823 2692 B1T

74 2703 269 2740 consules
289 2702 365 2740 sed
387 2715 479 2751 sup.
505 2703 772 2751 dampnantis
797 2704 848 2742 61
1014 2719 1038 2753 4
1068 2719 1092 2743 a
1112 2705 1244 2743 rendo
1265 2705 1319 2743 Bl
1581 2722 1602 2758 7
1634 2708 1752 2759 inde]
1775 2710 1818 2746 in

74 2756 153 2794 deo
177 2755 226 2794 61
336 2757 419 2795 alte
439 2769 528 2794 rem
557 2756 634 2795 T1:
663 2757 839 2796 alteram
863 2759 911 2798 61
1041 2761 1067 2797 8
1096 2759 1415 2799 administrabat
1433 2762 1555 2801 BCT
1664 2776 1710 2800 ιο
1742 2763 1819 2800 fin-

75 2816 276 2858 gerentur
302 2809 362 2848 T:
392 2810 639 2860 fugerentur
661 2811 712 2850 61
826 2825 871 2851 11
909 2815 1114 2852 curatoris
1137 2814 1179 2852 id
1201 2821 1265 2853 est
1287 2816 1441 2856 actoris
1470 2816 1516 2854 K
1625 2829 1673 2856 12
1704 2818 1819 2856 exie-

74 2869 168 2903 rent
189 2864 240 2903 61
258 2878 268 2903 :
297 2865 495 2904 exierunt
514 2865 560 2903 K
737 2867 1021 2907 discesserent
1045 2868 1095 2907 61
1116 2881 1125 2906 2
1156 2869 1446 2909 discesserunt
1467 2871 1514 2908 K
1687 2884 1734 2919 14
1766 2872 1818 2910 ad

74 2917 219 2956 iuriam
242 2918 292 2957 61
460 2932 506 2970 15
538 2920 596 2958 Hi
618 2934 700 2960 om.
728 2921 777 2959 61
946 2936 995 2972 19
1023 2922 1112 2974 ed.]
1136 2923 1248 2962 dicta
1275 2923 1312 2962 T
1443 2938 1497 2963 20
1528 2931 1761 2964 commotus
1780 2925 1826 2964 K

75 2984 291 3011 romanum
318 2973 388 3013 TC
495 2988 546 3013 22
565 2974 632 3014 vel
653 2976 765 3025 quod
785 2975 870 3015 BT
975 2990 1027 3026 24
1047 2983 1200 3016 exacto
1219 2978 1328 3018 codd.
1446 2982 1498 3018 26
1527 2980 1597 3029 qui
1618 2979 1710 3018 BCl
1768 2981 1820 3019 ab

74 3026 175 3064 iulio
195 3025 282 3064 ΒΚ
286 3027 322 3065 T
482 3030 589 3068 dixit
611 3029 663 3068 61
802 3031 868 3082 ut]
892 3037 933 3070 et
960 3031 997 3070 T
1102 3033 1154 3070 28
1184 3031 1356 3073 dimisso
1378 3033 1433 3071 Β1
1586 3034 1757 3074 nomine
1781 3034 1827 3073 K

74 3080 173 3119 iulio
202 3080 239 3120 T
