2176 3424
1052 120 1326 169 ISIDORI

331 260 437 311 tur3
475 250 559 314 qui
603 253 640 299 si
685 251 778 300 sub
821 252 986 313 lingua
1029 250 1243 299 hominis
1286 250 1512 299 subditus
1555 249 1711 310 fuerit,
1758 251 1918 298 futura
1938 267 2072 303 ,eum

332 331 613 395 praecinere
659 334 845 381 dicunt.
937 333 1036 381 Sed
1085 341 1133 380 et
1179 331 1405 380 corallius
1444 331 1724 394 tempestati
1766 340 1814 380 et
1851 332 2075 394 grandini

240 417 310 465 26
332 413 554 463 resistere
579 415 739 463 fertur.
814 412 1022 462 Pontica
1047 422 1120 462 est
1145 430 1340 476 gemma
1365 414 1609 476 quaedam
1635 412 1784 462 livore
1809 412 2073 476 perlucida,

332 496 522 545 habens
539 498 702 546 stellas
723 497 912 555 rubeas,
933 495 1182 544 interdurn
1198 504 1246 544 et
1262 512 1446 544 aureas.
1501 497 1689 544 Dicunt
1707 512 1793 558 per
1808 511 1917 544 eam
1935 494 2078 543 inter-

243 591 307 640 27
330 594 499 641 rogare
525 580 795 627 daemones
822 587 870 626 et
896 580 1077 641 fugare.
1151 579 1213 625 In
1239 578 1537 640 quibusdam
1563 593 1868 640 gemmarum
1893 575 2078 639 generi·
2100 598 2121 637 5

331 660 423 708 bus
444 677 580 708 veras
605 677 634 709 a
659 660 791 708 falsis
817 662 1096 709 discernere
1121 676 1299 722 magna
1324 659 1584 708 difficultas
1605 667 1692 718 est,
1713 657 1897 721 quippe
1923 674 2076 720 quum

330 741 586 790 inventum
613 742 674 790 sit
699 759 757 791 ex
782 758 897 791 vero
922 758 1101 805 genere
1134 741 1331 790 alterius
1364 741 1414 788 in
1451 740 1545 789 alia
1576 741 1697 788 falsa
1729 741 2077 800 transducere3

330 834 383 873 ut
421 826 767 888 sardonyches,
797 841 924 887 quae
954 824 1103 872 ternis
1136 822 1439 886 glutinantur
1472 821 1679 886 gemmis
1717 823 1784 870 ita
1819 830 1872 869 ut
1908 822 2078 884 depre-

329 906 482 956 hendi
503 923 606 955 non
622 905 827 970 possint.
901 905 1116 969 Fingunt
1137 904 1269 954 enirn
1288 922 1369 954 eas
1389 921 1447 954 ex
1463 906 1657 953 diverso
1676 919 1855 967 genere
1875 922 1884 951 ε
1921 902 2075 966 nigro,

329 989 546 1037 candido
583 987 851 1051 mineoque
888 989 1068 1036 colore.
1143 989 1273 1036 Nam
1311 995 1360 1036 et
1391 1003 1480 1050 pro
1516 985 1680 1048 lapide
1722 985 2077 1048 pretiosissimo
2103 1002 2152 1031 10

330 1071 590 1133 smaragdo
616 1070 820 1132 quidam
847 1071 1026 1118 vitrum
1051 1077 1152 1117 arte
1178 1068 1418 1128 inficiunt,
1447 1077 1495 1117 et
1525 1068 1646 1117 fallit
1671 1069 1841 1117 oculos
1867 1068 2078 1117 subdole

332 1154 548 1216 quadam
574 1154 694 1201 falsa
719 1152 949 1211 viriditas,
979 1152 1308 1214 quoadusque
1334 1167 1436 1199 non
1473 1159 1545 1199 est
1575 1149 1658 1213 qui
1684 1150 1861 1213 probet
1886 1149 2079 1198 simula-

331 1245 436 1283 tum
471 1244 519 1283 et
547 1243 748 1298 arguat3
785 1233 855 1282 sic
888 1242 936 1283 et
969 1233 1064 1282 alia
1097 1232 1194 1281 alio
1232 1242 1381 1296 atque
1423 1231 1520 1280 alio
1560 1233 1726 1281 modo.
1801 1233 1980 1294 Neque
2006 1241 2078 1281 est

239 1327 304 1374 28
331 1317 436 1366 sine
456 1318 627 1366 fraude
644 1319 743 1365 ulla
759 1318 858 1366 vita
878 1315 1173 1365 mortalium.
1246 1316 1435 1365 Omnes
1451 1323 1617 1363 autern
1638 1331 1737 1362 non
1757 1313 2079 1363 translucidas

328 1416 549 1463 gemmas
576 1416 747 1448 caecas
772 1398 1022 1462 appellari,
1051 1414 1111 1447 eo
1137 1399 1274 1461 quod
1300 1399 1544 1447 densitate
1570 1413 1656 1445 sua
1681 1395 2019 1444 obscurentur.
2106 1409 2150 1449 15

203 1491 305 1531 XVI
465 1483 550 1530 DE
574 1496 747 1530 VITRo.
821 1483 1016 1529 Vitrum
1042 1480 1231 1529 dictum
1258 1481 1394 1543 quod
1419 1479 1541 1527 visui
1567 1477 1913 1542 perspicuitate
1932 1488 2082 1527 trans—

329 1566 504 1613 luceat.
579 1565 640 1612 In
664 1563 769 1612 aliis
796 1563 928 1612 enim
962 1562 1171 1613 metallis
1197 1561 1442 1626 quidquid
1475 1560 1766 1609 intrinsecus
1800 1560 2080 1609 continetur

328 1645 652 1695 absconditur
670 1664 684 1706 3
719 1645 769 1693 in
793 1645 918 1694 vitro
943 1662 1058 1694 vero
1092 1645 1299 1709 quilibet
1324 1644 1485 1707 liquor
1510 1645 1586 1692 vel
1612 1644 1799 1706 species
1825 1642 1981 1705 qualis
2007 1652 2079 1691 est

328 1728 531 1777 interius
557 1727 665 1776 talis
692 1726 901 1776 exterius
927 1728 1214 1786 declaratur,
1235 1736 1282 1775 et
1307 1726 1684 1788 quodammodo
1709 1725 1902 1773 clausus
1928 1733 2075 1787 patet.

331 1810 485 1860 Cuius
511 1809 648 1873 origo
673 1811 795 1858 haec
820 1809 926 1857 fuit.
983 1811 1044 1857 In
1069 1818 1204 1872 parte
1230 1809 1408 1870 Syriae,
1437 1823 1565 1870 quae
1590 1806 1841 1855 Phoenice
1861 1815 2074 1865 vocatur,
2105 1830 2156 1858 20

329 1891 537 1940 finitima
563 1892 779 1940 Iudaeae
805 1890 933 1939 circa
958 1889 1146 1938 radices
1172 1888 1354 1937 montis
1381 1887 1596 1938 Carmeli
1621 1890 1760 1951 palus
1788 1897 1874 1946 est,
1897 1904 1954 1936 ex
1981 1904 2078 1950 qua

329 1975 544 2022 nascitur
571 1974 719 2021 Belus
745 1971 918 2030 amnis,
947 1970 1168 2034 quinque
1201 1969 1392 2018 milium
1418 1986 1651 2032 passuum
1680 1968 1838 2032 spatio
1869 1968 1920 2016 in
1945 1986 2078 2018 mare

331 2057 488 2104 fluens
537 2055 670 2104 iuxta
718 2053 1098 2113 Ptolomaidem‚
1150 2052 1288 2101 cuius
1335 2068 1512 2101 arenae
1560 2053 1623 2100 de
1671 2059 1884 2100 torrente
1926 2053 2078 2100 fluctu

278 2154 309 2189 2
333 2137 561 2187 sordibus
588 2139 833 2186 eluuntur.
907 2135 1009 2183 Hic
1034 2137 1165 2183 fama
1190 2143 1262 2183 est
1288 2135 1428 2197 pulsa
1447 2150 1572 2182 nave
1597 2141 1925 2182 mercatorum
1951 2131 2077 2191 nitri,

331 2236 444 2268 cum
483 2217 689 2283 sparsim
723 2235 808 2282 per
836 2217 950 2266 litus
987 2218 1156 2280 epulas
1195 2224 1436 2280 pararent,
1472 2232 1565 2264 nec
1602 2225 1765 2264 essent
1801 2232 1890 2279 pro
1926 2217 2081 2264 adtol-
2107 2237 2152 2276 25

329 2301 490 2351 lendis
527 2301 653 2350 vasis
690 2300 892 2364 lapides,
932 2300 1101 2363 glebas
1135 2298 1248 2347 nitri
1283 2316 1310 2347 e
1346 2315 1470 2346 nave
1506 2297 1833 2346 subdiderunt
1852 2315 1864 2358 ;
1900 2297 2080 2360 quibus

329 2383 550 2433 accensis
598 2383 836 2447 permixta
883 2399 1030 2431 arena
1077 2380 1245 2441 litoris,
1296 2381 1653 2429 translucentes
1701 2379 1817 2428 novi
1877 2379 2078 2442 liquoris

278 2473 309 2519 3
331 2465 528 2515 fluxisse
575 2466 732 2513 rivos:
788 2473 835 2512 et
875 2466 1004 2512 hanc
1045 2463 1195 2512 fuisse
1237 2462 1475 2526 originem
1515 2461 1640 2510 vitri.
1726 2464 1861 2524 Mox,
1907 2471 1960 2510 ut
2007 2472 2079 2511 est

388 2610 413 2635 2
443 2595 691 2646 praedicere
710 2593 755 2631 K
903 2594 1083 2633 corallus
1103 2593 1182 2632 ΒΤ
1333 2605 1358 2642 3
1388 2592 1570 2642 quadam
1599 2590 1636 2629 T
1785 2605 1810 2640 4
1840 2591 1974 2630 stillas
1994 2591 2082 2629 ΒΚ

335 2665 412 2703 per
431 2665 482 2690 ea
503 2650 550 2688 K
685 2659 710 2698 5
743 2649 790 2688 In
811 2649 962 2700 quibus
983 2649 1151 2699 quidam
1180 2648 1206 2687 1
1350 2650 1377 2685 6
1405 2659 1505 2686 vera
1523 2646 1570 2684 K
1586 2660 1596 2686 ε
1623 2647 1736 2685 veris
1756 2645 1812 2683 B1
1898 2645 2077 2697 quippe]

334 2707 488 2757 quique
515 2704 553 2744 T
622 2717 644 2753 7
674 2703 749 2755 ex]
769 2705 811 2743 in
836 2702 882 2741 K
953 2717 1052 2754 gen.
1073 2704 1116 2742 in
1137 2703 1208 2743 alt.
1231 2700 1278 2740 K
1358 2704 1384 2740 8
1413 2701 1541 2753 quae]
1562 2702 1671 2751 quod
1692 2701 1734 2738 Β
1810 2715 1836 2751 9
1866 2701 1999 2751 figunt
2019 2699 2075 2737 Β1

340 2775 385 2800 11
418 2760 518 2800 vitri
537 2773 587 2799 ex
603 2759 709 2798 vitr*
738 2758 776 2796 T
866 2771 915 2809 13
945 2765 987 2797 et
1008 2760 1061 2797 ad
1080 2759 1134 2798 al.
1154 2758 1199 2796 K
1252 2761 1379 2807 atque
1399 2757 1480 2796 alio
1500 2770 1585 2796 om.
1609 2755 1659 2793 Ti
1759 2767 1807 2804 15
1836 2769 1887 2794 eo
1905 2785 1915 2795 .
1930 2784 1940 2795 .
1959 2786 1969 2795 .
1985 2755 2075 2795 obs.

336 2830 420 2856 om.
441 2814 490 2854 K
505 2815 608 2867 (non
633 2812 728 2865 CU)
809 2815 858 2851 16
885 2815 979 2853 usui
1007 2812 1152 2853 Tante
1169 2825 1269 2852 corr.
1346 2825 1393 2861 17
1424 2811 1550 2863 met.]
1572 2816 1614 2849 et
1635 2810 1743 2850 alliis
1762 2809 1808 2847 K
1875 2811 1924 2848 18
1953 2823 2076 2859 quae-

335 2871 436 2910 libet
454 2871 661 2920 liquorum
682 2881 749 2918 sp.
769 2867 815 2905 K
944 2869 1110 2919 qualius
1128 2874 1213 2907 ext.
1237 2866 1332 2906 talis
1354 2868 1428 2905 int.
1451 2865 1498 2903 K
1710 2878 1763 2904 20
1790 2865 2016 2903 vocabatur
2036 2863 2082 2901 K

336 2939 385 2964 21
418 2925 560 2964 finima
581 2924 639 2962 T:
661 2922 865 2962 finitimae
881 2922 924 2960 Β
1114 2922 1268 2961 radicis
1282 2919 1328 2958 K
1343 2935 1352 2960 :
1382 2922 1565 2960 radicem
1586 2919 1672 2958 BT
1854 2918 2021 2969 paludis
2035 2917 2082 2955 K

336 2993 388 3030 23
419 2981 567 3019 fluctus
587 2977 676 3016 ΒΚ
875 2992 927 3028 24
958 2978 1207 3017 evolvuntur
1226 2976 1267 3015 B
1426 2975 1602 3025 adpulsa
1622 2973 1733 3013 Plz'n.
1754 2973 1808 3013 N.
1830 2972 1890 3012 H.
1915 2975 1980 3024 36,
2001 2985 2073 3022 191

336 3035 451 3073 nutri
471 3033 517 3071 K
700 3043 751 3082 25
781 3032 930 3082 epulas
950 3045 1032 3072 om.
1058 3031 1105 3069 K
1250 3036 1445 3081 parerent
1465 3028 1571 3067 B¹K
1763 3029 1816 3066 26
1845 3040 1868 3065 e
1888 3042 1970 3068 om.
1993 3026 2080 3065 ΒΚ

337 3102 470 3128 naves
490 3087 578 3127 ΒΚ
683 3100 733 3137 27
764 3087 1061 3126 translucentis
1079 3086 1124 3124 K
