2176 3424
1072 125 1345 175 ISIDORI

336 279 516 326 pureae
541 278 702 325 neque
729 259 908 323 nigrae,
935 258 999 306 ab
1026 259 1170 306 helvo
1196 257 1361 304 colore
1400 256 1466 303 ita
1490 256 1664 312 dictae,
1693 250 1887 301 subalbi
1912 260 2078 299 tamen

338 344 499 394 musti.
572 346 792 392 Helvum
819 350 892 391 est
918 342 1050 390 enirn
1076 338 1268 402 nigrum
1303 337 1673 398 candidumque
1699 335 1878 383 colore.
1949 333 2079 380 Nam

253 448 314 496 27
338 430 535 477 helvum
563 444 655 475 nec
680 426 848 474 album
875 440 967 473 nec
993 422 1185 486 nigrum
1212 430 1296 470 est.
1372 419 1567 468 Tertius
1593 420 1731 467 locus
1757 415 1928 465 vitium
1956 430 2082 478 quae

339 513 443 559 sola
469 510 770 560 fecunditate
795 507 1202 564 commendantur,
1222 501 1527 552 abundantia
1551 499 1752 564 copiosa
1772 499 2082 559 multumque

251 600 316 646 28
340 592 438 641 vini
486 594 656 641 fluens.
735 587 1058 651 ssViticioniar
1102 603 1219 635 uvas
1261 586 1469 649 grandes
1518 582 1671 647 magis
1712 598 1859 645 quarn
1902 581 2080 627 multas
2105 598 2126 636 5

338 675 487 723 habet
507 693 518 734 3
556 689 740 722 nomen
757 680 922 720 autem
949 670 1066 719 inde
1084 670 1179 717 hoc
1196 684 1395 716 sumens
1423 667 1558 729 quod
1584 666 1793 713 multum
1819 661 1917 711 vini
1945 663 2080 709 fluat.

244 773 314 820 29
337 758 545 818 Syriaca,
584 757 661 804 vel
701 754 816 818 quia
846 755 908 803 de
942 751 1078 815 Syria
1113 752 1279 799 adlata
1314 750 1391 798 vel
1429 747 1544 811 quia
1584 746 1720 810 nigra
1759 754 1847 794 est.
1921 744 2083 791 Multa

337 848 501 887 autem
528 854 707 901 genera
731 836 904 884 vitium
932 843 1046 884 sunt
1072 850 1199 896 quae
1228 840 1395 881 tamen
1433 829 1706 879 mutatione
1740 828 1836 877 loci
1862 836 1910 875 et
1935 823 2084 889 quali-

247 940 314 986 30
338 930 488 969 tatem
516 930 564 969 et
589 935 774 969 nomen
799 918 1046 967 amittunt.
1118 914 1313 963 Vitibus
1339 913 1464 962 inter
1490 921 1651 961 cetera
1677 911 1830 974 magis
1856 908 1948 957 ista
1973 924 2086 956 con—

259 1022 314 1069 31
340 1004 558 1061 veniunt,
577 1000 908 1064 oblaqueatio,
937 996 1141 1062 putatio,
1160 994 1516 1061 propaginatio,
1543 992 1708 1042 fossio.
1775 991 2087 1053 Oblaqueare
2116 1008 2163 1035 10

340 1094 413 1134 est
438 1084 567 1133 circa
591 1083 819 1133 codicem
845 1091 1022 1131 terram
1047 1078 1234 1143 aperire
1253 1088 1300 1127 et
1325 1079 1458 1127 velut
1482 1078 1617 1125 lacus
1637 1076 1827 1124 efficere
1851 1092 1859 1122 :
1898 1074 1993 1121 hoc
2009 1071 2090 1120 ali-

252 1183 316 1232 32
341 1166 425 1230 qui
469 1166 756 1215 excodicare
798 1165 1062 1228 appellant.
1138 1164 1315 1210 Putare
1355 1169 1427 1209 est
1470 1158 1652 1222 virgam
1693 1175 1751 1205 ex
1789 1155 1886 1204 vite
1929 1171 2090 1217 super-

341 1265 548 1297 vacuam
575 1263 807 1307 resecare,
844 1245 983 1295 cuius
1013 1243 1214 1307 flagellis
1247 1242 1455 1291 luxuriat
1478 1260 1491 1302 3
1540 1250 1711 1304 putare
1746 1237 1876 1287 enim
1912 1235 2091 1286 dicitur

256 1349 319 1395 33
342 1347 561 1395 purgare,
606 1330 658 1380 id
700 1338 774 1379 est
815 1338 1085 1393 amputare.
1158 1327 1454 1385 Traducere,
1505 1324 1835 1372 transducere.
1911 1322 2092 1381 Propa-

341 1413 508 1477 ginare
533 1430 663 1474 vero,
692 1414 939 1476 flagellum
964 1410 1074 1460 vitis
1100 1419 1255 1459 terrae
1293 1408 1602 1457 submersum
1637 1413 1852 1454 sternere
1879 1411 1926 1451 et
1951 1399 2091 1464 quasi
2120 1419 2167 1459 15

343 1513 488 1559 porro
525 1511 754 1560 pangere.
833 1496 969 1543 Hinc
1006 1491 1311 1558 propagines,
1349 1509 1378 1539 a
1414 1504 1682 1553 propagare
1718 1495 1766 1535 et
1799 1484 2093 1549 protendere

344 1576 520 1628 dictae.
596 1578 788 1626 Fodere
814 1593 930 1625 vero
955 1584 1027 1624 est
1053 1576 1247 1624 foveam
1274 1574 1446 1631 facere,
1475 1569 1614 1634 quasi
1640 1570 1818 1618 fovere.

261 1672 318 1712 VI
482 1663 564 1709 DE
590 1674 895 1710 ARBORIBVS.
953 1658 1202 1707 Arborum
1227 1671 1427 1714 nomen,
1456 1654 1556 1702 sive
1582 1652 1858 1710 herbarum,
1879 1649 1944 1698 ab
1969 1649 2094 1698 arvis

345 1745 580 1792 inflexum
623 1741 849 1801 creditur,
892 1756 952 1788 eo
1001 1740 1137 1802 quod
1179 1736 1316 1786 terris
1359 1734 1465 1784 fixis
1507 1732 1755 1783 radicibus
1802 1732 2092 1781 adhaerent.

345 1827 566 1888 Vtraque
592 1834 757 1873 autem
784 1822 898 1872 ideo
925 1820 1018 1870 sibi
1043 1837 1171 1884 pene
1191 1817 1368 1868 similia
1387 1826 1514 1876 sunt,
1537 1817 1652 1879 quia
1677 1832 1735 1864 ex
1760 1830 1861 1862 uno
1886 1814 2092 1862 alterum
2122 1830 2172 1856 20

344 1906 570 1970 gignitur.
646 1907 778 1954 Nam
809 1905 930 1953 dum
961 1910 1236 1951 sementem
1273 1899 1324 1947 in
1351 1908 1527 1947 terram
1561 1895 1744 1955 ieceris,
1773 1894 1926 1943 herba
1962 1895 2094 1957 prius

348 1988 514 2049 oritur,
541 1987 724 2037 dehinc
750 1987 950 2036 confota
969 1983 1119 2048 surgit
1138 1983 1189 2031 in
1207 1982 1450 2041 arborem,
1468 1989 1516 2028 et
1536 1978 1658 2026 infra
1678 1994 1881 2041 parvum
1902 1985 2097 2039 tempus
2125 1994 2150 2031 χ

295 2090 326 2123 2
347 2087 498 2133 quam
515 2070 721 2119 herbam
742 2068 932 2117 videras
952 2066 1203 2115 arbustam
1224 2061 1443 2126 suspicis.
1490 2059 1718 2118 Arbusta,
1738 2058 1884 2107 arbor
1903 2058 2096 2107 novella

349 2162 395 2201 et
433 2161 615 2210 tenera,
644 2151 694 2199 in
733 2166 830 2213 qua
867 2146 1068 2197 insertio
1105 2145 1207 2195 fieri
1244 2151 1441 2208 potest3
1477 2150 1524 2190 et
1554 2142 1688 2190 dicta
1722 2139 1921 2188 arbusta
1956 2139 2096 2202 quasi

348 2233 535 2282 arboris
563 2235 714 2281 hasta.
772 2230 871 2279 Alii
896 2230 1151 2278 arbustum
1177 2228 1344 2275 locum
1370 2224 1421 2272 in
1441 2240 1541 2287 quo
1565 2223 1763 2271 arbores
1790 2230 1904 2270 sunt
1927 2221 2100 2269 volunt
2126 2233 2176 2274 25

349 2315 585 2378 accipere,
610 2315 736 2363 sicut
762 2311 989 2362 salictum
1010 2329 1018 2359 :
1045 2309 1113 2359 sic
1138 2317 1187 2358 et
1206 2307 1400 2366 virecta,
1430 2305 1515 2354 ubi
1541 2304 1777 2368 virgultae
1803 2303 2026 2351 novellae
2052 2309 2100 2349 et

299 2414 329 2461 3
352 2395 575 2444 virentes.
634 2395 797 2443 Arbor
822 2402 987 2442 autem
1010 2401 1057 2441 et
1077 2391 1323 2439 fructifera
1343 2396 1391 2437 et
1416 2386 1589 2436 sterilis
1609 2404 1620 2446 3
1644 2386 1790 2434 arbos
1809 2393 1974 2433 autem
2002 2399 2100 2431 non

413 2541 429 2567 1
466 2527 562 2565 elbo
583 2525 628 2563 K
635 2525 694 2563 T:
724 2524 817 2563 eblo
837 2537 887 2562 ex
906 2523 999 2562 eolo
1022 2522 1065 2561 D
1121 2519 1306 2560 subalbis
1324 2517 1369 2556 D
1481 2532 1505 2556 2
1535 2512 1673 2555 elbum
1693 2514 1804 2554 codd.
1918 2526 1943 2563 3
1963 2513 2102 2553 elbum

355 2582 464 2622 codd.
577 2595 601 2630 4
632 2580 721 2619 sole
750 2579 809 2618 T:
839 2578 933 2617 sulo
953 2578 999 2615 K
1120 2589 1144 2626 5
1174 2575 1283 2614 Vitis
1303 2573 1471 2624 spionia
1492 2573 1616 2611 Arev.
1741 2572 1768 2608 6
1796 2570 1929 2609 fluant
1950 2568 1993 2607 D
2011 2572 2105 2607 ante

355 2644 456 2677 corr.
541 2649 562 2686 7
596 2635 768 2674 Seriaca
796 2632 833 2671 T
909 2634 935 2671 8
964 2631 1128 2683 tamen]
1149 2626 1371 2669 tantumK
1450 2641 1477 2677 9
1506 2627 1763 2665 conveniant
1781 2624 1824 2663 D
1911 2636 1961 2662 10
1990 2622 2102 2661 obla-

357 2692 499 2743 queati
519 2690 566 2728 K
681 2688 963 2739 propagnatio
987 2687 1028 2725 D
1148 2685 1389 2734 Oblaquear
1415 2680 1453 2720 T
1599 2694 1643 2720 11
1677 2681 1794 2719 locus
1815 2679 1859 2717 D
1878 2692 1888 2718 ε
1916 2689 2042 2728 agros
2060 2675 2106 2713 K

357 2748 427 2787 alii
465 2745 511 2784 K
757 2757 805 2782 12
836 2743 1035 2782 excodire
1074 2741 1118 2778 D
1283 2751 1376 2788 sup.
1417 2736 1606 2775 exsicare
1648 2734 1800 2788 (delet.)
1839 2734 2022 2773 resicare
2061 2729 2107 2768 K
2173 2746 2176 2747 ⁷

363 2817 411 2852 14
441 2799 578 2852 amp.]
601 2805 685 2839 tam
707 2804 854 2848 putare
882 2797 919 2835 T
1011 2811 1036 2835 a
1057 2805 1323 2847 propagnare
1343 2791 1387 2830 D
1531 2803 1579 2841 15
1610 2802 1741 2842 quaso
1768 2788 1806 2828 T
1941 2800 1995 2825 20
2024 2785 2102 2824 sibi
2167 2789 2172 2793 '

358 2871 441 2896 om.
468 2856 506 2894 T
692 2866 804 2904 pene
821 2866 905 2891 om.
924 2851 967 2889 D
1105 2850 1281 2888 alteram
1298 2847 1342 2886 D
1533 2858 1581 2884 21
1615 2844 1765 2885 eiceris
1779 2840 1826 2880 K
1841 2857 1850 2882 :
1871 2840 2045 2881 eieceris
2061 2839 2105 2878 D
2172 2876 2174 2878 .

355 2925 407 2950 22
437 2923 585 2962 parum
607 2907 718 2949 codd.
861 2920 914 2957 23
943 2919 983 2947 v.
1005 2905 1177 2945 arbusta
1193 2902 1239 2941 K
1347 2914 1442 2940 nov.
1465 2907 1549 2940 ten.
1573 2898 1619 2937 K
1753 2909 1803 2947 25
1835 2902 1934 2935 sunt
1953 2908 2038 2934 om.
2064 2892 2110 2931 K

354 2969 407 3005 26
436 2967 496 3005 sic
517 2965 580 3016 et]
602 2964 711 3003 sicut
731 2961 777 3000 K
829 2962 936 3011 virg.
958 2960 1033 3000 vir.
1053 2965 1151 2999 sunt
1170 2957 1216 2995 K
1235 2960 1334 3010 (om.
1360 2969 1454 2995 nov.
1473 2961 1535 3006 et)
1647 2966 1698 3003 27
1728 2951 1875 3003 arbos]
1897 2950 2023 2988 arbus
2047 2947 2102 2986 T:
2168 2957 2176 2987 11

357 3022 485 3060 arbor
500 3021 543 3059 D
600 3018 761 3070 autem]
783 3029 883 3055 vero
902 3015 948 3053 K
