2176 3424
337 128 969 179 ETYMOLOGIARVM
1011 130 1140 177 LIB.
1181 132 1382 179 XVIII.
1420 131 1620 180 liii-lxiv

105 273 222 304 num
265 256 405 315 vitiis,
447 259 535 305 sed
577 267 624 306 et
663 259 963 306 daemonum
1004 258 1146 307 iussis
1183 259 1404 308 instituta
1440 270 1566 309 sunt.
1641 261 1855 311 Proinde

103 337 224 386 nihil
250 355 355 387 esse
379 338 528 387 debet
563 338 844 389 Christiano
878 356 990 387 cum
1019 340 1240 389 Circensi
1271 340 1473 399 insania,
1511 357 1624 389 cum
1656 341 1852 404 inpudi-

102 417 214 467 citia
230 418 418 478 theatri,
441 436 554 467 cum
570 419 917 482 amphitheatri
936 420 1238 482 crudelitate,
1257 437 1371 470 cum
1387 421 1643 471 atrocitate
1658 439 1849 483 arenae,

101 515 214 547 cum
240 501 426 548 luxu-ria
451 499 569 549 ludi.
644 503 806 550 Deum
834 501 966 550 enim
992 511 1138 565 negat
1168 502 1252 565 qui
1285 504 1399 551 talia
1423 505 1705 566 praesumit,
1735 505 1851 554 fidei

51 602 72 641 5
100 580 406 630 Christianae
432 583 785 644 praevaricator
810 584 1024 643 effectus,
1054 586 1136 647 qui
1164 583 1214 633 id
1240 586 1406 634 denuo
1431 585 1618 649 appetit
1642 589 1779 649 quod
1800 589 1850 635 in

98 662 289 710 lavacro
337 662 434 711 iam
477 662 667 726 pridem
715 664 1042 725 renuntiavit3
1094 665 1145 714 id
1187 675 1260 714 est
1302 666 1518 726 diabolo,
1562 669 1757 731 pompis
1801 678 1849 718 et

95 743 325 807 operibus
351 746 468 793 eius.

231 827 314 872 DE
373 840 588 874 TABVLA.
679 828 814 886 Alea,
866 826 917 875 id
973 837 1046 876 est
1100 830 1233 877 lusus
1289 829 1500 889 tabulae,
1564 830 1763 879 inventa
1816 827 1945 882 a‘LX

97 906 297 955 Graecis
335 908 385 954 in
421 906 523 955 otio
559 907 761 956 Troiani
799 908 914 958 belli
951 926 980 957 a
1015 912 1234 973 quodam
1274 912 1427 960 milite
1463 914 1586 961 Alea
1622 913 1838 973 nomine,

12 1003 69 1032 ¹10
91 1003 120 1034 a
157 1004 256 1049 quo
294 998 341 1037 et
377 1005 452 1037 ars
488 1005 672 1038 nomen
709 992 914 1053 accepit.
987 992 1181 1041 Tabula
1218 993 1402 1043 luditur
1439 1010 1602 1058 pyrgo,
1640 996 1841 1045 calculis

90 1071 394 1133 tesserisque.

226 1153 309 1199 DE
335 1167 532 1202 PYRGls.
594 1156 775 1217 Pyrgus
795 1155 954 1204 dictus
981 1158 1117 1219 quod
1143 1174 1228 1220 per
1247 1174 1359 1207 eum
1383 1168 1593 1208 tesserae
1619 1170 1835 1224 pergant,
1862 1173 1962 1214 LXI

90 1231 190 1280 sive
215 1235 350 1295 quod
379 1234 520 1283 turris
554 1235 767 1298 speciem
807 1237 1000 1286 habeat.
1076 1240 1208 1287 Nam
1247 1239 1423 1289 Graeci
1457 1250 1636 1291 turrem
1661 1245 1840 1310 πύργον

86 1323 279 1364 vocant.

7 1407 61 1448 ¹¹5
223 1397 306 1444 DE
331 1411 589 1447 CALCVLIS.
664 1399 854 1449 Calculi
890 1401 1050 1450 vocati
1080 1404 1215 1464 quod
1250 1405 1384 1452 lenes
1415 1405 1511 1453 sint
1544 1415 1593 1454 et
1623 1407 1836 1456 rotundi.
1864 1415 1983 1456 LXII

89 1479 238 1527 Vnde
286 1487 333 1527 et
375 1481 591 1528 calculus
631 1481 809 1530 dicitur
847 1482 969 1545 lapis
1013 1484 1183 1545 brevis,
1226 1486 1309 1548 qui
1349 1484 1455 1535 sine
1494 1488 1719 1536 molestia
1762 1491 1837 1538 sui

89 1558 324 1609 brevitate
349 1563 576 1610 calcatur.
653 1565 778 1611 Item
806 1563 993 1624 calculi,
1022 1567 1158 1628 quod
1188 1582 1274 1629 per
1307 1566 1407 1615 vias
1433 1568 1679 1618 ordinales
1706 1581 1834 1631 eant,

85 1642 222 1702 quasi
249 1657 333 1704 per
357 1644 520 1691 calles,

221 1724 303 1771 DE
345 1739 598 1774 TEssssRls.
670 1729 909 1775 Tesserae
958 1738 1160 1777 vocatae
1209 1731 1324 1792 quia
1366 1733 1583 1793 quadrae
1622 1742 1736 1782 sunt
1778 1751 1836 1783 ex
1860 1749 2005 1790 LXIII

2 1825 61 1853 120
84 1804 315 1853 omnibus
353 1808 583 1868 partibus.
660 1810 767 1855 Has
804 1809 883 1856 alii
923 1811 1201 1873 lepusculos
1238 1821 1430 1872 vocant,
1471 1830 1531 1862 eo
1569 1817 1705 1877 quod
1742 1817 1836 1864 exi-

84 1883 250 1933 liendo
280 1885 568 1936 discurrant.
642 1888 774 1937 Olim
809 1900 974 1939 autem
1005 1900 1217 1941 tesserae
1248 1892 1406 1941 iacula
1441 1897 1829 1958 appellabantur,

82 1983 110 2014 a
136 1967 374 2017 iaciendo.

216 2051 299 2096 DE
326 2065 528 2099 FIGVRls
554 2066 736 2101 ALEAE.
799 2053 1017 2115 Quidam
1038 2063 1203 2103 autem
1223 2057 1461 2105 aleatores
1488 2057 1580 2106 sibi
1601 2059 1829 2110 videntur
1852 2072 1988 2112 LXIV

78 2130 412 2194 physiologice
437 2149 522 2195 per
546 2133 824 2196 allegoriam
843 2135 971 2183 hanc
996 2145 1149 2184 artem
1170 2153 1406 2197 exercere,
1426 2147 1474 2187 et
1499 2140 1592 2188 sub
1612 2144 1827 2203 quadam

0 2227 52 2268 ης,
78 2227 237 2259 rerum
281 2213 602 2263 similitudine
641 2216 837 2278 fingere.
912 2218 1042 2265 Nam
1086 2217 1240 2266 tribus
1282 2219 1474 2268 tesseris
1517 2222 1686 2271 ludere
1725 2241 1828 2286 per-

78 2292 251 2341 hibent
286 2304 484 2358 propter
513 2297 602 2344 tria
635 2298 816 2346 saeculi
852 2307 1103 2361 tempora:
1150 2300 1439 2362 praesentia,
1467 2303 1738 2365 praeterita,
1778 2316 1827 2355 et

75 2373 264 2435 futura3
323 2375 436 2439 quia
483 2394 585 2425 non
628 2387 770 2437 stant,
823 2380 910 2428 sed
958 2381 1238 2429 decurrunt.
1312 2384 1410 2431 Sed
1451 2393 1497 2431 et
1546 2385 1674 2446 ipsas
1723 2387 1824 2436 vias

75 2455 276 2504 senariis
302 2457 421 2505 locis
447 2457 703 2507 distinctas
724 2469 921 2523 propter
939 2470 1124 2510 aetates
1150 2462 1409 2511 hominum
1437 2465 1655 2513 ternariis
1682 2465 1823 2515 lineis

75 2546 272 2599 propter
308 2547 532 2602 tempora
570 2550 986 2603 argumentantur.
1062 2544 1188 2592 Inde
1226 2554 1273 2593 et
1311 2544 1530 2594 tabulam
1567 2548 1716 2596 ternis
1754 2549 1823 2595 di-

0 2631 50 2665 ’.κο
75 2619 304 2680 scriptam
342 2619 513 2669 dicunt
549 2621 704 2670 lineis.

131 2759 147 2784 1
179 2748 255 2785 sed
277 2749 410 2788 daem.
434 2749 474 2787 Β
583 2763 607 2787 2
638 2751 754 2789 nihili
778 2751 823 2789 K
940 2765 964 2802 3
994 2753 1196 2793 theatrica
1217 2767 1308 2793 cum
1332 2755 1378 2793 K
1482 2771 1506 2806 4
1541 2757 1696 2809 Deum]
1722 2760 1818 2798 dum

72 2800 112 2838 B
276 2814 300 2851 5
330 2804 431 2853 quid
453 2804 493 2843 id
515 2804 577 2843 B:
607 2804 705 2854 quid
734 2805 771 2843 T
929 2810 954 2845 6
985 2807 1137 2847 diaboli
1158 2809 1198 2846 Β
1307 2810 1362 2850 di.
1387 2816 1429 2849 et
1450 2824 1518 2860 po.
1538 2811 1581 2850 K
1690 2819 1731 2851 et
1749 2826 1816 2862 op.

71 2868 154 2893 om.
177 2855 266 2895 KN
285 2858 388 2908 (non
413 2858 468 2907 U)
677 2860 702 2898 8
731 2860 848 2899 lusus
869 2860 979 2900 KT:
1009 2863 1131 2901 ludus
1150 2863 1191 2900 Β
1392 2878 1419 2914 9
1449 2867 1490 2903 in
1513 2866 1617 2918 otio]
1638 2867 1757 2906 initio
1789 2867 1826 2906 T

78 2920 127 2947 10
156 2922 180 2947 a
201 2922 284 2959 quo
303 2925 386 2952 om.
410 2912 466 2949 Β1
661 2914 783 2963 pigro
805 2920 852 2952 ut
871 2916 951 2956 vid.
982 2916 1125 2955 Tante
1143 2931 1241 2957 corr.
1489 2933 1535 2958 12
1568 2921 1718 2970 Pirgus
1738 2921 1824 2960 ΒΤ

77 2975 124 3013 15
154 2963 268 3004 leves
289 2965 380 3006 dett.
538 2979 586 3016 19
616 2968 734 3019 quia]
757 2970 870 3019 quod
891 2970 932 3008 Β
1092 2983 1138 3008 21
1172 2972 1413 3012 discurrunt
1434 2974 1519 3012 BT
1633 2976 1754 3014 iaculi
1783 2977 1821 3017 T

72 3020 124 3055 26
153 3019 323 3058 saecula
342 3020 398 3058 Βι
566 3035 618 3071 29
646 3029 961 3072 argumentatur
988 3025 1026 3064 T
1129 3026 1381 3077 descriptam
1404 3027 1449 3065 K

150 3114 303 3150 118211
934 3122 969 3155 U
