2228 3444
1096 175 1368 223 ISIDORI

352 301 442 350 fuit
492 301 820 362 Democritus,
867 302 951 365 qui
1000 302 1120 351 dixit
1167 313 1420 367 tamquam
1469 304 1519 352 in
1576 314 1727 368 puteo
1779 308 1892 366 alto,
1934 307 2000 356 ita
2047 317 2100 356 ut

274 401 327 447 13
352 385 534 433 fundus
561 385 723 433 nullus
756 384 830 445 sit,
859 384 924 433 ita
954 384 1003 432 in
1037 387 1233 435 occulto
1267 386 1424 436 iacere
1450 386 1718 437 veritatem.
1790 388 2100 452 Peripatetici

351 483 379 514 a
405 465 807 515 deambulatione
833 466 964 526 dicti,
987 484 1047 516 eo
1073 470 1209 530 quod
1234 468 1522 518 Aristoteles
1547 479 1716 518 auctor
1741 487 1912 519 eorum
1938 472 2100 520 deam-

351 547 529 598 bulans
554 548 804 612 disputare
830 548 999 598 solitus
1025 561 1166 599 esset.
1242 550 1314 599 Hi
1339 551 1511 601 dicunt
1536 553 1785 615 quandam
1812 553 2099 616 particulam

352 629 547 679 animae
581 647 688 679 esse
720 641 1001 680 aeternam:
1039 633 1102 680 de
1135 632 1323 696 reliquo
1357 650 1534 697 magna
1563 650 1621 682 ex
1657 644 1792 698 parte
1826 637 2097 684 mortalem.

275 726 329 772 14
354 711 528 775 Cynici
552 713 615 761 ab
642 712 938 761 inmunditia
963 712 1282 776 inpudentiae
1301 715 1586 779 nuncupati.
1628 717 1814 766 Contra
1832 719 2099 765 humanam

354 794 486 844 enim
513 795 860 845 verecundiam
888 795 937 843 in
971 799 1233 860 propatulo
1263 797 1395 847 coire
1425 815 1538 847 cum
1579 798 1871 862 coniugibus
1897 798 1966 848 eis
1992 817 2099 848 mos

354 886 468 937 erat,
497 887 756 927 censentes
798 877 986 926 licitum
1035 880 1401 944 honestumque
1443 897 1550 930 esse
1591 882 1753 944 palam
1797 899 1910 929 cum
1954 899 2102 931 uxore

354 960 705 1019 concumbere,
741 959 857 1023 quia
899 960 1183 1023 coniugium
1233 962 1414 1011 iustum
1457 973 1546 1022 est,
1585 963 1782 1026 publice
1825 963 1875 1012 id
1917 963 2104 1026 praedi-

355 1050 523 1090 cantes
549 1043 816 1105 agendum,
841 1052 894 1090 ut
919 1059 1067 1091 canes
1093 1043 1143 1091 in
1162 1043 1281 1093 vicis
1307 1047 1383 1094 vel
1409 1044 1595 1108 plateis.
1670 1047 1816 1095 Vnde
1851 1055 1898 1094 et
1923 1063 1952 1094 a
1976 1045 2104 1094 cani-

356 1123 464 1184 bus,
490 1141 700 1187 quorum
738 1123 887 1172 vitam
930 1124 1265 1186 imitabantur,
1301 1126 1448 1174 etiam
1485 1127 1780 1175 vocabulum
1818 1144 2104 1191 nomenque

277 1225 332 1272 15
355 1214 617 1255 traxerunt.
680 1205 909 1269 Epicurei
937 1206 1057 1256 dicti
1081 1207 1144 1256 ab
1171 1207 1387 1271 Epicuro
1412 1211 1631 1272 quodam
1657 1208 1951 1272 philosopho
1977 1227 2103 1258 ama-

355 1298 458 1338 tore
474 1288 715 1347 vanitatis,
735 1305 837 1337 non
854 1288 1140 1352 sapientiae,
1157 1307 1305 1352 quem
1323 1290 1470 1340 etiam
1488 1290 1580 1355 ipsi
1599 1290 1881 1354 philosophi
1898 1308 2102 1355 porcum

354 1370 750 1431 nominaverunt,
776 1370 915 1433 quasi
940 1372 1167 1420 volutans
1193 1371 1242 1420 in
1270 1389 1425 1422 caeno
1451 1373 1649 1434 carnali,
1674 1375 1976 1437 voluptatem
2003 1391 2103 1423 cor-

355 1452 484 1516 poris
511 1469 760 1502 summum
795 1453 984 1501 bonum
1018 1454 1251 1503 adserens
1269 1472 1281 1514 3
1319 1454 1403 1518 qui
1437 1455 1585 1503 etiam
1618 1454 1738 1504 dixit
1771 1456 1900 1504 nulla
1937 1455 2104 1504 divina

270 1538 328 1584 16
354 1534 667 1598 providentia
700 1534 993 1583 instructum
1027 1552 1134 1584 esse
1166 1547 1250 1584 aut
1284 1537 1383 1600 regi
1409 1539 1667 1586 mundum.
1742 1539 1840 1586 Sed
1866 1537 2102 1601 originem

354 1633 514 1666 rerum
540 1615 735 1677 atomis,
752 1615 802 1665 id
828 1626 900 1665 est
926 1616 1275 1666 insecabilibus
1296 1635 1353 1666 ac
1380 1618 1549 1668 solidis
1574 1619 1861 1683 corporibus
1885 1619 2106 1683 adsigna-

354 1698 439 1758 vit,
465 1715 674 1761 quorum
700 1697 911 1747 fortuitis
937 1699 1345 1749 concursionibus
1372 1700 1597 1750 universa
1621 1711 1884 1750 nascantur
1914 1711 1962 1750 et
1989 1712 2106 1750 nata

356 1781 466 1830 sint.
540 1782 793 1831 Adserunt
817 1791 983 1830 autem
1012 1784 1178 1830 Deum
1208 1782 1330 1830 nihil
1355 1800 1526 1847 agere:
1564 1783 1733 1832 omnia
1757 1794 1981 1833 constare
2006 1801 2106 1832 cor-

356 1863 588 1928 poribus:
646 1863 863 1912 animam
906 1863 1028 1911 nihil
1066 1864 1201 1913 aliud
1243 1882 1351 1914 esse
1394 1883 1543 1928 quam
1587 1883 1783 1929 corpus.
1871 1867 2019 1915 Vnde
2057 1874 2106 1915 et
2133 1889 2151 1916 2

279 1959 332 2010 17
356 1945 504 1996 dixit:
547 1947 693 1994 ‘Non
718 1962 819 2007 ero,
843 1954 1167 2009 posteaquam
1194 1956 1416 1996 mortuus
1440 1948 1608 1996 fuero.⁷
1656 1946 2106 2010 Gymnosophistae

356 2028 478 2078 nudi
520 2045 605 2092 per
643 2045 822 2091 opacas
861 2028 1037 2077 Indiae
1074 2028 1365 2078 solitudines
1402 2029 1723 2093 perhibentur
1755 2029 2108 2092 philosophari,

356 2110 652 2160 adhibentes
678 2119 870 2159 tantum
903 2102 1198 2174 genitalibus
1233 2111 1464 2174 tegmina.
1538 2111 1864 2175 Gymnasium
1889 2110 2021 2160 enim
2048 2127 2106 2160 ex

358 2210 418 2243 eo
444 2192 632 2242 dictum
666 2202 757 2253 est,
781 2194 918 2255 quod
952 2192 1153 2242 iuvenes
1187 2193 1309 2243 nudi
1346 2202 1685 2242 exercerentur
1717 2193 1768 2242 in
1802 2210 1994 2257 campo,
2021 2193 2106 2242 ubi

359 2275 596 2339 pudenda
620 2275 723 2323 sola
749 2283 941 2322 tantum
966 2274 1206 2336 operiunt.
1259 2274 1331 2323 Hi
1357 2285 1404 2324 et
1428 2292 1457 2323 a
1481 2276 1764 2338 generando
1784 2292 1835 2323 se
1854 2276 2103 2324 cohibent.

279 2361 335 2410 18
359 2358 604 2420 Theologi
629 2364 796 2405 autem
822 2355 955 2405 idem
982 2365 1096 2405 sunt
1122 2357 1205 2419 qui
1231 2365 1279 2405 et
1306 2356 1517 2419 Physici.
1595 2356 1730 2405 Dicti
1754 2366 1922 2406 autem
1948 2358 2108 2406 Theo-

359 2438 470 2502 logi,
499 2437 734 2502 quoniam
762 2439 811 2485 in
837 2437 1027 2502 scriptis
1052 2439 1151 2488 suis
1177 2439 1240 2487 de
1268 2440 1379 2486 Deo
1412 2439 1652 2487 dixerunt.
1727 2441 1954 2501 Quorum
1979 2439 2110 2489 varia

360 2529 553 2568 constat
600 2519 784 2582 opinio,
817 2519 938 2583 quid
989 2523 1126 2570 Deus
1174 2529 1302 2570 esset
1349 2521 1469 2569 dum
1512 2529 1814 2583 quaererent.
1890 2519 2108 2583 Quidam

420 2662 436 2687 1
459 2649 537 2688 fuit
554 2663 635 2689 om.
654 2649 714 2687 Kl
828 2650 892 2701 ut]
912 2657 954 2690 et
970 2650 1019 2690 Cl
1135 2663 1158 2688 2
1179 2649 1330 2689 icculto
1346 2649 1393 2688 K
1500 2664 1525 2700 4
1546 2650 1779 2700 particulae
1800 2648 1846 2688 K
1954 2663 1978 2700 5
2002 2664 2108 2689 mor-

364 2706 435 2745 tali
455 2704 501 2742 K
617 2707 643 2742 6
673 2705 879 2744 nominati
898 2705 940 2743 B
1067 2718 1087 2755 7
1119 2718 1239 2755 prop.
1262 2704 1325 2744 ire
1346 2704 1512 2754 coniug.
1536 2704 1582 2743 K
1600 2708 1702 2755 (non
1722 2705 1786 2755 A)
1897 2718 1924 2754 9
1951 2706 2105 2745 iustum

363 2773 446 2800 om.
464 2758 510 2797 K
527 2758 630 2809 <non
651 2759 715 2812 A)
831 2773 881 2798 10
909 2760 998 2811 vel]
1019 2767 1090 2799 aut
1111 2759 1157 2798 K
1173 2761 1276 2811 (non
1295 2759 1356 2808 A)
1378 2774 1386 2798 :
1417 2766 1460 2798 et
1479 2760 1522 2798 in
1549 2759 1587 2798 T
1691 2766 1733 2799 et
1752 2772 1833 2798 om.
1858 2758 1905 2798 K
1921 2760 2023 2810 (non
2042 2760 2106 2808 A)

367 2829 412 2854 11
447 2827 690 2862 nomenque
711 2827 792 2854 om.
816 2814 862 2852 K
882 2816 984 2866 (non
1004 2815 1067 2866 Α)
1233 2827 1281 2864 13
1311 2827 1484 2864 percum
1507 2814 1558 2853 Cl
1702 2827 1749 2862 14
1779 2827 1886 2854 cenu
1906 2814 2000 2865 (-na
2013 2815 2048 2866 3)
2076 2814 2114 2853 T

364 2881 586 2921 corporum
607 2867 687 2906 BC
860 2872 908 2908 16
937 2869 1104 2918 origine
1123 2868 1214 2908 ΒΚ
1397 2882 1442 2919 17
1472 2881 1616 2908 verum
1641 2867 1691 2907 Cl
1870 2870 1919 2908 18
1947 2875 2048 2908 nota
2076 2870 2114 2908 T

369 2938 417 2975 19
446 2929 585 2964 autem
607 2937 688 2963 om.
712 2922 754 2960 Β
863 2937 911 2961 21
943 2930 1165 2974 postquam
1187 2923 1233 2962 K
1339 2936 1391 2973 23
1423 2922 1686 2974 gymnasium
1706 2921 1832 2963 Arev.
1856 2922 1924 2970 (ex
1943 2923 2110 2964 XVIII.

365 2991 473 3018 xv11.
498 2981 572 3030 2);
600 2990 758 3028 gymno
789 2977 885 3027 (gi-‚
916 2992 1000 3030 ge-,
1031 2980 1124 3031 -ne)
1153 2978 1263 3018 codd.
1461 2992 1512 3027 24
1543 2978 1697 3016 dictum
1728 2991 1808 3016 om.
1837 2976 1884 3015 K
1910 2976 2014 3028 (non
2042 2977 2108 3023 A)

365 3035 563 3073 iubentus
583 3032 629 3070 K
643 3032 749 3086 (non
768 3032 832 3081 A)
917 3040 1172 3073 exercentur
1185 3033 1266 3073 BC
1277 3031 1392 3082 (cum
1413 3031 1574 3072 XVIII.
1593 3043 1699 3072 xvn.
1717 3034 1761 3085 2)
1875 3043 1927 3081 25
1956 3033 2047 3072 sula
2065 3032 2112 3071 K

365 3090 467 3139 <non
487 3088 552 3138 A)
717 3088 771 3126 26
799 3087 877 3127 dic.
901 3101 966 3128 au.
992 3088 1120 3128 theol.
1145 3101 1229 3127 om.
1254 3087 1333 3127 CK
1354 3089 1455 3140 (non
1474 3086 1536 3136 A)
1712 3099 1762 3136 27
1792 3086 2012 3137 scripturis
2033 3085 2113 3127 CK

367 3146 419 3183 28
440 3149 553 3182 esset
571 3142 738 3193 quidam
752 3140 811 3180 K¹
828 3156 836 3183 z
859 3148 973 3182 esset
991 3150 1032 3183 et
1050 3144 1147 3182 dum
1164 3148 1420 3193 quaererent
1435 3141 1600 3193 quidam
1619 3139 1680 3180 K2
1748 3146 1896 3192 queret
1913 3147 1960 3183 ut
1971 3141 2050 3182 vid.
2077 3139 2115 3180 T

2125 651 2146 691 5

2131 1069 2179 1096 10

2129 1476 2176 1516 15

2133 2298 2179 2339 25
