2176 3424
1106 131 1378 180 ISIDORI

294 265 351 311 13
375 256 581 307 Crassus
607 259 707 306 dux
738 267 924 323 captus.
999 260 1240 309 Edessam
1265 261 1439 310 urbem
1465 261 1861 326 Mesopotamiae
1894 262 2118 313 condidit

377 339 670 401 Nembroth,
691 341 818 390 filius
846 341 998 402 Chus‚
1018 350 1283 406 postquam
1309 344 1373 392 de
1399 342 1656 407 Babylone
1680 343 1918 407 migravit,
1945 344 1995 393 in
2021 362 2119 409 qua

375 429 422 469 et
459 423 676 485 regnavit
693 440 708 483 3
753 440 881 486 quae
917 432 1064 472 antea
1098 426 1263 473 Arach
1299 426 1648 489 cognominata
1683 436 1770 475 est.
1855 428 1971 490 Ipse
2006 444 2119 475 con-

374 505 546 553 struxit
571 513 619 553 et
644 504 953 566 Chalannen,
982 523 1109 569 quae
1134 515 1306 570 postea
1330 523 1471 556 verso
1497 507 1699 557 nomine
1723 525 1752 557 a
1776 509 1983 558 Seleuco
2008 525 2120 573 rege

373 585 505 635 dicta
553 595 626 636 est
667 587 905 636 Seleucia.
983 587 1377 652 Philadelphiam
1416 589 1588 639 urbem
1636 590 1847 639 Arabiae
1895 589 2120 640 condidit
2142 610 2165 650 5

375 668 635 731 Raphaim,
680 686 800 733 gens
848 669 1205 733 antiquissima,
1249 688 1397 735 quam
1446 671 1794 721 interfecerunt
1837 672 1922 720 filii
1971 674 2117 722 Loth.

291 763 348 811 14
371 752 621 810 Seleucus,
663 768 789 800 unus
832 769 890 802 ex
929 752 1135 816 posteris
1174 754 1454 814 Alexandri,
1496 764 1608 817 post
1646 764 1856 804 mortem
1896 754 2118 804 eiusdem

372 832 639 883 Alexandri
679 844 923 898 occupato
964 851 1116 899 regno
1158 835 1358 885 orientis
1396 836 1569 885 urbem
1611 835 1662 884 in
1702 836 1837 900 Syria
1878 835 2116 897 condidit,

372 931 582 978 eamque
607 932 666 965 ex
691 916 928 965 Antiochi
954 916 1102 980 patris
1129 917 1202 966 sui
1228 917 1431 967 nomine
1456 917 1774 968 Antiochiam
1800 917 2115 982 nuncupavit,

371 1006 419 1046 et
445 996 609 1061 Syriae
633 1008 782 1062 caput
802 998 1024 1048 instituit.
1078 1002 1192 1063 Ipse
1217 1016 1417 1063 quoque
1437 998 1726 1048 Laudiciam
1753 1009 1800 1049 et
1826 999 2115 1061 Seleuciam,
2143 1021 2176 1048 1<

295 1088 349 1137 15
370 1078 475 1143 ipse
517 1080 781 1144 Apamiam
830 1091 878 1130 et
922 1083 1163 1131 Edessam
1210 1081 1384 1131 urbem
1433 1082 1717 1132 construxit.
1814 1084 2115 1131 Damascum

370 1162 535 1225 Syriae
590 1162 843 1213 conditam
900 1174 948 1213 et
996 1173 1334 1228 nuncupatam
1381 1182 1410 1213 a
1460 1167 1711 1214 Damasco
1765 1163 2116 1228 dispensatoris

368 1247 598 1295 Abrahae
625 1245 741 1294 filio.
813 1249 957 1296 Haec
989 1256 1135 1296 antea
1160 1246 1210 1296 in
1247 1247 1384 1297 omni
1410 1246 1546 1310 Syria
1577 1246 1734 1296 tenuit
1757 1246 2117 1311 principatum,

370 1329 585 1378 necdum
628 1328 761 1378 enim
804 1329 1047 1378 florebant
1088 1328 1156 1378 ibi
1201 1328 1482 1390 Antiochia,
1521 1329 1759 1379 Laudicia
1801 1339 1849 1379 et
1891 1327 2117 1392 Apamia,

368 1426 491 1471 quas
531 1410 676 1459 urbes
720 1419 833 1475 post
870 1412 1210 1461 Alexandrum
1254 1420 1559 1461 constructas
1603 1428 1711 1461 esse
1753 1410 2115 1474 cognoscimus.
2143 1430 2175 1472 1.⁴

369 1490 471 1540 Hic
519 1500 591 1541 est
638 1493 915 1542 Damascus
972 1510 1122 1557 quem
1171 1494 1426 1543 Abraham
1474 1494 1690 1542 futurum
1739 1492 1832 1542 sibi
1879 1494 2113 1542 heredem

283 1571 342 1620 16
366 1571 567 1633 dixerat,
595 1582 864 1638 antequam
890 1585 1018 1625 esset
1043 1574 1112 1623 illi
1137 1575 1407 1638 promissus
1435 1577 1585 1625 Isaac.
1663 1577 1847 1626 Gazam
1873 1573 2113 1638 oppidum

367 1655 675 1705 Palaestinae
699 1656 1033 1707 condiderunt
1058 1659 1195 1718 Evei,
1219 1659 1269 1706 in
1295 1674 1393 1721 qua
1418 1657 1762 1707 habitaverunt
1787 1657 2115 1720 Cappadoces

366 1736 581 1800 pristinis
622 1737 892 1788 cultoribus
930 1738 1210 1788 interfectis.
1283 1741 1475 1789 Vocata
1509 1748 1677 1789 autem
1715 1741 1847 1788 Gaza
1883 1755 1943 1787 eo
1979 1738 2116 1801 quod

365 1818 434 1867 ibi
491 1819 763 1883 Cambyses
813 1836 895 1870 rex
944 1823 1201 1870 Persarum
1259 1822 1551 1870 thensauros
1600 1838 1714 1871 suos
1771 1819 1950 1884 posuit,
2001 1835 2114 1868 cum
2142 1841 2176 1869 2·

365 1900 550 1950 bellum
576 1901 830 1965 Aegyptiis
861 1901 1105 1952 intulisset
1121 1921 1136 1964 ,·
1173 1905 1429 1952 Persarum
1463 1903 1595 1952 enim
1632 1905 1798 1966 lingua
1830 1904 2114 1951 thesaurum

285 1996 339 2046 17
367 1985 536 2046 ‘gaza'
579 1983 874 2033 nominatur.
951 1984 1195 2034 Philistim
1238 1986 1412 2035 urbem
1456 1985 1787 2035 condiderunt
1829 1983 2080 2049 Allophyli
2100 2003 2114 2045 3

364 2063 468 2127 ipsa
510 2074 584 2114 est
626 2067 858 2124 Ascalon,
895 2067 959 2115 de
1002 2083 1100 2129 qua
1137 2066 1358 2131 superius
1395 2066 1790 2126 memoravimus,
1829 2074 2115 2130 nuncupata

363 2162 422 2194 ex
459 2147 662 2196 nomine
701 2148 934 2208 Cesloim‚
974 2147 1059 2211 qui
1094 2148 1184 2197 fuit
1221 2165 1377 2213 nepos
1416 2150 1576 2199 Cham
1613 2158 1662 2198 et
1697 2148 1823 2197 filius
1861 2149 2111 2198 Mesraim.

282 2229 338 2276 18
365 2229 470 2277 Dor
503 2229 618 2277 urbs
652 2228 743 2278 fuit
776 2230 1032 2293 quondam
1067 2230 1411 2294 potentissima
1427 2249 1442 2292 3
1484 2241 1532 2280 et
1563 2248 1701 2280 versa
1733 2230 1840 2280 vice
1874 2229 2112 2279 Stratonis
2137 2255 2176 2297 η

362 2310 517 2370 turriS,
554 2321 727 2374 postea
758 2312 822 2360 ab
859 2313 1078 2372 Herode,
1116 2328 1228 2376 rege
1263 2314 1496 2372 Iudaeae,
1530 2312 1581 2360 in
1615 2314 1854 2362 honorem
1889 2313 2112 2363 Caesaris
2171 2304 2176 2306 ’

361 2393 571 2456 Augusti
598 2394 841 2444 Caesarea
877 2403 1176 2458 nuncupata.
1251 2397 1311 2444 In
1345 2412 1443 2459 qua
1470 2396 1668 2445 Corneli
1695 2396 1901 2444 domum
1929 2392 2111 2445 Christi

417 2543 435 2569 1
468 2537 678 2571 crassatus
699 2532 741 2570 Β
880 2532 1122 2573 Hedessam
1161 2532 1199 2571 T
1377 2547 1402 2571 2
1432 2533 1611 2572 nebroth
1643 2531 1731 2572 ΒΚ
1736 2532 1788 2572 T2
1924 2545 1998 2571 cus
2027 2531 2115 2571 BT

358 2587 403 2625 in
425 2599 506 2637 qua
539 2592 581 2626 et
614 2599 703 2636 reg.
724 2601 805 2626 om.
832 2586 879 2625 K
1039 2601 1065 2638 3
1093 2592 1221 2627 antea
1250 2586 1337 2626 lare
1362 2587 1429 2627 B:
1459 2593 1560 2627 ante
1579 2587 1666 2626 lare
1691 2588 1726 2626 C
1747 2602 1757 2627 ε
1786 2593 1909 2626 antea
1930 2587 2016 2626 iare
2037 2586 2108 2626 K:

357 2647 483 2680 antea
502 2642 627 2680 harec
654 2641 691 2681 T
813 2642 906 2692 ipsa
924 2642 966 2680 Β
1129 2655 1154 2692 4
1184 2642 1415 2682 chalannae
1434 2641 1501 2683 B:
1532 2642 1705 2681 calanae
1727 2641 1804 2683 C1:
1834 2642 2019 2681 callanae
2038 2641 2106 2681 K:
2165 2655 2176 2657 “

357 2697 535 2736 calanne
562 2696 601 2736 T
743 2699 770 2735 6
797 2697 941 2735 rabam
969 2695 1008 2735 T
1111 2697 1262 2746 ingens
1290 2695 1328 2735 T
1469 2711 1492 2748 7
1525 2697 1708 2747 posteris
1729 2696 1796 2736 K:
1829 2697 1973 2748 pueris
1989 2695 2114 2736 BCT
2168 2748 2176 2749 ἶ

355 2757 454 2801 post
474 2781 485 2792 .
507 2781 519 2791 .
541 2781 550 2793 .
571 2750 697 2791 Alex.
717 2764 802 2791 om.
827 2749 877 2789 Cl
1065 2764 1115 2790 10
1143 2751 1377 2791 laudociam
1400 2751 1538 2805 (·oti-)
1567 2751 1643 2790 ΤΒ
1779 2756 1822 2790 et
1852 2751 1939 2791 Sel.
1960 2763 2043 2790 om.
2075 2750 2115 2790 T

357 2818 404 2898 ἒ
429 2807 522 2858 ³9⁵³
543 2804 1021 2900 ‘Zmffirebaffissam
1039 2805 1362 2900 Ιῗζυῗιῖἰῗῗὲῗ
1461 2805 1776 2900 Ἦῗῗᾷὲῗῖι·
1796 2805 1832 2844 c
1895 2811 2109 2899 1n¹³u2¹¹tr⁶

354 2928 406 2953 22
435 2874 628 2955 nomin‘zit
645 2915 687 2954 Β
809 2915 999 2966 allophili
1021 2915 1056 2955 C
1071 2930 1080 2955 ε
1109 2915 1252 2955 allofili
1272 2915 1359 2955 ΒΤ
1371 2929 1380 2954 :
1409 2915 1584 2967 alophili
1604 2914 1652 2954 K
1784 2927 1836 2964 23
1865 2873 2099 2953 nomcilnavi-

356 2983 449 3009 mus
486 2970 527 3010 Β
691 2983 741 3020 24
772 2970 927 3009 ceslom
961 2970 1042 3010 C1:
1081 2970 1255 3010 cesloim
1289 2970 1330 3009 Β
1455 2983 1547 3011 cam
1587 2968 1643 3009 T:
1685 2969 1780 3009 cain
1814 2967 1860 3007 K
1875 2981 1885 3007 :
1926 2969 2024 3008 kam
2054 2968 2098 3008 Β
2172 3008 2176 3010 .

356 3030 399 3063 et
419 3025 476 3065 fil.
499 3039 582 3065 om.
607 3025 652 3065 K
789 3026 969 3065 mesrain
989 3024 1078 3065 ΒΚ
1229 3026 1284 3064 26
1314 3025 1403 3065 Iud.
1425 3025 1467 3065 in
1485 3037 1593 3076 quae
1613 3024 1710 3064 hon.
1727 3023 1784 3062 Β1
1896 3035 2044 3064 caesar
2061 3022 2102 3062 B

355 3091 406 3128 27
437 3081 594 3120 cesaria
616 3085 681 3119 est
702 3093 771 3120 nu.
801 3078 839 3117 T
945 3081 1094 3119 domus
1115 3079 1160 3118 K
2152 3086 2158 3087 ’
