2176 3424
439 105 712 170 ISIDORI
757 108 1391 160 ETYMOLOGIARVM
1432 113 1560 161 LIB.
1600 115 1690 162 XI.
1730 113 1792 174 iii,
1822 117 1867 163 iv

185 242 254 289 39
280 233 687 284 Onocentaurum
724 244 890 284 autem
929 240 1089 287 vocari
1126 256 1186 288 eo
1222 242 1359 303 quod
1396 242 1559 291 media
1595 242 1809 292 hominis
1846 245 2023 309 specie,

280 315 444 364 media
462 316 587 365 asini
606 333 714 367 esse
733 318 924 367 dicatur
941 337 955 380 3
988 319 1113 369 sicut
1133 331 1181 370 et
1201 322 1611 386 Hippocentauri,
1630 328 1766 388 quod
1785 343 2023 390 equorum

278 397 639 462 hominumque
664 399 715 448 in
745 400 813 449 eis
840 410 1013 451 natura
1038 403 1304 453 coniuncta
1328 405 1477 455 fuisse
1501 416 1710 470 putatur.

196 493 254 533 IV
415 483 498 528 DE
523 497 977 532 TRANSFORMATIS.
1040 485 1331 536 Scribuntur
1355 498 1521 536 autem
1547 499 1594 538 et
1619 491 1863 552 quaedam
1890 507 2022 539 mon-

277 570 497 612 struosae
517 563 778 613 hominum
798 567 1251 618 transformationes
1271 578 1320 618 et
1339 571 1752 619 commutationes
1771 570 1822 620 in
1840 572 2024 632 bestiis,
2050 592 2072 633 5

277 643 402 693 sicut
427 646 491 694 de
516 644 598 694 illa
617 663 759 710 maga
785 648 1111 698 famosissima
1137 651 1293 711 Circe,
1313 668 1440 715 quae
1466 651 1626 701 socios
1652 669 1851 717 quoque
1870 654 2024 703 Vlixis

277 737 495 776 mutasse
538 730 686 778 fertur
729 731 778 777 in
818 730 1029 781 bestias:
1081 742 1128 781 et
1170 734 1234 782 de
1273 734 1565 795 Arcadibus,
1595 735 1679 798 qui
1719 744 1848 783 sorte
1889 736 2023 784 ducti

277 811 651 860 transnatabant
677 813 932 874 quoddam
971 822 1199 877 stagnum
1235 824 1385 878 atque
1421 815 1489 863 ibi
1527 817 1940 866 convertebantur
1975 818 2025 867 in

223 911 253 946 2
278 893 436 954 lupos.
512 895 642 942 Nam
678 903 724 942 et
753 894 1014 944 Diomedis
1050 896 1210 945 socios
1245 898 1294 945 in
1329 899 1548 947 volucres
1582 898 1731 948 fuisse
1763 915 2025 948 conversos

277 990 379 1022 non
405 975 633 1024 fabuloso
659 977 934 1038 mendacio,
964 980 1051 1027 sed
1077 978 1308 1028 historica
1340 980 1682 1030 adfirmatione
1715 983 2022 1032 confirmant.
2053 998 2100 1026 10

279 1057 378 1105 Sed
404 1066 451 1105 et
477 1058 680 1121 quidam
707 1060 941 1108 adserunt
967 1060 1148 1124 Strigas
1182 1079 1240 1110 ex
1264 1062 1550 1111 hominibus
1576 1063 1694 1112 fieri.
1765 1065 1847 1112 Ad
1873 1067 2026 1114 multa

278 1140 411 1186 enim
436 1140 691 1189 latrocinia
718 1143 899 1205 figurae
934 1144 1281 1192 sceleratorum
1316 1154 1580 1205 mutantur,
1610 1154 1657 1194 et
1690 1144 1790 1194 sive
1826 1146 2025 1209 magicis

277 1221 518 1282 cantibus,
565 1225 666 1272 sive
715 1225 978 1273 herbarum
1027 1226 1268 1274 veneficio
1317 1226 1431 1274 totis
1480 1226 1768 1291 corporibus
1810 1227 1859 1275 in
1902 1230 2025 1276 feras

221 1319 252 1365 3
278 1311 546 1353 transeunt.
637 1305 891 1368 Siquidem
938 1317 985 1356 et
1027 1325 1113 1371 per
1155 1318 1379 1357 naturam
1423 1311 1656 1373 pleraque
1699 1309 2023 1359 mutationem

276 1386 531 1450 recipiunt,
563 1397 610 1436 et
635 1398 863 1452 corrupta
889 1389 938 1437 in
973 1391 1187 1440 diversas
1214 1391 1402 1455 species
1428 1394 1862 1454 transformantur3
1900 1393 2025 1443 sicut
2055 1411 2099 1450 15

275 1471 338 1518 de
375 1469 639 1519 vitulorum
677 1471 906 1520 carnibus
944 1473 1151 1536 putridis
1188 1490 1321 1536 apes,
1351 1474 1476 1523 sicut
1513 1476 1576 1524 de
1612 1476 1751 1538 equis
1789 1476 2020 1537 scarabei,

274 1554 337 1601 de
381 1552 524 1602 mulis
568 1555 801 1613 locustae,
843 1555 907 1603 de
949 1555 1137 1604 cancris
1177 1557 1476 1619 scorpiones.
1547 1556 1754 1607 Ovidius
1795 1557 2020 1622 (Metam.

280 1635 520 1699 15‚369)³

547 1719 781 1768 Concava
818 1718 975 1768 litorei
1013 1719 1052 1768 si
1089 1722 1260 1769 demas
1296 1721 1497 1770 brachia
1531 1723 1708 1782 cancri,

547 1802 741 1864 scorpio
779 1801 943 1861 exibit,
984 1803 1243 1865 caudaque
1281 1803 1547 1851 minabitur
1582 1820 1723 1852 unca.
2050 1823 2101 1850 20

331 1944 355 1968 2
385 1930 580 1970 dicantur
620 1931 656 1968 T
760 1930 1061 1982 ipocentaurus
1099 1932 1136 1969 T
1238 1931 1371 1984 quod]
1405 1933 1504 1982 quia
1538 1932 1576 1970 Β
1741 1946 1765 1983 3
1796 1933 1835 1971 in
1876 1947 1961 1974 om.
1992 1934 2027 1974 C

275 1985 481 2036 probatur
509 1987 550 2024 B
687 2001 711 2036 4
741 1999 806 2025 au.
833 1988 983 2036 quaed.
1017 1986 1053 2024 T
1182 1999 1206 2036 5
1236 1987 1609 2026 commutationem
1639 1987 1684 2025 K
1817 1990 1844 2026 6
1873 2001 2025 2038 magna

279 2039 369 2078 KT
473 2041 757 2080 fomosissima
781 2041 817 2079 T
922 2041 1059 2081 circee
1082 2041 1135 2082 T:
1167 2042 1349 2080 circeate
1364 2041 1430 2081 B:
1458 2043 1658 2081 circiatae
1673 2042 1720 2081 K
1842 2056 1862 2092 7
1884 2050 2023 2083 sortes

276 2095 342 2135 K:
375 2096 503 2134 sortis
523 2095 580 2133 Β1
693 2097 805 2135 ducti
828 2110 877 2135 ex
896 2097 1025 2136 iuncti
1046 2096 1114 2136 K:
1143 2097 1298 2136 iunctis
1316 2096 1372 2134 Bl
1390 2111 1398 2135 :
1429 2097 1606 2136 devictis
1624 2096 1668 2135 D
1737 2126 1740 2130 .
1832 2100 1857 2136 8
1887 2104 2022 2137 trans-

279 2151 485 2189 natabunt
509 2150 566 2190 C:
600 2163 683 2191 om.
706 2150 763 2189 Β1
893 2153 1098 2200 quosdam
1120 2151 1165 2189 K
1286 2152 1592 2190 convertebant
1621 2151 1658 2189 T
1797 2165 1844 2191 10
1873 2166 1958 2192 non
1981 2154 2020 2191 in

277 2205 359 2244 fab.
391 2204 427 2242 T
533 2205 638 2258 ads.]
660 2206 939 2245 admiratione
956 2206 1002 2244 K
1129 2220 1174 2246 11
1199 2207 1272 2245 sed
1288 2220 1370 2246 om.
1393 2206 1428 2244 C
1509 2207 1583 2258 ex]
1599 2207 1639 2245 in
1655 2206 1700 2244 K
1824 2220 1871 2257 13
1891 2209 2020 2246 bene·

279 2260 372 2298 ficio
399 2259 435 2296 T
539 2274 583 2309 17
608 2261 858 2311 scorpiones
879 2275 927 2300 ex
945 2261 1087 2299 -nibus
1115 2260 1152 2298 T
1268 2274 1320 2300 20
1351 2260 1454 2299 exiit
1473 2260 1521 2300 Cl
