2228 3444
603 153 1240 202 ETYMOLOGIARVM
1279 155 1412 202 LIB.
1456 156 1496 203 Ι.
1535 154 1749 204 xlii—xliv

153 285 275 324 XLII
440 277 522 323 DE
558 291 736 325 PRers
770 292 1093 326 AVCTomssvs
1129 293 1508 328 HISTORIARVM.
1585 279 1859 329 Historiam
1892 289 2058 329 autem

301 358 435 419 apud
469 375 560 406 nos
595 357 781 420 primus
817 361 1019 422 Moyses
1050 361 1114 408 de
1148 359 1288 409 initio
1323 361 1498 410 mundi
1531 361 1834 426 conscripsit.
1908 364 2060 425 Apud

301 434 508 498 gentiles
545 452 661 485 vero
698 436 884 500 primus
924 440 1080 486 Dares
1125 438 1363 502 Phrygius
1401 441 1464 488 de
1509 439 1710 489 Graecis
1748 450 1796 489 et
1831 439 2061 488 Troianis

303 516 556 567 historiam
592 518 763 579 edidit,
799 537 949 583 quam
984 519 1032 567 in
1067 519 1195 568 foliis
1229 522 1505 584 palmarum
1538 521 1603 570 ab
1637 539 1697 571 eo
1731 521 2069 586 conscriptam*

249 617 278 664 2
304 615 411 648 esse
447 602 622 649 ferunt.
698 603 818 650 Post
858 604 1093 650 Daretem
1130 611 1297 651 autem
1335 602 1384 651 in
1421 603 1628 652 Graecia
1666 605 1956 653 Herodotus
1993 603 2063 652 hi·
2085 621 2106 660 5

303 680 503 730 storiam
531 681 717 745 primus
743 682 941 731 habitus
968 692 1054 731 est.
1130 686 1250 732 Post
1276 701 1424 747 quem
1454 686 1763 748 Pherecydes
1790 684 1961 734 claruit
1987 684 2061 734 his

303 762 610 827 temporibus
637 763 817 827 quibus
847 765 1029 813 Esdras
1055 766 1214 828 legem
1242 764 1449 828 scripsit.

128 859 272 898 XLIII
439 848 521 894 DE
558 861 837 895 VTILITATE
877 862 1175 895 HISTORIAE.
1253 847 1505 897 Historiae
1537 848 1758 912 gentium
1795 867 1897 897 non
1931 848 2063 913 inpe-

299 926 442 976 diunt
482 928 760 991 legentibus
795 928 843 976 in
879 928 954 977 his
990 947 1117 992 quae
1152 929 1290 977 utilia
1323 929 1563 979 dixerunt.
1640 930 1787 979 Multi
1825 931 1957 980 enim
1993 949 2063 980 sa-

298 1008 490 1071 pientes
516 1010 776 1073 praeterita
800 1010 1061 1059 hominum
1087 1021 1222 1074 gesta
1248 1013 1312 1060 ad
1346 1011 1704 1061 institutionem
1730 1012 2060 1076 praesentium
2088 1027 2135 1055 10

298 1089 513 1139 historiis
557 1090 857 1151 indiderunt,
898 1091 1145 1155 Siquidem
1190 1102 1237 1141 et
1279 1110 1365 1155 per
1401 1092 1655 1142 historiam
1699 1111 1893 1142 summa
1934 1104 2061 1143 retro

300 1183 579 1236 temporum
613 1191 959 1238 annorumque
986 1174 1273 1239 supputatio
1299 1175 1733 1239 conprehenditur,
1760 1186 1807 1225 et
1839 1193 1925 1240 per
1950 1194 2061 1226 con-

299 1256 462 1303 sulum
489 1272 759 1319 regumque
784 1273 1069 1305 successum
1096 1259 1251 1305 multa
1275 1257 1550 1307 necessaria
1575 1268 1951 1320 perscrutantur.

133 1351 276 1390 XMV
440 1340 524 1385 DE
561 1354 856 1386 GENERlssvs
896 1354 1194 1388 HISTORIAE.
1271 1341 1441 1388 Genus
1485 1338 1716 1388 historiae
1759 1339 1931 1403 triplex
1974 1349 2060 1388 est.

301 1420 592 1484 Ephemeris
618 1438 835 1484 namque
855 1423 1129 1485 appellatur
1149 1421 1293 1470 unius
1314 1421 1413 1470 diei
1438 1421 1610 1485 gestio.
1673 1425 1790 1471 Hoc
1809 1424 1942 1485 apud
1969 1439 2059 1470 nos
2087 1436 2132 1476 15

298 1501 508 1551 diarium
525 1513 740 1551 vocatur.
794 1504 925 1552 Nam
943 1505 1080 1566 quod
1099 1502 1262 1551 Latini
1280 1502 1527 1562 diurnum,
1549 1502 1725 1552 Graeci
1742 1502 2060 1566 ephemerida

244 1596 274 1630 2
298 1583 487 1632 dicunt.
561 1584 864 1633 Kalendaria
887 1586 1211 1648 appellantur,
1235 1601 1363 1647 quae
1388 1584 1438 1632 in
1464 1601 1660 1634 menses
1686 1584 1903 1648 singulos
1930 1584 2059 1647 dige-

244 1674 481 1724 3runtur.
557 1668 779 1714 Annales
825 1675 938 1714 sunt
982 1683 1060 1715 res
1103 1666 1409 1729 singulorum
1451 1683 1710 1715 annorum.
1785 1668 2058 1729 Quaequae

298 1747 431 1796 enim
472 1747 622 1811 digna
665 1748 932 1798 memoriae
975 1748 1113 1797 domi
1156 1748 1472 1812 militiaeque,
1512 1748 1633 1797 mari
1675 1766 1732 1797 ac
1776 1758 1929 1796 terrae
1973 1764 2059 1811 per

296 1846 454 1878 annos
482 1829 532 1877 in
558 1829 926 1878 commentariis
951 1839 1061 1878 acta
1086 1839 1212 1889 sunt,
1232 1830 1295 1877 ab
1320 1829 1661 1879 anniversariis
1686 1829 1834 1894 gestis
1853 1831 2056 1878 annales
2083 1850 2134 1876 20

239 1929 271 1975 4
296 1910 690 1960 nominaverunt.
767 1911 990 1960 Historia
1014 1920 1181 1961 autem
1207 1913 1473 1960 multorum
1499 1928 1743 1960 annorum
1770 1912 1846 1959 vel
1872 1920 2059 1974 tempo-

295 2010 402 2041 rum
429 2002 515 2053 est,
546 1992 685 2042 cuius
711 1992 964 2056 diligentia
988 1991 1141 2040 annui
1161 1991 1503 2041 commentarii
1529 1992 1578 2040 in
1604 1991 1737 2041 libris
1757 1991 1907 2041 delati
1927 2002 2055 2041 sunt.

297 2076 433 2123 Inter
453 2074 708 2124 historiam
735 2083 903 2124 autem
931 2083 978 2123 et
1004 2075 1207 2122 annales
1234 2076 1330 2123 hoc
1357 2074 1570 2134 interest,
1595 2075 1731 2137 quod
1757 2073 1958 2123 historia
1984 2083 2057 2122 est

296 2173 464 2205 eorum
515 2166 796 2219 temporum
845 2173 973 2220 quae
1020 2155 1251 2217 vidimus,
1293 2158 1496 2206 annales
1544 2173 1659 2205 vero
1715 2165 1829 2205 sunt
1884 2173 2054 2205 eorum

296 2255 541 2286 annorum
579 2255 704 2301 quos
741 2247 874 2286 aetas
922 2247 1090 2286 nostra
1131 2255 1234 2285 non
1277 2238 1427 2287 novit.
1500 2239 1648 2286 Vnde
1692 2237 1948 2286 Sallustius
1996 2254 2054 2286 ex
2081 2257 2128 2297 25

297 2319 513 2380 historia,
534 2320 717 2381 Livius,
739 2319 986 2369 Eusebius
1004 2329 1052 2369 et
1075 2319 1414 2383 Hieronymus
1433 2337 1492 2369 ex
1507 2318 1769 2369 annalibus
1786 2327 1833 2368 et
1852 2318 2055 2368 historia

238 2422 269 2470 5
297 2412 540 2452 constant.
616 2405 746 2452 Item
791 2402 917 2451 inter
959 2401 1214 2451 historiam
1260 2412 1307 2451 et
1350 2411 1697 2465 argumentum
1741 2411 1788 2450 et
1835 2400 2053 2450 fabulam

295 2483 542 2533 interesse.
630 2486 762 2534 Nam
805 2483 1037 2533 historiae
1086 2493 1199 2532 sunt
1242 2500 1316 2532 res
1359 2500 1503 2532 verae
1540 2500 1668 2546 quae
1710 2485 1867 2532 factae
1909 2492 2054 2544 sunt3

292 2576 582 2629 argumenta
615 2576 729 2615 sunt
755 2583 882 2630 quae
909 2565 999 2614 etsi
1036 2567 1165 2613 facta
1195 2582 1298 2613 non
1332 2574 1460 2625 sunt,
1488 2564 1591 2614 fieri
1616 2574 1782 2614 tamen
1815 2573 2054 2628 possunt,·

293 2648 490 2696 fabulae
524 2664 638 2697 vero
672 2657 787 2696 sunt
813 2665 940 2712 quae
977 2664 1070 2696 nec
1095 2648 1253 2695 factae
1291 2656 1405 2695 sunt
1434 2663 1527 2696 nec
1554 2645 1655 2695 fieri
1688 2655 1909 2710 possunt,
1936 2645 2052 2710 quia
2075 2663 2127 2703 30

293 2739 464 2778 contra
488 2739 713 2778 naturam
741 2739 867 2778 sunt.

347 2863 372 2887 2
402 2849 582 2900 primum
608 2848 646 2887 T
726 2861 750 2899 5
782 2850 835 2888 se.
858 2863 917 2888 es.
940 2849 986 2888 K
1067 2854 1209 2887 autem
1231 2861 1313 2888 om.
1343 2848 1382 2886 T
1460 2848 1688 2888 historicus
1709 2848 1834 2888 Arev.
1926 2860 1948 2896 7
1977 2860 2047 2897 qu.

292 2918 375 2944 om.
396 2904 458 2943 K1
566 2917 610 2942 11
635 2903 679 2942 in
693 2904 840 2943 storiis
862 2904 899 2942 T
1018 2915 1065 2953 13
1095 2907 1444 2954 praescrutantur
1462 2902 1514 2942 Cl
1642 2916 1690 2952 14
1722 2902 1830 2942 Nam
1851 2914 1986 2952 genus
2006 2902 2053 2941 K

297 2971 344 3008 15
375 2958 578 3010 namque]
594 2958 705 2998 enim
721 2958 767 2997 K
878 2960 926 2997 16
956 2958 1036 2998 dia.
1060 2958 1177 3008 greci
1193 2963 1334 2997 autem
1351 2970 1387 2997 e.
1416 2957 1463 2996 K
1481 2957 1646 3009 (mediis
1665 2958 1768 3008 om.)
1885 2969 1932 3006 17
1963 2957 2050 2995 sin-

292 3014 403 3063 gulis
431 3014 469 3054 T
534 3014 775 3063 diriguntur
794 3013 888 3052 AK
993 3014 1041 3052 18
1070 3026 1261 3063 quaeque
1280 3011 1382 3051 BC:
1404 3025 1570 3063 queque
1591 3012 1681 3051 KT
1781 3024 1830 3062 19
1861 3010 1988 3060 digne
2018 3011 2056 3050 T

293 3069 361 3121 ac]
392 3075 435 3108 et
467 3069 559 3107 TK1
583 3074 628 3108 ut
653 3068 733 3108 vid.
861 3081 908 3106 21
939 3068 1080 3107 Storie
1111 3067 1162 3106 Tl
1193 3078 1196 3079 ⁷
1312 3080 1364 3105 22
1396 3067 1555 3119 est]‘e‘t
1583 3066 1621 3105 T
1687 3066 1948 3117 diligentiam
1969 3065 2057 3106 BT

291 3138 343 3173 24
372 3123 564 3162 videmus
585 3124 672 3162 ΒΚ
831 3125 884 3162 26
914 3122 1024 3163 hist.'
1039 3121 1153 3173 Liv.]
1174 3121 1463 3162 historialibus
1481 3121 1594 3162 codd.
1618 3137 1627 3161 :
1657 3134 1756 3161 corr.
1780 3121 1958 3160 Dressel.
1981 3122 2050 3172 (ex

292 3179 407 3218 Sevv.
430 3178 488 3217 ad
503 3178 612 3216 Aen.
640 3191 672 3227 1,
694 3177 791 3228 373)
906 3179 957 3216 28
986 3178 1192 3217 interesse
1212 3176 1324 3216 BT:
1353 3177 1529 3216 interest
1550 3176 1630 3216 CK
1701 3175 1879 3215 historia
1892 3181 1956 3216 est
1977 3175 2048 3214 K:

297 3233 454 3274 storiae
477 3239 542 3273 est
558 3233 610 3272 Cl
722 3233 831 3272 facta
859 3232 897 3271 T
1056 3245 1110 3282 29
1137 3236 1431 3282 argumentum
1453 3231 1500 3270 K
1994 3240 2001 3244 ⁴
