<?xml version="1.0" encoding="UTF-8"?>
<!DOCTYPE html PUBLIC "-//W3C//DTD XHTML 1.0 Transitional//EN"
    "http://www.w3.org/TR/xhtml1/DTD/xhtml1-transitional.dtd">
<html xmlns="http://www.w3.org/1999/xhtml" xml:lang="en" lang="en">
 <head>
  <title>
</title>
<meta http-equiv="Content-Type" content="text/html;charset=utf-8" />
  <meta name='ocr-system' content='tesseract 3.04.00' />
  <meta name='ocr-capabilities' content='ocr_page ocr_carea ocr_par ocr_line ocrx_word'/>
</head>
<body>
  <div class='ocr_page' id='page_1' title='image "./isidori01isiduoft/isidori01isiduoft_0342.png"; bbox 0 0 2176 3424; ppageno 0'>
   <div class='ocr_carea' id='block_1_1' title="bbox 1067 149 1338 198">
    <p class='ocr_par' dir='ltr' id='par_1_1' title="bbox 1067 149 1338 198">
     <span class='ocr_line' id='line_1_1' title="bbox 1067 149 1338 198; baseline 0 -1"><span class='ocrx_word' id='word_1_1' title='bbox 1067 151 1154 198; x_wconf 87' lang='lat' dir='ltr'>lSI</span> <span class='ocrx_word' id='word_1_2' title='bbox 1167 149 1338 198; x_wconf 87' lang='lat' dir='ltr'>DORI</span> 
     </span>
    </p>
   </div>
   <div class='ocr_carea' id='block_1_2' title="bbox 229 280 2142 2635">
    <p class='ocr_par' dir='ltr' id='par_1_2' title="bbox 229 280 2142 2061">
     <span class='ocr_line' id='line_1_2' title="bbox 322 280 2069 345; baseline -0.001 -17"><span class='ocrx_word' id='word_1_3' title='bbox 322 281 435 328; x_wconf 88' lang='lat' dir='ltr'>ideo</span> <span class='ocrx_word' id='word_1_4' title='bbox 473 290 619 344; x_wconf 90' lang='lat' dir='ltr'>caput</span> <span class='ocrx_word' id='word_1_5' title='bbox 660 281 906 344; x_wconf 81' lang='lat' dir='ltr'>Gorgonis</span> <span class='ocrx_word' id='word_1_6' title='bbox 942 282 1150 345; x_wconf 89' lang='lat' dir='ltr'>fingitur,</span> <span class='ocrx_word' id='word_1_7' title='bbox 1188 282 1325 345; x_wconf 87' lang='lat' dir='ltr'>quod</span> <span class='ocrx_word' id='word_1_8' title='bbox 1359 281 1457 330; x_wconf 92' lang='lat' dir='ltr'>illic</span> <span class='ocrx_word' id='word_1_9' title='bbox 1491 289 1562 330; x_wconf 88' lang='lat' dir='ltr'>est</span> <span class='ocrx_word' id='word_1_10' title='bbox 1595 280 1757 329; x_wconf 89' lang='lat' dir='ltr'>omnis</span> <span class='ocrx_word' id='word_1_11' title='bbox 1794 280 2069 344; x_wconf 90' lang='lat' dir='ltr'>prudentia,</span> 
     </span>
     <span class='ocr_line' id='line_1_3' title="bbox 321 363 2067 427; baseline -0.002 -14"><span class='ocrx_word' id='word_1_12' title='bbox 321 382 448 427; x_wconf 84' lang='lat' dir='ltr'>quae</span> <span class='ocrx_word' id='word_1_13' title='bbox 485 364 747 413; x_wconf 89' lang='lat' dir='ltr'>confundit</span> <span class='ocrx_word' id='word_1_14' title='bbox 780 364 915 422; x_wconf 81' lang='lat' dir='ltr'>alios,</span> <span class='ocrx_word' id='word_1_15' title='bbox 944 373 990 412; x_wconf 89' lang='lat' dir='ltr'>et</span> <span class='ocrx_word' id='word_1_16' title='bbox 1025 364 1259 427; x_wconf 77' lang='lat' dir='ltr'>inperitos</span> <span class='ocrx_word' id='word_1_17' title='bbox 1293 381 1349 412; x_wconf 90' lang='lat' dir='ltr'>ac</span> <span class='ocrx_word' id='word_1_18' title='bbox 1385 380 1555 412; x_wconf 77' lang='lat' dir='ltr'>saxeos</span> <span class='ocrx_word' id='word_1_19' title='bbox 1590 363 1895 427; x_wconf 82' lang='lat' dir='ltr'>conprobat:</span> <span class='ocrx_word' id='word_1_20' title='bbox 1933 363 2067 425; x_wconf 84' lang='lat' dir='ltr'>quod</span> 
     </span>
     <span class='ocr_line' id='line_1_4' title="bbox 321 445 2067 509; baseline -0.002 -15"><span class='ocrx_word' id='word_1_21' title='bbox 321 455 369 494; x_wconf 89' lang='lat' dir='ltr'>et</span> <span class='ocrx_word' id='word_1_22' title='bbox 395 446 444 494; x_wconf 91' lang='lat' dir='ltr'>in</span> <span class='ocrx_word' id='word_1_23' title='bbox 470 446 685 509; x_wconf 83' lang='lat' dir='ltr'>antiquis</span> <span class='ocrx_word' id='word_1_24' title='bbox 714 448 1075 509; x_wconf 80' lang='lat' dir='ltr'>Imperatorum</span> <span class='ocrx_word' id='word_1_25' title='bbox 1103 446 1273 495; x_wconf 87' lang='lat' dir='ltr'>statuis</span> <span class='ocrx_word' id='word_1_26' title='bbox 1308 445 1553 495; x_wconf 84' lang='lat' dir='ltr'>cernimus</span> <span class='ocrx_word' id='word_1_27' title='bbox 1590 446 1639 493; x_wconf 91' lang='lat' dir='ltr'>in</span> <span class='ocrx_word' id='word_1_28' title='bbox 1671 445 1836 494; x_wconf 90' lang='lat' dir='ltr'>medio</span> <span class='ocrx_word' id='word_1_29' title='bbox 1869 453 2067 507; x_wconf 82' lang='lat' dir='ltr'>pectore</span> 
     </span>
     <span class='ocr_line' id='line_1_5' title="bbox 234 527 2068 591; baseline -0.001 -16"><span class='ocrx_word' id='word_1_30' title='bbox 234 541 297 590; x_wconf 90' lang='lat'>74</span> <span class='ocrx_word' id='word_1_31' title='bbox 322 527 517 586; x_wconf 89' lang='lat' dir='ltr'>loricae,</span> <span class='ocrx_word' id='word_1_32' title='bbox 554 537 755 591; x_wconf 87' lang='lat' dir='ltr'>propter</span> <span class='ocrx_word' id='word_1_33' title='bbox 800 528 1150 577; x_wconf 86' lang='lat' dir='ltr'>insinuandam</span> <span class='ocrx_word' id='word_1_34' title='bbox 1189 527 1482 591; x_wconf 84' lang='lat' dir='ltr'>sapientiam</span> <span class='ocrx_word' id='word_1_35' title='bbox 1519 537 1568 576; x_wconf 87' lang='lat' dir='ltr'>et</span> <span class='ocrx_word' id='word_1_36' title='bbox 1604 527 1849 576; x_wconf 88' lang='lat' dir='ltr'>virtutem.</span> <span class='ocrx_word' id='word_1_37' title='bbox 1926 527 2068 574; x_wconf 88' lang='lat' dir='ltr'>Haec</span> 
     </span>
     <span class='ocr_line' id='line_1_6' title="bbox 323 609 2113 673; baseline -0.002 -15"><span class='ocrx_word' id='word_1_38' title='bbox 323 610 548 659; x_wconf 90' lang='lat' dir='ltr'>Minerva</span> <span class='ocrx_word' id='word_1_39' title='bbox 586 619 634 658; x_wconf 89' lang='lat' dir='ltr'>et</span> <span class='ocrx_word' id='word_1_40' title='bbox 670 610 895 659; x_wconf 88' lang='lat' dir='ltr'>Tritonia</span> <span class='ocrx_word' id='word_1_41' title='bbox 921 610 1113 660; x_wconf 89' lang='lat' dir='ltr'>dicitur.</span> <span class='ocrx_word' id='word_1_42' title='bbox 1185 610 1360 659; x_wconf 87' lang='lat' dir='ltr'>Triton</span> <span class='ocrx_word' id='word_1_43' title='bbox 1400 609 1532 658; x_wconf 89' lang='lat' dir='ltr'>enim</span> <span class='ocrx_word' id='word_1_44' title='bbox 1571 609 1766 658; x_wconf 86' lang='lat' dir='ltr'>Africae</span> <span class='ocrx_word' id='word_1_45' title='bbox 1802 610 1942 672; x_wconf 90' lang='lat' dir='ltr'>palus</span> <span class='ocrx_word' id='word_1_46' title='bbox 1979 616 2068 667; x_wconf 88' lang='lat' dir='ltr'>est,</span> <span class='ocrx_word' id='word_1_47' title='bbox 2092 634 2113 673; x_wconf 79' lang='lat'><strong>5</strong></span> 
     </span>
     <span class='ocr_line' id='line_1_7' title="bbox 321 690 2066 756; baseline -0.002 -16"><span class='ocrx_word' id='word_1_48' title='bbox 321 692 449 740; x_wconf 89' lang='lat' dir='ltr'>circa</span> <span class='ocrx_word' id='word_1_49' title='bbox 498 709 648 754; x_wconf 85' lang='lat' dir='ltr'>quam</span> <span class='ocrx_word' id='word_1_50' title='bbox 687 694 837 740; x_wconf 86' lang='lat' dir='ltr'>fertur</span> <span class='ocrx_word' id='word_1_51' title='bbox 878 692 1099 755; x_wconf 90' lang='lat' dir='ltr'>virginali</span> <span class='ocrx_word' id='word_1_52' title='bbox 1142 692 1426 756; x_wconf 85' lang='lat' dir='ltr'>apparuisse</span> <span class='ocrx_word' id='word_1_53' title='bbox 1469 700 1643 751; x_wconf 88' lang='lat' dir='ltr'>aetate,</span> <span class='ocrx_word' id='word_1_54' title='bbox 1683 699 1881 754; x_wconf 89' lang='lat' dir='ltr'>propter</span> <span class='ocrx_word' id='word_1_55' title='bbox 1930 690 2066 753; x_wconf 87' lang='lat' dir='ltr'>quod</span> 
     </span>
     <span class='ocr_line' id='line_1_8' title="bbox 319 771 2063 838; baseline -0.002 -17"><span class='ocrx_word' id='word_1_56' title='bbox 319 773 544 822; x_wconf 89' lang='lat' dir='ltr'>Tritonia</span> <span class='ocrx_word' id='word_1_57' title='bbox 570 784 854 838; x_wconf 91' lang='lat' dir='ltr'>nuncupata</span> <span class='ocrx_word' id='word_1_58' title='bbox 880 784 966 824; x_wconf 87' lang='lat' dir='ltr'>est.</span> <span class='ocrx_word' id='word_1_59' title='bbox 1039 777 1187 823; x_wconf 85' lang='lat' dir='ltr'>Vnde</span> <span class='ocrx_word' id='word_1_60' title='bbox 1222 783 1270 823; x_wconf 87' lang='lat' dir='ltr'>et</span> <span class='ocrx_word' id='word_1_61' title='bbox 1296 783 1434 822; x_wconf 89' lang='lat' dir='ltr'>tanto</span> <span class='ocrx_word' id='word_1_62' title='bbox 1460 772 1722 836; x_wconf 85' lang='lat' dir='ltr'>proclivius</span> <span class='ocrx_word' id='word_1_63' title='bbox 1748 774 1842 821; x_wconf 91' lang='lat' dir='ltr'>dea</span> <span class='ocrx_word' id='word_1_64' title='bbox 1867 771 2063 830; x_wconf 87' lang='lat' dir='ltr'>credita,</span> 
     </span>
     <span class='ocr_line' id='line_1_9' title="bbox 236 852 2064 920; baseline -0.002 -17"><span class='ocrx_word' id='word_1_65' title='bbox 236 864 297 914; x_wconf 89' lang='lat'>75</span> <span class='ocrx_word' id='word_1_66' title='bbox 320 865 507 918; x_wconf 84' lang='lat' dir='ltr'>quanto</span> <span class='ocrx_word' id='word_1_67' title='bbox 537 855 700 904; x_wconf 90' lang='lat' dir='ltr'>minus</span> <span class='ocrx_word' id='word_1_68' title='bbox 731 856 867 920; x_wconf 89' lang='lat' dir='ltr'>origo</span> <span class='ocrx_word' id='word_1_69' title='bbox 902 856 1006 905; x_wconf 86' lang='lat' dir='ltr'>eius</span> <span class='ocrx_word' id='word_1_70' title='bbox 1041 856 1269 905; x_wconf 89' lang='lat' dir='ltr'>innotuit.</span> <span class='ocrx_word' id='word_1_71' title='bbox 1343 857 1503 904; x_wconf 88' lang='lat' dir='ltr'>Pallas</span> <span class='ocrx_word' id='word_1_72' title='bbox 1535 864 1702 903; x_wconf 89' lang='lat' dir='ltr'>autem</span> <span class='ocrx_word' id='word_1_73' title='bbox 1737 854 1869 902; x_wconf 89' lang='lat' dir='ltr'>dicta</span> <span class='ocrx_word' id='word_1_74' title='bbox 1901 855 1976 902; x_wconf 90' lang='lat' dir='ltr'>vel</span> <span class='ocrx_word' id='word_1_75' title='bbox 2001 852 2064 900; x_wconf 92' lang='lat' dir='ltr'>ab</span> 
     </span>
     <span class='ocr_line' id='line_1_10' title="bbox 319 937 2067 1000; baseline -0.001 -15"><span class='ocrx_word' id='word_1_76' title='bbox 319 939 479 986; x_wconf 91' lang='lat' dir='ltr'>insula</span> <span class='ocrx_word' id='word_1_77' title='bbox 527 940 728 987; x_wconf 87' lang='lat' dir='ltr'>Pallene</span> <span class='ocrx_word' id='word_1_78' title='bbox 776 938 826 986; x_wconf 90' lang='lat' dir='ltr'>in</span> <span class='ocrx_word' id='word_1_79' title='bbox 870 938 1094 998; x_wconf 89' lang='lat' dir='ltr'>Thracia,</span> <span class='ocrx_word' id='word_1_80' title='bbox 1137 940 1186 986; x_wconf 93' lang='lat' dir='ltr'>in</span> <span class='ocrx_word' id='word_1_81' title='bbox 1236 955 1333 1000; x_wconf 85' lang='lat' dir='ltr'>qua</span> <span class='ocrx_word' id='word_1_82' title='bbox 1374 937 1555 985; x_wconf 90' lang='lat' dir='ltr'>nutrita</span> <span class='ocrx_word' id='word_1_83' title='bbox 1595 946 1699 998; x_wconf 70' lang='lat' dir='ltr'>est,</span> <span class='ocrx_word' id='word_1_84' title='bbox 1736 938 1811 984; x_wconf 89' lang='lat' dir='ltr'>vel</span> <span class='ocrx_word' id='word_1_85' title='bbox 1855 937 1946 984; x_wconf 83' lang='grc' dir='ltr'>ἀπὸ</span> <span class='ocrx_word' id='word_1_86' title='bbox 1986 939 2067 984; x_wconf 83' lang='grc' dir='ltr'>τοῦ</span> 
     </span>
     <span class='ocr_line' id='line_1_11' title="bbox 319 1018 2142 1084; baseline -0.004 -16"><span class='ocrx_word' id='word_1_87' title='bbox 319 1022 520 1070; x_wconf 82' lang='grc' dir='ltr'>πάλλειν</span> <span class='ocrx_word' id='word_1_88' title='bbox 543 1022 596 1069; x_wconf 84' lang='grc' dir='ltr'>τὸ</span> <span class='ocrx_word' id='word_1_89' title='bbox 624 1022 746 1084; x_wconf 83' lang='grc' dir='ltr'>δόρυ,</span> <span class='ocrx_word' id='word_1_90' title='bbox 774 1022 823 1069; x_wconf 92' lang='lat' dir='ltr'>id</span> <span class='ocrx_word' id='word_1_91' title='bbox 849 1030 922 1069; x_wconf 88' lang='lat' dir='ltr'>est</span> <span class='ocrx_word' id='word_1_92' title='bbox 947 1022 1010 1069; x_wconf 93' lang='lat' dir='ltr'>ab</span> <span class='ocrx_word' id='word_1_93' title='bbox 1036 1023 1206 1069; x_wconf 89' lang='lat' dir='ltr'>hastae</span> <span class='ocrx_word' id='word_1_94' title='bbox 1232 1019 1558 1068; x_wconf 84' lang='lat' dir='ltr'>concussione</span> <span class='ocrx_word' id='word_1_95' title='bbox 1577 1038 1589 1079; x_wconf 78' lang='lat'>3</span> <span class='ocrx_word' id='word_1_96' title='bbox 1625 1020 1699 1067; x_wconf 83' lang='lat' dir='ltr'>vel</span> <span class='ocrx_word' id='word_1_97' title='bbox 1717 1019 1853 1081; x_wconf 90' lang='lat' dir='ltr'>quod</span> <span class='ocrx_word' id='word_1_98' title='bbox 1881 1018 2068 1065; x_wconf 89' lang='lat' dir='ltr'>Pallan·</span> <span class='ocrx_word' id='word_1_99' title='bbox 2093 1033 2142 1059; x_wconf 92' lang='lat'>10</span> 
     </span>
     <span class='ocr_line' id='line_1_12' title="bbox 229 1101 2062 1167; baseline -0.004 -13"><span class='ocrx_word' id='word_1_100' title='bbox 229 1108 297 1167; x_wconf 89' lang='lat'>76</span> <span class='ocrx_word' id='word_1_101' title='bbox 322 1111 422 1150; x_wconf 87' lang='lat' dir='ltr'>tem</span> <span class='ocrx_word' id='word_1_102' title='bbox 449 1101 695 1165; x_wconf 87' lang='lat' dir='ltr'>gigantem</span> <span class='ocrx_word' id='word_1_103' title='bbox 725 1102 973 1151; x_wconf 91' lang='lat' dir='ltr'>occiderit.</span> <span class='ocrx_word' id='word_1_104' title='bbox 1047 1105 1294 1151; x_wconf 89' lang='lat' dir='ltr'>Venerem</span> <span class='ocrx_word' id='word_1_105' title='bbox 1322 1101 1498 1150; x_wconf 87' lang='lat' dir='ltr'>exinde</span> <span class='ocrx_word' id='word_1_106' title='bbox 1525 1103 1696 1150; x_wconf 89' lang='lat' dir='ltr'>dicunt</span> <span class='ocrx_word' id='word_1_107' title='bbox 1711 1110 2062 1163; x_wconf 86' lang='lat' dir='ltr'>nuncupatam,</span> 
     </span>
     <span class='ocr_line' id='line_1_13' title="bbox 320 1178 2062 1245; baseline -0.002 -17"><span class='ocrx_word' id='word_1_108' title='bbox 320 1183 457 1243; x_wconf 82' lang='lat' dir='ltr'>quod</span> <span class='ocrx_word' id='word_1_109' title='bbox 495 1180 599 1229; x_wconf 86' lang='lat' dir='ltr'>sine</span> <span class='ocrx_word' id='word_1_110' title='bbox 636 1182 679 1229; x_wconf 88' lang='lat' dir='ltr'>vi</span> <span class='ocrx_word' id='word_1_111' title='bbox 731 1181 914 1230; x_wconf 89' lang='lat' dir='ltr'>femina</span> <span class='ocrx_word' id='word_1_112' title='bbox 947 1182 1080 1245; x_wconf 91' lang='lat' dir='ltr'>virgo</span> <span class='ocrx_word' id='word_1_113' title='bbox 1120 1198 1227 1230; x_wconf 91' lang='lat' dir='ltr'>esse</span> <span class='ocrx_word' id='word_1_114' title='bbox 1267 1198 1366 1229; x_wconf 94' lang='lat' dir='ltr'>non</span> <span class='ocrx_word' id='word_1_115' title='bbox 1408 1180 1612 1229; x_wconf 89' lang='lat' dir='ltr'>desinat.</span> <span class='ocrx_word' id='word_1_116' title='bbox 1701 1182 1849 1227; x_wconf 89' lang='lat' dir='ltr'>Hanc</span> <span class='ocrx_word' id='word_1_117' title='bbox 1891 1178 2062 1226; x_wconf 85' lang='lat' dir='ltr'>Graeci</span> 
     </span>
     <span class='ocr_line' id='line_1_14' title="bbox 319 1258 2063 1324; baseline -0.002 -16"><span class='ocrx_word' id='word_1_118' title='bbox 319 1260 607 1324; x_wconf 83' lang='grc' dir='ltr'>Ἀφροδίτην</span> <span class='ocrx_word' id='word_1_119' title='bbox 662 1270 841 1310; x_wconf 90' lang='lat' dir='ltr'>vocant</span> <span class='ocrx_word' id='word_1_120' title='bbox 895 1270 1094 1324; x_wconf 90' lang='lat' dir='ltr'>propter</span> <span class='ocrx_word' id='word_1_121' title='bbox 1150 1277 1375 1323; x_wconf 89' lang='lat' dir='ltr'>spumam</span> <span class='ocrx_word' id='word_1_122' title='bbox 1434 1258 1681 1322; x_wconf 79' lang='lat' dir='ltr'>sanguinis</span> <span class='ocrx_word' id='word_1_123' title='bbox 1729 1267 2063 1321; x_wconf 79' lang='lat' dir='ltr'>generantem.</span> 
     </span>
     <span class='ocr_line' id='line_1_15' title="bbox 235 1341 2063 1407; baseline -0.002 -17"><span class='ocrx_word' id='word_1_124' title='bbox 235 1358 295 1407; x_wconf 96' lang='lat'>77</span> <span class='ocrx_word' id='word_1_125' title='bbox 318 1342 496 1406; x_wconf 83' lang='grc' dir='ltr'>Ἀφρὸς</span> <span class='ocrx_word' id='word_1_126' title='bbox 532 1342 662 1390; x_wconf 91' lang='lat' dir='ltr'>enim</span> <span class='ocrx_word' id='word_1_127' title='bbox 709 1343 898 1390; x_wconf 89' lang='lat' dir='ltr'>Graece</span> <span class='ocrx_word' id='word_1_128' title='bbox 944 1359 1119 1404; x_wconf 89' lang='lat' dir='ltr'>spuma</span> <span class='ocrx_word' id='word_1_129' title='bbox 1164 1351 1377 1390; x_wconf 83' lang='lat' dir='ltr'>vocatur.</span> <span class='ocrx_word' id='word_1_130' title='bbox 1471 1342 1622 1402; x_wconf 85' lang='lat' dir='ltr'>Quod</span> <span class='ocrx_word' id='word_1_131' title='bbox 1664 1349 1829 1388; x_wconf 89' lang='lat' dir='ltr'>autem</span> <span class='ocrx_word' id='word_1_132' title='bbox 1874 1341 2063 1403; x_wconf 84' lang='lat' dir='ltr'>fingunt</span> 
     </span>
     <span class='ocr_line' id='line_1_16' title="bbox 319 1419 2136 1487; baseline -0.004 -14"><span class='ocrx_word' id='word_1_133' title='bbox 319 1428 581 1473; x_wconf 86' lang='lat' dir='ltr'>Saturnum</span> <span class='ocrx_word' id='word_1_134' title='bbox 613 1426 766 1473; x_wconf 89' lang='lat' dir='ltr'>Caelo</span> <span class='ocrx_word' id='word_1_135' title='bbox 792 1424 912 1487; x_wconf 90' lang='lat' dir='ltr'>patri</span> <span class='ocrx_word' id='word_1_136' title='bbox 939 1423 1169 1487; x_wconf 81' lang='lat' dir='ltr'>genitalia</span> <span class='ocrx_word' id='word_1_137' title='bbox 1187 1423 1469 1482; x_wconf 88' lang='lat' dir='ltr'>abscidisse,</span> <span class='ocrx_word' id='word_1_138' title='bbox 1494 1431 1541 1471; x_wconf 89' lang='lat' dir='ltr'>et</span> <span class='ocrx_word' id='word_1_139' title='bbox 1557 1421 1843 1484; x_wconf 88' lang='lat' dir='ltr'>sanguinem</span> <span class='ocrx_word' id='word_1_140' title='bbox 1872 1419 2066 1468; x_wconf 81' lang='lat' dir='ltr'>fluxisse</span> <span class='ocrx_word' id='word_1_141' title='bbox 2092 1440 2136 1479; x_wconf 83' lang='lat'>15</span> 
     </span>
     <span class='ocr_line' id='line_1_17' title="bbox 319 1501 2064 1570; baseline -0.002 -16"><span class='ocrx_word' id='word_1_142' title='bbox 319 1507 368 1554; x_wconf 92' lang='lat' dir='ltr'>in</span> <span class='ocrx_word' id='word_1_143' title='bbox 401 1524 547 1566; x_wconf 88' lang='lat' dir='ltr'>mare,</span> <span class='ocrx_word' id='word_1_144' title='bbox 576 1516 726 1569; x_wconf 81' lang='lat' dir='ltr'>atque</span> <span class='ocrx_word' id='word_1_145' title='bbox 760 1523 819 1554; x_wconf 94' lang='lat' dir='ltr'>eo</span> <span class='ocrx_word' id='word_1_146' title='bbox 854 1523 1029 1570; x_wconf 91' lang='lat' dir='ltr'>spuma</span> <span class='ocrx_word' id='word_1_147' title='bbox 1062 1506 1207 1554; x_wconf 89' lang='lat' dir='ltr'>maris</span> <span class='ocrx_word' id='word_1_148' title='bbox 1238 1514 1467 1554; x_wconf 91' lang='lat' dir='ltr'>concreta</span> <span class='ocrx_word' id='word_1_149' title='bbox 1497 1507 1666 1552; x_wconf 86' lang='lat' dir='ltr'>Venus</span> <span class='ocrx_word' id='word_1_150' title='bbox 1693 1512 1807 1551; x_wconf 89' lang='lat' dir='ltr'>nata</span> <span class='ocrx_word' id='word_1_151' title='bbox 1831 1511 1916 1561; x_wconf 88' lang='lat' dir='ltr'>est,</span> <span class='ocrx_word' id='word_1_152' title='bbox 1945 1501 2064 1550; x_wconf 87' lang='lat' dir='ltr'>illud</span> 
     </span>
     <span class='ocr_line' id='line_1_18' title="bbox 320 1584 2065 1651; baseline -0.003 -15"><span class='ocrx_word' id='word_1_153' title='bbox 320 1589 458 1637; x_wconf 87' lang='lat' dir='ltr'>aiunt</span> <span class='ocrx_word' id='word_1_154' title='bbox 502 1590 638 1651; x_wconf 82' lang='lat' dir='ltr'>quod</span> <span class='ocrx_word' id='word_1_155' title='bbox 674 1605 759 1651; x_wconf 91' lang='lat' dir='ltr'>per</span> <span class='ocrx_word' id='word_1_156' title='bbox 792 1588 976 1636; x_wconf 90' lang='lat' dir='ltr'>coitum</span> <span class='ocrx_word' id='word_1_157' title='bbox 1017 1588 1126 1636; x_wconf 86' lang='lat' dir='ltr'>salsi</span> <span class='ocrx_word' id='word_1_158' title='bbox 1166 1588 1385 1636; x_wconf 89' lang='lat' dir='ltr'>humoris</span> <span class='ocrx_word' id='word_1_159' title='bbox 1426 1586 1698 1635; x_wconf 88' lang='lat' dir='ltr'>substantia</span> <span class='ocrx_word' id='word_1_160' title='bbox 1728 1596 1833 1646; x_wconf 81' lang='lat' dir='ltr'>est3</span> <span class='ocrx_word' id='word_1_161' title='bbox 1870 1594 1918 1632; x_wconf 92' lang='lat' dir='ltr'>et</span> <span class='ocrx_word' id='word_1_162' title='bbox 1951 1584 2065 1632; x_wconf 91' lang='lat' dir='ltr'>inde</span> 
     </span>
     <span class='ocr_line' id='line_1_19' title="bbox 318 1667 2067 1733; baseline -0.003 -15"><span class='ocrx_word' id='word_1_163' title='bbox 318 1670 603 1733; x_wconf 80' lang='grc' dir='ltr'>Ἀφροδίτην</span> <span class='ocrx_word' id='word_1_164' title='bbox 628 1673 872 1719; x_wconf 87' lang='lat' dir='ltr'>Venerem</span> <span class='ocrx_word' id='word_1_165' title='bbox 896 1670 1007 1730; x_wconf 90' lang='lat' dir='ltr'>dici,</span> <span class='ocrx_word' id='word_1_166' title='bbox 1031 1671 1164 1732; x_wconf 82' lang='lat' dir='ltr'>quod</span> <span class='ocrx_word' id='word_1_167' title='bbox 1186 1670 1343 1718; x_wconf 92' lang='lat' dir='ltr'>coitus</span> <span class='ocrx_word' id='word_1_168' title='bbox 1369 1686 1542 1732; x_wconf 88' lang='lat' dir='ltr'>spuma</span> <span class='ocrx_word' id='word_1_169' title='bbox 1563 1678 1635 1717; x_wconf 87' lang='lat' dir='ltr'>est</span> <span class='ocrx_word' id='word_1_170' title='bbox 1656 1667 1920 1731; x_wconf 80' lang='lat' dir='ltr'>sanguinis,</span> <span class='ocrx_word' id='word_1_171' title='bbox 1941 1682 2067 1728; x_wconf 82' lang='lat' dir='ltr'>quae</span> 
     </span>
     <span class='ocr_line' id='line_1_20' title="bbox 235 1751 2067 1819; baseline -0.003 -18"><span class='ocrx_word' id='word_1_172' title='bbox 235 1760 298 1819; x_wconf 93' lang='lat'>78</span> <span class='ocrx_word' id='word_1_173' title='bbox 321 1770 379 1801; x_wconf 86' lang='lat' dir='ltr'>ex</span> <span class='ocrx_word' id='word_1_174' title='bbox 406 1769 525 1800; x_wconf 91' lang='lat' dir='ltr'>suco</span> <span class='ocrx_word' id='word_1_175' title='bbox 552 1752 791 1801; x_wconf 83' lang='lat' dir='ltr'>viscerum</span> <span class='ocrx_word' id='word_1_176' title='bbox 820 1752 1008 1815; x_wconf 81' lang='lat' dir='ltr'>liquido</span> <span class='ocrx_word' id='word_1_177' title='bbox 1035 1755 1263 1814; x_wconf 88' lang='lat' dir='ltr'>salsoque</span> <span class='ocrx_word' id='word_1_178' title='bbox 1289 1760 1494 1800; x_wconf 89' lang='lat' dir='ltr'>constat.</span> <span class='ocrx_word' id='word_1_179' title='bbox 1568 1753 1691 1800; x_wconf 92' lang='lat' dir='ltr'>Ideo</span> <span class='ocrx_word' id='word_1_180' title='bbox 1717 1759 1881 1798; x_wconf 89' lang='lat' dir='ltr'>autem</span> <span class='ocrx_word' id='word_1_181' title='bbox 1908 1751 2067 1797; x_wconf 93' lang='lat' dir='ltr'>Vene-</span> 
     </span>
     <span class='ocr_line' id='line_1_21' title="bbox 321 1829 2141 1896; baseline -0.003 -13"><span class='ocrx_word' id='word_1_182' title='bbox 321 1853 423 1883; x_wconf 89' lang='lat' dir='ltr'>rem</span> <span class='ocrx_word' id='word_1_183' title='bbox 462 1834 674 1883; x_wconf 89' lang='lat' dir='ltr'>Vulcani</span> <span class='ocrx_word' id='word_1_184' title='bbox 710 1834 882 1883; x_wconf 89' lang='lat' dir='ltr'>dicunt</span> <span class='ocrx_word' id='word_1_185' title='bbox 916 1852 1132 1895; x_wconf 84' lang='lat' dir='ltr'>uxorem,</span> <span class='ocrx_word' id='word_1_186' title='bbox 1162 1834 1277 1896; x_wconf 84' lang='lat' dir='ltr'>quia</span> <span class='ocrx_word' id='word_1_187' title='bbox 1310 1834 1579 1882; x_wconf 90' lang='lat' dir='ltr'>Venerium</span> <span class='ocrx_word' id='word_1_188' title='bbox 1617 1832 1830 1881; x_wconf 87' lang='lat' dir='ltr'>officium</span> <span class='ocrx_word' id='word_1_189' title='bbox 1869 1829 2061 1879; x_wconf 91' lang='lat' dir='ltr'>nonnisi</span> <span class='ocrx_word' id='word_1_190' title='bbox 2091 1844 2141 1872; x_wconf 91' lang='lat'>20</span> 
     </span>
     <span class='ocr_line' id='line_1_22' title="bbox 321 1914 1590 1979; baseline -0.002 -14"><span class='ocrx_word' id='word_1_191' title='bbox 321 1918 482 1965; x_wconf 90' lang='lat' dir='ltr'>calore</span> <span class='ocrx_word' id='word_1_192' title='bbox 503 1915 740 1974; x_wconf 87' lang='lat' dir='ltr'>consistit,</span> <span class='ocrx_word' id='word_1_193' title='bbox 768 1917 904 1965; x_wconf 89' lang='lat' dir='ltr'>unde</span> <span class='ocrx_word' id='word_1_194' title='bbox 930 1926 1002 1965; x_wconf 90' lang='lat' dir='ltr'>est</span> <span class='ocrx_word' id='word_1_195' title='bbox 1030 1915 1185 1979; x_wconf 86' lang='lat' dir='ltr'>(Virg.</span> <span class='ocrx_word' id='word_1_196' title='bbox 1209 1918 1387 1979; x_wconf 89' lang='lat' dir='ltr'>Georg.</span> <span class='ocrx_word' id='word_1_197' title='bbox 1410 1933 1451 1978; x_wconf 85' lang='lat'>3,</span> <span class='ocrx_word' id='word_1_198' title='bbox 1473 1914 1558 1978; x_wconf 85' lang='lat'>97)</span> <span class='ocrx_word' id='word_1_199' title='bbox 1582 1931 1590 1958; x_wconf 86' lang='lat'><strong>:</strong></span> 
     </span>
     <span class='ocr_line' id='line_1_23' title="bbox 797 1996 1610 2061; baseline -0.005 -14"><span class='ocrx_word' id='word_1_200' title='bbox 797 1998 1021 2061; x_wconf 82' lang='lat' dir='ltr'>Frigidus</span> <span class='ocrx_word' id='word_1_201' title='bbox 1061 1998 1110 2046; x_wconf 93' lang='lat' dir='ltr'>in</span> <span class='ocrx_word' id='word_1_202' title='bbox 1149 2001 1395 2047; x_wconf 90' lang='lat' dir='ltr'>Venerem</span> <span class='ocrx_word' id='word_1_203' title='bbox 1436 1996 1610 2046; x_wconf 89' lang='lat' dir='ltr'>senior.</span> 
     </span>
    </p>

    <p class='ocr_par' dir='ltr' id='par_1_3' title="bbox 229 2078 2138 2635">
     <span class='ocr_line' id='line_1_24' title="bbox 229 2078 2066 2148; baseline -0.004 -18"><span class='ocrx_word' id='word_1_204' title='bbox 229 2099 298 2148; x_wconf 87' lang='lat'>79</span> <span class='ocrx_word' id='word_1_205' title='bbox 323 2084 452 2130; x_wconf 93' lang='lat' dir='ltr'>Nam</span> <span class='ocrx_word' id='word_1_206' title='bbox 481 2083 618 2144; x_wconf 85' lang='lat' dir='ltr'>quod</span> <span class='ocrx_word' id='word_1_207' title='bbox 644 2084 880 2131; x_wconf 87' lang='lat' dir='ltr'>Saturnus</span> <span class='ocrx_word' id='word_1_208' title='bbox 907 2081 1084 2130; x_wconf 89' lang='lat' dir='ltr'>dicitur</span> <span class='ocrx_word' id='word_1_209' title='bbox 1110 2080 1233 2144; x_wconf 90' lang='lat' dir='ltr'>patri</span> <span class='ocrx_word' id='word_1_210' title='bbox 1261 2081 1414 2130; x_wconf 89' lang='lat' dir='ltr'>Caelo</span> <span class='ocrx_word' id='word_1_211' title='bbox 1439 2078 1592 2127; x_wconf 88' lang='lat' dir='ltr'>virilia</span> <span class='ocrx_word' id='word_1_212' title='bbox 1616 2086 1909 2140; x_wconf 86' lang='lat' dir='ltr'>amputasse,</span> <span class='ocrx_word' id='word_1_213' title='bbox 1940 2092 2066 2138; x_wconf 85' lang='lat' dir='ltr'>quae</span> 
     </span>
     <span class='ocr_line' id='line_1_25' title="bbox 322 2157 2066 2224; baseline -0.003 -13"><span class='ocrx_word' id='word_1_214' title='bbox 322 2164 370 2212; x_wconf 92' lang='lat' dir='ltr'>in</span> <span class='ocrx_word' id='word_1_215' title='bbox 399 2180 532 2212; x_wconf 87' lang='lat' dir='ltr'>mare</span> <span class='ocrx_word' id='word_1_216' title='bbox 559 2163 787 2212; x_wconf 87' lang='lat' dir='ltr'>cadentia</span> <span class='ocrx_word' id='word_1_217' title='bbox 812 2166 1058 2212; x_wconf 90' lang='lat' dir='ltr'>Venerem</span> <span class='ocrx_word' id='word_1_218' title='bbox 1094 2171 1393 2222; x_wconf 88' lang='lat' dir='ltr'>creaverunt,</span> <span class='ocrx_word' id='word_1_219' title='bbox 1422 2163 1557 2224; x_wconf 86' lang='lat' dir='ltr'>quod</span> <span class='ocrx_word' id='word_1_220' title='bbox 1587 2160 1701 2209; x_wconf 92' lang='lat' dir='ltr'>ideo</span> <span class='ocrx_word' id='word_1_221' title='bbox 1727 2158 1922 2222; x_wconf 88' lang='lat' dir='ltr'>fingitur</span> <span class='ocrx_word' id='word_1_222' title='bbox 1951 2157 2066 2220; x_wconf 88' lang='lat' dir='ltr'>quia</span> 
     </span>
     <span class='ocr_line' id='line_1_26' title="bbox 231 2240 2138 2303; baseline -0.004 -9"><span class='ocrx_word' id='word_1_223' title='bbox 231 2253 298 2299; x_wconf 91' lang='lat'>80</span> <span class='ocrx_word' id='word_1_224' title='bbox 322 2246 414 2294; x_wconf 90' lang='lat' dir='ltr'>nisi</span> <span class='ocrx_word' id='word_1_225' title='bbox 440 2247 619 2294; x_wconf 88' lang='lat' dir='ltr'>humor</span> <span class='ocrx_word' id='word_1_226' title='bbox 644 2247 707 2294; x_wconf 94' lang='lat' dir='ltr'>de</span> <span class='ocrx_word' id='word_1_227' title='bbox 733 2247 870 2294; x_wconf 90' lang='lat' dir='ltr'>caelo</span> <span class='ocrx_word' id='word_1_228' title='bbox 896 2245 946 2293; x_wconf 91' lang='lat' dir='ltr'>in</span> <span class='ocrx_word' id='word_1_229' title='bbox 972 2254 1149 2294; x_wconf 90' lang='lat' dir='ltr'>terram</span> <span class='ocrx_word' id='word_1_230' title='bbox 1177 2243 1500 2303; x_wconf 87' lang='lat' dir='ltr'>descenderit,</span> <span class='ocrx_word' id='word_1_231' title='bbox 1521 2241 1642 2290; x_wconf 87' lang='lat' dir='ltr'>nihil</span> <span class='ocrx_word' id='word_1_232' title='bbox 1659 2250 1860 2290; x_wconf 89' lang='lat' dir='ltr'>creatur.</span> <span class='ocrx_word' id='word_1_233' title='bbox 1917 2240 2065 2302; x_wconf 89' lang='lat' dir='ltr'>Cupi·</span> <span class='ocrx_word' id='word_1_234' title='bbox 2092 2254 2138 2294; x_wconf 82' lang='lat'>25</span> 
     </span>
     <span class='ocr_line' id='line_1_27' title="bbox 320 2322 2060 2390; baseline -0.003 -15"><span class='ocrx_word' id='word_1_235' title='bbox 320 2328 489 2376; x_wconf 92' lang='lat' dir='ltr'>dinem</span> <span class='ocrx_word' id='word_1_236' title='bbox 528 2337 758 2376; x_wconf 88' lang='lat' dir='ltr'>vocatum</span> <span class='ocrx_word' id='word_1_237' title='bbox 797 2329 957 2376; x_wconf 89' lang='lat' dir='ltr'>ferunt</span> <span class='ocrx_word' id='word_1_238' title='bbox 994 2335 1193 2390; x_wconf 89' lang='lat' dir='ltr'>propter</span> <span class='ocrx_word' id='word_1_239' title='bbox 1228 2343 1463 2375; x_wconf 88' lang='lat' dir='ltr'>amorem.</span> <span class='ocrx_word' id='word_1_240' title='bbox 1552 2326 1642 2372; x_wconf 91' lang='lat' dir='ltr'>Est</span> <span class='ocrx_word' id='word_1_241' title='bbox 1677 2322 1809 2371; x_wconf 87' lang='lat' dir='ltr'>enim</span> <span class='ocrx_word' id='word_1_242' title='bbox 1847 2324 2060 2371; x_wconf 90' lang='lat' dir='ltr'>daemon</span> 
     </span>
     <span class='ocr_line' id='line_1_28' title="bbox 316 2402 2062 2472; baseline -0.004 -14"><span class='ocrx_word' id='word_1_243' title='bbox 316 2409 668 2459; x_wconf 87' lang='lat' dir='ltr'>fornicationis.</span> <span class='ocrx_word' id='word_1_244' title='bbox 743 2409 844 2471; x_wconf 84' lang='lat' dir='ltr'>Qui</span> <span class='ocrx_word' id='word_1_245' title='bbox 878 2409 992 2458; x_wconf 89' lang='lat' dir='ltr'>ideo</span> <span class='ocrx_word' id='word_1_246' title='bbox 1025 2411 1182 2458; x_wconf 89' lang='lat' dir='ltr'>alatus</span> <span class='ocrx_word' id='word_1_247' title='bbox 1216 2407 1442 2472; x_wconf 76' lang='lat' dir='ltr'>pingitur,</span> <span class='ocrx_word' id='word_1_248' title='bbox 1476 2408 1592 2470; x_wconf 86' lang='lat' dir='ltr'>quia</span> <span class='ocrx_word' id='word_1_249' title='bbox 1624 2404 1743 2453; x_wconf 87' lang='lat' dir='ltr'>nihil</span> <span class='ocrx_word' id='word_1_250' title='bbox 1782 2402 2062 2453; x_wconf 87' lang='lat' dir='ltr'>amantibus</span> 
     </span>
     <span class='ocr_line' id='line_1_29' title="bbox 316 2486 2062 2551; baseline -0.004 -12"><span class='ocrx_word' id='word_1_251' title='bbox 316 2490 483 2551; x_wconf 90' lang='lat' dir='ltr'>levius,</span> <span class='ocrx_word' id='word_1_252' title='bbox 513 2490 634 2539; x_wconf 89' lang='lat' dir='ltr'>nihil</span> <span class='ocrx_word' id='word_1_253' title='bbox 669 2490 954 2539; x_wconf 89' lang='lat' dir='ltr'>mutabilius</span> <span class='ocrx_word' id='word_1_254' title='bbox 983 2490 1240 2539; x_wconf 89' lang='lat' dir='ltr'>invenitur.</span> <span class='ocrx_word' id='word_1_255' title='bbox 1316 2492 1443 2537; x_wconf 88' lang='lat' dir='ltr'>Puer</span> <span class='ocrx_word' id='word_1_256' title='bbox 1472 2487 1698 2551; x_wconf 87' lang='lat' dir='ltr'>pingitur,</span> <span class='ocrx_word' id='word_1_257' title='bbox 1735 2486 1851 2550; x_wconf 88' lang='lat' dir='ltr'>quia</span> <span class='ocrx_word' id='word_1_258' title='bbox 1887 2487 2062 2534; x_wconf 90' lang='lat' dir='ltr'>stultus</span> 
     </span>
     <span class='ocr_line' id='line_1_30' title="bbox 318 2567 2062 2635; baseline -0.003 -13"><span class='ocrx_word' id='word_1_259' title='bbox 318 2582 390 2622; x_wconf 90' lang='lat' dir='ltr'>est</span> <span class='ocrx_word' id='word_1_260' title='bbox 424 2582 472 2622; x_wconf 91' lang='lat' dir='ltr'>et</span> <span class='ocrx_word' id='word_1_261' title='bbox 506 2572 863 2622; x_wconf 88' lang='lat' dir='ltr'>inrationabilis</span> <span class='ocrx_word' id='word_1_262' title='bbox 896 2590 1048 2622; x_wconf 90' lang='lat' dir='ltr'>amor.</span> <span class='ocrx_word' id='word_1_263' title='bbox 1119 2571 1355 2635; x_wconf 86' lang='lat' dir='ltr'>Sagittam</span> <span class='ocrx_word' id='word_1_264' title='bbox 1390 2579 1438 2619; x_wconf 87' lang='lat' dir='ltr'>et</span> <span class='ocrx_word' id='word_1_265' title='bbox 1468 2572 1625 2618; x_wconf 87' lang='lat' dir='ltr'>facem</span> <span class='ocrx_word' id='word_1_266' title='bbox 1649 2579 1813 2618; x_wconf 90' lang='lat' dir='ltr'>tenere</span> <span class='ocrx_word' id='word_1_267' title='bbox 1851 2567 2062 2631; x_wconf 90' lang='lat' dir='ltr'>fingitur.</span> 
     </span>
    </p>
   </div>
   <div class='ocr_carea' id='block_1_3' title="bbox 373 2700 2062 2753">
    <p class='ocr_par' dir='ltr' id='par_1_4' title="bbox 373 2700 2062 2753">
     <span class='ocr_line' id='line_1_31' title="bbox 373 2700 2062 2753; baseline -0.001 -12"><span class='ocrx_word' id='word_1_268' title='bbox 373 2717 397 2741; x_wconf 85' lang='lat'>2</span> <span class='ocrx_word' id='word_1_269' title='bbox 427 2704 541 2753; x_wconf 89' lang='lat' dir='ltr'>quod</span> <span class='ocrx_word' id='word_1_270' title='bbox 562 2704 605 2740; x_wconf 91' lang='lat' dir='ltr'>in</span> <span class='ocrx_word' id='word_1_271' title='bbox 627 2703 671 2740; x_wconf 83' lang='lat' dir='ltr'><em>K</em></span> <span class='ocrx_word' id='word_1_272' title='bbox 779 2716 804 2752; x_wconf 87' lang='lat'><strong>3</strong></span> <span class='ocrx_word' id='word_1_273' title='bbox 833 2702 1034 2743; x_wconf 85' lang='lat' dir='ltr'>statuisse</span> <span class='ocrx_word' id='word_1_274' title='bbox 1058 2703 1092 2741; x_wconf 89' lang='lat' dir='ltr'><em>C</em></span> <span class='ocrx_word' id='word_1_275' title='bbox 1219 2717 1242 2751; x_wconf 86' lang='lat'>4</span> <span class='ocrx_word' id='word_1_276' title='bbox 1272 2703 1444 2741; x_wconf 87' lang='lat' dir='ltr'>loricam</span> <span class='ocrx_word' id='word_1_277' title='bbox 1467 2702 1502 2740; x_wconf 90' lang='lat' dir='ltr'><em>C</em></span> <span class='ocrx_word' id='word_1_278' title='bbox 1627 2713 1651 2751; x_wconf 91' lang='lat'>5</span> <span class='ocrx_word' id='word_1_279' title='bbox 1681 2701 1819 2752; x_wconf 86' lang='lat' dir='ltr'>palus]</span> <span class='ocrx_word' id='word_1_280' title='bbox 1844 2700 1991 2750; x_wconf 83' lang='lat' dir='ltr'>pulsus</span> <span class='ocrx_word' id='word_1_281' title='bbox 2013 2701 2048 2739; x_wconf 89' lang='lat' dir='ltr'><em>C</em></span> <span class='ocrx_word' id='word_1_282' title='bbox 2050 2702 2062 2727; x_wconf 84' lang='lat'><strong>¹</strong></span> 
     </span>
    </p>
   </div>
   <div class='ocr_carea' id='block_1_4' title="bbox 317 2755 2072 3190">
    <p class='ocr_par' dir='ltr' id='par_1_5' title="bbox 317 2755 2072 3190">
     <span class='ocr_line' id='line_1_32' title="bbox 317 2755 2067 2810; baseline -0.003 -12"><span class='ocrx_word' id='word_1_283' title='bbox 317 2762 344 2798; x_wconf 92' lang='lat'><strong>6</strong></span> <span class='ocrx_word' id='word_1_284' title='bbox 373 2771 498 2808; x_wconf 86' lang='lat' dir='ltr'>quem</span> <span class='ocrx_word' id='word_1_285' title='bbox 527 2757 563 2795; x_wconf 94' lang='lat' dir='ltr'>T</span> <span class='ocrx_word' id='word_1_286' title='bbox 687 2771 708 2807; x_wconf 93' lang='lat'><strong>7</strong></span> <span class='ocrx_word' id='word_1_287' title='bbox 739 2758 894 2810; x_wconf 88' lang='lat' dir='ltr'>procl.]</span> <span class='ocrx_word' id='word_1_288' title='bbox 915 2758 1108 2808; x_wconf 86' lang='lat' dir='ltr'>cupidius</span> <span class='ocrx_word' id='word_1_289' title='bbox 1129 2756 1172 2796; x_wconf 84' lang='lat' dir='ltr'><em>K</em></span> <span class='ocrx_word' id='word_1_290' title='bbox 1331 2759 1357 2795; x_wconf 90' lang='lat'>8</span> <span class='ocrx_word' id='word_1_291' title='bbox 1385 2757 1451 2795; x_wconf 87' lang='lat' dir='ltr'>vel</span> <span class='ocrx_word' id='word_1_292' title='bbox 1474 2756 1526 2794; x_wconf 94' lang='lat' dir='ltr'>ob</span> <span class='ocrx_word' id='word_1_293' title='bbox 1555 2756 1592 2794; x_wconf 91' lang='lat' dir='ltr'>T</span> <span class='ocrx_word' id='word_1_294' title='bbox 1753 2769 1800 2794; x_wconf 88' lang='lat'>12</span> <span class='ocrx_word' id='word_1_295' title='bbox 1828 2755 1891 2807; x_wconf 93' lang='lat' dir='ltr'>vi]</span> <span class='ocrx_word' id='word_1_296' title='bbox 1910 2756 1999 2794; x_wconf 85' lang='lat' dir='ltr'>viro</span> <span class='ocrx_word' id='word_1_297' title='bbox 2021 2755 2067 2792; x_wconf 92' lang='lat' dir='ltr'><em>K</em></span> 
     </span>
     <span class='ocr_line' id='line_1_33' title="bbox 318 2809 2062 2864; baseline -0.003 -11"><span class='ocrx_word' id='word_1_298' title='bbox 318 2827 416 2853; x_wconf 86' lang='lat' dir='ltr'>esse</span> <span class='ocrx_word' id='word_1_299' title='bbox 436 2814 558 2862; x_wconf 86' lang='lat' dir='ltr'>virgo</span> <span class='ocrx_word' id='word_1_300' title='bbox 578 2812 663 2850; x_wconf 88' lang='lat' dir='ltr'>AB</span> <span class='ocrx_word' id='word_1_301' title='bbox 804 2826 852 2862; x_wconf 88' lang='lat'>13</span> <span class='ocrx_word' id='word_1_302' title='bbox 891 2812 1029 2864; x_wconf 84' lang='grc' dir='ltr'>Ἀφρ.]</span> <span class='ocrx_word' id='word_1_303' title='bbox 1050 2813 1214 2852; x_wconf 88' lang='lat' dir='ltr'>afrodin</span> <span class='ocrx_word' id='word_1_304' title='bbox 1234 2811 1376 2851; x_wconf 88' lang='lat' dir='ltr'><em>BCK:</em></span> <span class='ocrx_word' id='word_1_305' title='bbox 1405 2810 1628 2850; x_wconf 90' lang='lat' dir='ltr'>anfrondin</span> <span class='ocrx_word' id='word_1_306' title='bbox 1657 2810 1694 2849; x_wconf 93' lang='lat' dir='ltr'>T</span> <span class='ocrx_word' id='word_1_307' title='bbox 1817 2823 1867 2859; x_wconf 88' lang='lat'>14</span> <span class='ocrx_word' id='word_1_308' title='bbox 1897 2809 2062 2861; x_wconf 85' lang='grc' dir='ltr'>Ἀφρὸς]</span> 
     </span>
     <span class='ocr_line' id='line_1_34' title="bbox 319 2864 2061 2912; baseline -0.002 -5"><span class='ocrx_word' id='word_1_309' title='bbox 319 2868 485 2908; x_wconf 90' lang='lat' dir='ltr'>afrodin</span> <span class='ocrx_word' id='word_1_310' title='bbox 503 2866 652 2906; x_wconf 87' lang='lat' dir='ltr'>BCK:</span> <span class='ocrx_word' id='word_1_311' title='bbox 683 2868 911 2906; x_wconf 85' lang='lat' dir='ltr'>anfrondin</span> <span class='ocrx_word' id='word_1_312' title='bbox 941 2867 978 2905; x_wconf 93' lang='lat' dir='ltr'>T</span> <span class='ocrx_word' id='word_1_313' title='bbox 1105 2868 1152 2905; x_wconf 90' lang='lat'>16</span> <span class='ocrx_word' id='word_1_314' title='bbox 1182 2867 1287 2905; x_wconf 82' lang='lat' dir='ltr'>mari</span> <span class='ocrx_word' id='word_1_315' title='bbox 1309 2866 1420 2906; x_wconf 87' lang='lat' dir='ltr'>codd.</span> <span class='ocrx_word' id='word_1_316' title='bbox 1597 2878 1648 2903; x_wconf 87' lang='lat' dir='ltr'>eo</span> <span class='ocrx_word' id='word_1_317' title='bbox 1669 2878 1752 2904; x_wconf 88' lang='lat' dir='ltr'>om.</span> <span class='ocrx_word' id='word_1_318' title='bbox 1778 2864 1824 2902; x_wconf 93' lang='lat' dir='ltr'><em>K</em></span> <span class='ocrx_word' id='word_1_319' title='bbox 1842 2865 1944 2912; x_wconf 80' lang='lat' dir='ltr'>(non</span> <span class='ocrx_word' id='word_1_320' title='bbox 1964 2864 2029 2912; x_wconf 99' lang='lat' dir='ltr'>A)</span> <span class='ocrx_word' id='word_1_321' title='bbox 2052 2879 2061 2904; x_wconf 73' lang='grc' dir='ltr'><em>τ</em></span> 
     </span>
     <span class='ocr_line' id='line_1_35' title="bbox 319 2919 2062 2973; baseline -0.002 -11"><span class='ocrx_word' id='word_1_322' title='bbox 319 2936 373 2962; x_wconf 83' lang='lat' dir='ltr'>ex</span> <span class='ocrx_word' id='word_1_323' title='bbox 393 2923 518 2962; x_wconf 83' lang='lat' dir='ltr'>Arev.</span> <span class='ocrx_word' id='word_1_324' title='bbox 689 2922 745 2962; x_wconf 91' lang='lat' dir='ltr'>ill.</span> <span class='ocrx_word' id='word_1_325' title='bbox 766 2927 908 2961; x_wconf 86' lang='lat' dir='ltr'>autem</span> <span class='ocrx_word' id='word_1_326' title='bbox 928 2923 980 2962; x_wconf 89' lang='lat' dir='ltr'>ai.</span> <span class='ocrx_word' id='word_1_327' title='bbox 1005 2921 1051 2959; x_wconf 89' lang='lat' dir='ltr'><em>K</em></span> <span class='ocrx_word' id='word_1_328' title='bbox 1070 2923 1172 2973; x_wconf 82' lang='lat' dir='ltr'>(non</span> <span class='ocrx_word' id='word_1_329' title='bbox 1195 2921 1256 2971; x_wconf 87' lang='lat' dir='ltr'>A)</span> <span class='ocrx_word' id='word_1_330' title='bbox 1281 2935 1288 2959; x_wconf 92' lang='lat'><strong>:</strong></span> <span class='ocrx_word' id='word_1_331' title='bbox 1321 2921 1377 2960; x_wconf 84' lang='lat' dir='ltr'>ill.</span> <span class='ocrx_word' id='word_1_332' title='bbox 1404 2926 1535 2970; x_wconf 87' lang='lat' dir='ltr'>agunt</span> <span class='ocrx_word' id='word_1_333' title='bbox 1556 2919 1591 2958; x_wconf 88' lang='lat' dir='ltr'>C</span> <span class='ocrx_word' id='word_1_334' title='bbox 1766 2932 1814 2968; x_wconf 91' lang='lat'>17</span> <span class='ocrx_word' id='word_1_335' title='bbox 1843 2919 1976 2957; x_wconf 87' lang='lat' dir='ltr'>coitus</span> <span class='ocrx_word' id='word_1_336' title='bbox 1995 2919 2062 2958; x_wconf 85' lang='lat' dir='ltr'>B:</span> 
     </span>
     <span class='ocr_line' id='line_1_36' title="bbox 319 2973 2059 3028; baseline -0.002 -12"><span class='ocrx_word' id='word_1_337' title='bbox 319 2978 459 3016; x_wconf 52' lang='lat' dir='ltr'>coitu*</span> <span class='ocrx_word' id='word_1_338' title='bbox 484 2977 540 3028; x_wconf 80' lang='lat' dir='ltr'>(-s</span> <span class='ocrx_word' id='word_1_339' title='bbox 557 2976 590 3027; x_wconf 73' lang='lat'>3)</span> <span class='ocrx_word' id='word_1_340' title='bbox 621 2976 678 3016; x_wconf 88' lang='lat' dir='ltr'>T:</span> <span class='ocrx_word' id='word_1_341' title='bbox 711 2977 845 3015; x_wconf 86' lang='lat' dir='ltr'>coitos</span> <span class='ocrx_word' id='word_1_342' title='bbox 865 2977 911 3015; x_wconf 92' lang='lat' dir='ltr'><em>K</em></span> <span class='ocrx_word' id='word_1_343' title='bbox 930 2978 1032 3028; x_wconf 85' lang='lat' dir='ltr'>(non</span> <span class='ocrx_word' id='word_1_344' title='bbox 1053 2976 1117 3027; x_wconf 87' lang='lat' dir='ltr'>A)</span> <span class='ocrx_word' id='word_1_345' title='bbox 1229 2976 1417 3015; x_wconf 84' lang='lat' dir='ltr'>humeris</span> <span class='ocrx_word' id='word_1_346' title='bbox 1438 2975 1480 3012; x_wconf 89' lang='lat' dir='ltr'><em>A</em></span> <span class='ocrx_word' id='word_1_347' title='bbox 1499 2988 1513 3013; x_wconf 67' lang='lat' dir='ltr'>⁴t</span> <span class='ocrx_word' id='word_1_348' title='bbox 1542 2974 1673 3013; x_wconf 87' lang='lat' dir='ltr'>maris</span> <span class='ocrx_word' id='word_1_349' title='bbox 1692 2973 1738 3011; x_wconf 91' lang='lat' dir='ltr'><em>K</em></span> <span class='ocrx_word' id='word_1_350' title='bbox 1848 2974 1896 3011; x_wconf 91' lang='lat'>18</span> <span class='ocrx_word' id='word_1_351' title='bbox 1924 2973 2059 3025; x_wconf 89' lang='grc' dir='ltr'>Ἀφρ.]</span> 
     </span>
     <span class='ocr_line' id='line_1_37' title="bbox 318 3028 2063 3081; baseline -0.002 -11"><span class='ocrx_word' id='word_1_352' title='bbox 318 3031 481 3070; x_wconf 87' lang='lat' dir='ltr'>afrodin</span> <span class='ocrx_word' id='word_1_353' title='bbox 496 3030 608 3070; x_wconf 86' lang='lat' dir='ltr'>codd.</span> <span class='ocrx_word' id='word_1_354' title='bbox 727 3043 778 3080; x_wconf 93' lang='lat'>19</span> <span class='ocrx_word' id='word_1_355' title='bbox 805 3031 976 3081; x_wconf 91' lang='lat' dir='ltr'>liquodo</span> <span class='ocrx_word' id='word_1_356' title='bbox 995 3031 1050 3069; x_wconf 75' lang='grc' dir='ltr'>Β1</span> <span class='ocrx_word' id='word_1_357' title='bbox 1073 3046 1082 3070; x_wconf 89' lang='lat'>:</span> <span class='ocrx_word' id='word_1_358' title='bbox 1111 3030 1252 3080; x_wconf 87' lang='lat' dir='ltr'>aliquo</span> <span class='ocrx_word' id='word_1_359' title='bbox 1271 3031 1400 3070; x_wconf 92' lang='lat' dir='ltr'>modo</span> <span class='ocrx_word' id='word_1_360' title='bbox 1422 3029 1467 3067; x_wconf 92' lang='lat' dir='ltr'><em>K</em></span> <span class='ocrx_word' id='word_1_361' title='bbox 1485 3031 1585 3081; x_wconf 85' lang='lat' dir='ltr'>(non</span> <span class='ocrx_word' id='word_1_362' title='bbox 1605 3029 1668 3080; x_wconf 89' lang='lat' dir='ltr'>A)</span> <span class='ocrx_word' id='word_1_363' title='bbox 1781 3041 1833 3066; x_wconf 84' lang='lat'>20</span> <span class='ocrx_word' id='word_1_364' title='bbox 1863 3041 1948 3067; x_wconf 89' lang='lat' dir='ltr'>non</span> <span class='ocrx_word' id='word_1_365' title='bbox 1971 3028 2063 3067; x_wconf 89' lang='lat' dir='ltr'>sine</span> 
     </span>
     <span class='ocr_line' id='line_1_38' title="bbox 318 3081 2072 3137; baseline -0.003 -13"><span class='ocrx_word' id='word_1_366' title='bbox 318 3087 358 3124; x_wconf 87' lang='grc' dir='ltr'><em>Β</em></span> <span class='ocrx_word' id='word_1_367' title='bbox 521 3099 573 3124; x_wconf 91' lang='grc'>22</span> <span class='ocrx_word' id='word_1_368' title='bbox 605 3086 646 3124; x_wconf 90' lang='lat' dir='ltr'>in</span> <span class='ocrx_word' id='word_1_369' title='bbox 669 3098 827 3124; x_wconf 87' lang='lat' dir='ltr'>venere</span> <span class='ocrx_word' id='word_1_370' title='bbox 847 3086 939 3135; x_wconf 85' lang='lat' dir='ltr'>frig.</span> <span class='ocrx_word' id='word_1_371' title='bbox 965 3086 1011 3123; x_wconf 88' lang='lat' dir='ltr'><em>K</em></span> <span class='ocrx_word' id='word_1_372' title='bbox 1028 3087 1129 3135; x_wconf 89' lang='lat' dir='ltr'>(non</span> <span class='ocrx_word' id='word_1_373' title='bbox 1149 3085 1212 3137; x_wconf 85' lang='lat' dir='ltr'>A)</span> <span class='ocrx_word' id='word_1_374' title='bbox 1378 3096 1430 3133; x_wconf 90' lang='grc'>23</span> <span class='ocrx_word' id='word_1_375' title='bbox 1459 3096 1580 3132; x_wconf 88' lang='lat' dir='ltr'>quern</span> <span class='ocrx_word' id='word_1_376' title='bbox 1604 3084 1654 3131; x_wconf 38' lang='lat' dir='ltr'>in,</span> <span class='ocrx_word' id='word_1_377' title='bbox 1668 3096 1747 3122; x_wconf 89' lang='lat' dir='ltr'>ma.</span> <span class='ocrx_word' id='word_1_378' title='bbox 1774 3083 1997 3122; x_wconf 83' lang='lat' dir='ltr'>candentia</span> <span class='ocrx_word' id='word_1_379' title='bbox 2035 3081 2072 3119; x_wconf 86' lang='lat' dir='ltr'><em>T</em></span> 
     </span>
     <span class='ocr_line' id='line_1_39' title="bbox 320 3138 1485 3190; baseline -0.003 -11"><span class='ocrx_word' id='word_1_380' title='bbox 320 3142 372 3179; x_wconf 81' lang='lat'>28</span> <span class='ocrx_word' id='word_1_381' title='bbox 403 3140 630 3180; x_wconf 86' lang='lat' dir='ltr'>notabilius</span> <span class='ocrx_word' id='word_1_382' title='bbox 659 3140 696 3178; x_wconf 92' lang='lat' dir='ltr'>T</span> <span class='ocrx_word' id='word_1_383' title='bbox 908 3154 960 3190; x_wconf 88' lang='grc'>29</span> <span class='ocrx_word' id='word_1_384' title='bbox 991 3140 1136 3179; x_wconf 87' lang='lat' dir='ltr'>falcem</span> <span class='ocrx_word' id='word_1_385' title='bbox 1159 3170 1167 3179; x_wconf 95' lang='lat'>.</span> <span class='ocrx_word' id='word_1_386' title='bbox 1194 3169 1203 3179; x_wconf 90' lang='lat'>.</span> <span class='ocrx_word' id='word_1_387' title='bbox 1228 3169 1236 3179; x_wconf 90' lang='lat'><strong>.</strong></span> <span class='ocrx_word' id='word_1_388' title='bbox 1262 3139 1412 3178; x_wconf 80' lang='lat' dir='ltr'>falcem</span> <span class='ocrx_word' id='word_1_389' title='bbox 1434 3138 1485 3176; x_wconf 82' lang='lat' dir='ltr'>Cl</span> 
     </span>
    </p>
   </div>
  </div>
 </body>
</html>
