2176 3424
0 75 22 85 ι·
0 60 20 65 ι
0 0 22 52 *mai

510 99 1140 148 ETYAJ'IOLOGIARVM
1184 97 1312 143 LIB.
1354 97 1443 142 XI.
1481 95 1493 142 i

130 233 263 295 quod
290 249 375 294 per
408 239 565 278 totum
593 244 770 291 corpus
808 227 933 274 vitae
963 225 1197 273 alimenta
1228 224 1537 272 transmittat.
1614 225 1766 271 Alvus
1796 231 1868 271 est
1893 241 1980 290 133

127 313 209 376 qui
228 313 392 361 cibum
423 311 606 374 recipit,
627 320 673 358 et
697 307 886 372 purgari
904 309 1040 355 solet.
1096 305 1350 354 Sallustius
1378 305 1533 367 (Hist.
1556 305 1592 364 Ι,
1615 306 1727 367 frag.
1752 305 1833 368 52)
1860 325 1868 353 :

130 395 401 443 ‘Simulans
423 392 514 441 sibi
540 393 702 440 alvum
731 391 952 454 purgari.'
1014 390 1077 436 Et
1104 396 1333 436 vocatum
1357 388 1520 434 alvum
1544 387 1680 448 quod
1706 387 1868 435 ablua-

3 540 13 542 -
125 485 213 535 tur,
243 475 293 523 id
319 476 391 523 est
424 483 683 537 purgetur:
722 489 780 520 ex
806 471 913 533 ipso
939 471 1071 518 enirn
1110 471 1280 518 sordes
1319 477 1587 516 stercorum
1627 469 1867 516 defluunt.

80 578 100 616 5
126 559 328 605 Vterum
362 558 494 604 solae
526 554 751 602 mulieres
786 553 984 611 habent,
1013 552 1063 599 in
1090 568 1189 614 quo
1224 550 1524 614 concipiunt,
1553 551 1617 598 ad
1651 548 1869 598 similitu·
1893 568 1982 616 134

125 637 289 687 dinem
318 637 560 686 cauliculi.
631 638 824 684 Tamen
850 643 1074 682 auctores
1109 642 1301 681 uterum
1339 648 1426 694 pro
1461 630 1715 694 utriusque
1748 630 1869 679 libet

124 736 265 767 sexus
295 728 463 768 ventre
490 720 778 781 plerumque
813 725 1018 779 ponunt,
1048 732 1140 764 nec
1182 723 1359 778 poetae
1386 715 1750 772 tantummodo,
1781 714 1869 761 sed

123 811 170 850 et
197 800 358 850 ceteri.
418 803 637 849 Vocatus
663 808 828 847 autem
855 808 1034 857 uteruS,
1055 798 1191 861 quod
1217 797 1399 859 duplex
1420 795 1480 844 sit
1507 805 1554 843 et
1580 796 1643 843 ab
1664 806 1870 858 utraque
1893 813 1982 861 135

123 883 172 930 in
199 885 320 931 duas
348 899 399 931 se
425 882 612 930 dividat
638 890 813 944 partes,
838 896 964 942 quae
991 879 1041 926 in
1063 881 1310 927 diversum
1330 877 1536 926 diffusae
1562 894 1619 925 ac
1645 878 1871 940 replexae

53 983 99 1012 ιο
122 963 552 1027 circumplicantur
599 964 650 1010 in
697 963 902 1010 modum
961 977 1114 1008 cornu
1171 959 1332 1008 arietis
1352 979 1364 1020 3
1426 961 1500 1006 vel
1554 960 1691 1021 quod
1752 958 1871 1007 inte-

122 1047 218 1093 rius
255 1045 497 1108 inpleatur
526 1046 679 1092 foetu*
758 1043 895 1091 Hinc
938 1052 985 1091 et
1019 1051 1138 1101 uter,
1175 1042 1311 1105 quod
1348 1040 1536 1103 aliquid
1576 1039 1870 1088 intrinsecus

121 1127 358 1186 habuerit,
389 1126 610 1175 membra
630 1134 678 1174 et
704 1125 903 1173 viscera.
977 1123 1300 1186 Aqualiculus
1325 1132 1491 1171 autem
1513 1122 1707 1185 proprie
1733 1122 1868 1185 porci
1893 1125 1986 1182 136

121 1218 193 1257 est
212 1228 224 1269 ,·
260 1209 375 1257 hinc
400 1210 464 1257 ad
501 1218 722 1256 ventrem
758 1208 1024 1255 translatio.
1101 1207 1280 1254 Matrix
1314 1204 1505 1264 dicitur,
1535 1206 1672 1267 quod
1709 1205 1868 1253 foetus

122 1292 169 1338 in
197 1307 255 1339 eo
275 1300 532 1354 generetur
554 1306 562 1334 ι
604 1305 774 1338 semen
792 1288 924 1337 enim
951 1298 1204 1351 receptum
1223 1289 1470 1346 confovet,
1490 1289 1746 1334 confotum
1769 1303 1870 1334 cor-

51 1400 96 1440 15
121 1382 273 1435 porat,
308 1382 621 1435 corporatum
648 1371 697 1419 in
726 1370 947 1420 membra
981 1369 1252 1433 distinguit.
1325 1370 1487 1416 Vulva
1520 1377 1694 1416 vocata
1728 1368 1867 1431 quasi
1891 1382 1977 1431 137

120 1456 271 1513 valva,
302 1453 352 1502 id
378 1463 450 1502 est
485 1454 630 1502 ianua
662 1452 858 1510 ventris,
886 1454 963 1500 vel
1002 1452 1138 1514 quod
1169 1467 1339 1499 semen
1372 1449 1586 1513 recipiat,
1618 1451 1693 1498 vel
1731 1452 1867 1512 quod

119 1551 176 1582 ex
202 1553 259 1583 ea
285 1538 444 1584 foetus
465 1536 713 1598 procedat.
788 1535 966 1582 Vesica
992 1532 1137 1591 dicta,
1159 1532 1274 1595 quia
1300 1531 1425 1580 sicut
1445 1548 1527 1580 vas
1548 1548 1689 1594 aqua,
1714 1531 1779 1579 ita
1805 1533 1868 1580 de

119 1618 316 1665 renibus
344 1619 483 1665 urina
509 1618 715 1665 collecta
742 1617 1012 1678 conpletur,
1043 1623 1091 1663 et
1116 1616 1324 1662 humore
1348 1612 1659 1662 distenditur.
1712 1614 1866 1662 Cuius

120 1715 234 1746 usus
262 1698 311 1746 in
329 1698 609 1747 volucribus
637 1714 737 1746 non
764 1697 985 1745 habetur.
1060 1698 1214 1743 Vrina
1233 1705 1399 1744 autem
1426 1694 1573 1754 dicta,
1604 1694 1703 1743 sive
1730 1696 1866 1757 quod
1888 1694 1975 1751 138

48 1807 96 1836 20
121 1791 238 1839 urat,
268 1797 354 1828 seu
389 1780 503 1843 quia
537 1796 593 1828 ex
627 1779 826 1828 renibus
866 1780 1087 1841 egeritur.
1164 1777 1319 1827 Cuius
1357 1776 1543 1825 indicio
1573 1786 1621 1825 et
1656 1778 1784 1824 salus
1820 1787 1866 1824 et

119 1861 372 1925 aegritudo
398 1863 559 1909 futura
586 1870 897 1909 monstratur.
973 1859 1073 1921 Qui
1093 1861 1272 1907 humor
1299 1861 1444 1921 vulgo
1471 1859 1645 1907 lotium
1673 1857 1864 1918 dicitur,

119 1946 254 2007 quod
280 1960 339 1992 eo
366 1945 477 2003 lota,
507 1943 558 1991 id
585 1951 657 1991 est
685 1943 886 2002 munda,
914 1941 1209 1990 vestimenta
1235 1940 1522 1989 efficiantur.
1584 1941 1764 1988 Semen
1792 1948 1866 1988 est
1887 1951 1980 1998 139

118 2027 252 2088 quod
270 2027 452 2073 iactum
478 2023 684 2072 sumitur
709 2034 793 2071 aut
819 2040 848 2071 a
864 2032 989 2071 terra
1014 2032 1098 2070 aut
1124 2023 1186 2070 ab
1214 2032 1352 2070 utero
1379 2023 1442 2069 ad
1467 2020 1771 2083 gignendum
1788 2023 1865 2069 vel

2 2166 3 2171 ¹
117 2108 300 2155 fructus
337 2108 413 2154 vel
450 2108 623 2155 foetus.
699 2107 788 2153 Est
815 2104 947 2153 enim
976 2103 1136 2167 liquor
1169 2121 1227 2152 ex
1259 2102 1356 2151 cibi
1384 2113 1430 2151 et
1468 2101 1686 2165 corporis
1721 2104 1864 2151 deco-

48 2211 93 2252 25
118 2188 280 2236 ctione
315 2189 470 2235 factus
504 2204 561 2235 ac
601 2186 807 2235 diffusus
846 2202 931 2248 per
957 2202 1105 2234 venas
1137 2196 1286 2247 atque
1331 2186 1588 2243 medullas,
1619 2183 1702 2246 qui
1747 2184 1863 2232 inde

117 2270 384 2318 desudatus
409 2268 459 2316 in
486 2271 691 2317 modum
720 2267 941 2316 sentinae
967 2266 1239 2316 concrescit
1266 2267 1316 2314 in
1342 2265 1557 2326 renibus,
1577 2265 1863 2329 eiectusque

116 2367 201 2412 per
227 2352 426 2411 coitum,
455 2359 502 2398 et
528 2351 577 2397 in
604 2360 743 2398 utero
770 2348 986 2397 mulieris
1014 2358 1271 2411 susceptus
1302 2350 1464 2397 calore
1485 2349 1863 2411 quodammodo

116 2434 354 2480 viscerum
386 2442 433 2481 et
466 2430 775 2480 menstrualis
814 2430 1064 2493 sanguinis
1101 2430 1395 2493 inrigatione
1421 2433 1658 2480 formatur
1685 2429 1734 2476 in
1762 2446 1862 2478 cor-

169 2563 193 2588 2
222 2562 403 2599 purgare
434 2548 470 2586 T
570 2561 595 2597 3
626 2553 803 2587 vocatus
827 2547 892 2598 (ut
907 2547 1006 2593 vid.)
1029 2547 1148 2586 alvus
1171 2548 1206 2586 C
1311 2549 1338 2585 6
1367 2547 1598 2587 caliculiT:
1619 2547 1862 2585 caulicaliB

116 2617 193 2654 pro
214 2610 394 2654 utroque
415 2603 515 2642 libet
535 2603 620 2641 BD
641 2619 648 2642 ε
677 2615 731 2641 ex
753 2610 933 2652 utroque
954 2602 999 2640 K
1164 2616 1184 2651 7
1215 2615 1319 2641 sexu
1342 2603 1386 2640 D
1525 2610 1717 2641 ventrem
1740 2601 1870 2639 BDT

116 2666 347 2708 posuerunt
368 2657 414 2695 K
431 2661 534 2706 (non
555 2657 615 2708 D)
747 2660 768 2698 8
802 2663 843 2696 et
864 2670 943 2696 om.
969 2657 1014 2695 K
1032 2657 1135 2707 (non
1155 2657 1215 2703 D)
1326 2657 1461 2708 quod]
1482 2657 1578 2707 quia
1603 2657 1638 2695 C
1746 2662 1860 2694 utro-

117 2726 196 2763 que
220 2712 255 2751 C
359 2726 385 2762 9
415 2711 572 2751 dividet
601 2711 656 2750 T:
687 2711 875 2751 dividant
894 2712 934 2749 Β
1043 2712 1159 2750 fusae
1180 2711 1227 2750 C¹
1339 2712 1527 2761 repletae
1544 2712 1640 2763 (-te)
1660 2710 1762 2750 KT:
1796 2724 1859 2749 re-

117 2768 250 2806 flexae
269 2767 319 2806 C²
336 2769 448 2818 (cum
465 2767 578 2815 Lact,
594 2767 687 2816 opis.
707 2778 768 2818 12,
786 2767 827 2816 5)
945 2779 994 2804 10
1022 2766 1421 2815 circumplectantur
1435 2766 1476 2804 Β
1584 2779 1743 2804 cornua
1756 2764 1857 2805 BT:

118 2834 320 2860 cornuum
338 2821 372 2860 C
459 2822 634 2860 alterius
649 2821 689 2858 Β
809 2834 852 2858 11
885 2821 1017 2872 quod]
1037 2822 1108 2870 qui
1128 2820 1162 2858 C
1281 2833 1329 2859 12
1359 2821 1455 2861 hab.
1476 2827 1517 2860 et
1534 2833 1655 2858 mem.
1682 2818 1733 2856 T:
1763 2819 1858 2858 hab.

117 2882 162 2915 ut
181 2889 303 2916 mem.
325 2876 360 2914 C
464 2881 603 2914 autem
625 2889 707 2914 om.
733 2874 778 2912 K
907 2888 954 2925 13
985 2874 1104 2926 hinc]
1122 2875 1163 2913 in
1182 2874 1223 2912 Β
1240 2890 1248 2914 :
1279 2876 1379 2914 inde
1395 2875 1442 2913 K
1550 2874 1799 2912 translatum
1815 2873 1863 2911 K

117 2931 268 2969 dicitur
280 2943 361 2969 om.
377 2930 423 2968 K
493 2931 649 2983 foetus]
666 2942 796 2980 pecus
808 2929 930 2968 BCT
999 2943 1046 2980 14
1069 2943 1119 2969 ea
1132 2929 1176 2967 K
1262 2932 1311 2968 16
1332 2930 1398 2969 vel
1412 2943 1478 2979 qu.
1498 2942 1601 2968 sem.
1620 2941 1703 2968 rec.
1720 2941 1803 2968 om.
1827 2928 1866 2966 T

121 2985 169 3022 18
189 2984 404 3024 disciditur
417 2984 464 3022 K
569 2997 622 3024 20
641 2985 731 3024 sive
745 2985 858 3033 quod
873 2997 960 3024 ren.
976 2984 1017 3023 Β
1100 2984 1282 3033 erigitur
1295 2984 1342 3022 K
1420 2997 1472 3022 22
1495 2997 1544 3022 eo
1557 2983 1669 3032 quod
1685 2995 1796 3022 mun.
1815 2983 1856 3022 id

117 3045 179 3078 est
195 3038 247 3078 lo.
265 3038 304 3076 Β
411 3039 615 3078 efficiatur
634 3039 698 3078 B:
729 3039 963 3077 efficiuntur
985 3039 1020 3077 C
1146 3051 1198 3088 23
1221 3039 1290 3078 vel
1311 3052 1393 3078 om.
1414 3038 1460 3075 K
1585 3049 1636 3086 24
1659 3037 1734 3088 ex]
1754 3037 1796 3076 in
1815 3037 1862 3075 K

115 3095 167 3132 26
193 3093 407 3142 iectusque
424 3094 458 3133 C
547 3106 596 3143 27
627 3095 850 3144 caloreque
862 3095 1087 3133 admodum
1104 3094 1146 3132 Β
1247 3095 1300 3132 28
1330 3093 1375 3131 -li
1396 3092 1485 3131 BT
1559 3104 1711 3142 corpus
1723 3091 1850 3131 Arev.
