2176 3424
1065 110 1336 159 ISIDORI

317 240 444 288 intra
479 256 601 302 quas
637 242 755 288 latet
792 239 942 303 pugio
978 240 1071 288 sub
1108 240 1271 288 baculi
1314 239 1492 303 specie.
1567 241 1791 289 Dolones
1832 248 1998 288 autem
2039 256 2069 286 a

319 323 437 371 dolo
470 321 590 371 dicti
623 331 749 381 sunt,
778 323 915 385 quod
949 323 1118 370 fallant
1148 331 1196 370 et
1229 321 1479 385 decipiant
1503 323 1644 378 ferro,
1672 339 1827 385 quum
1852 322 2068 384 speciem

321 404 595 465 praeferant
628 402 760 466 ligni.
835 405 947 451 Hos
980 404 1152 465 vulgus
1187 404 1380 451 Graeco
1412 402 1616 452 nomine
1648 411 1991 462 oxosxvocant,
2019 401 2071 451 id

322 494 396 533 est
420 494 607 533 acutos.
668 486 817 534 Vnde
837 494 885 533 et
901 486 1035 547 apud
1055 483 1276 533 medicos
1296 493 1468 533 acutus
1489 483 1690 533 morbus
1710 487 1835 543 ὀξεῖα
1853 492 2069 532 vocatur.

270 568 481 615 5Arcus
519 576 722 615 vocatus
762 583 822 616 eo
866 567 1004 630 quod
1043 576 1206 615 arceat
1246 550 1593 615 adversarium.
1681 568 1806 616 Inde
1848 576 1896 615 et
1937 581 2072 614 arces
2097 577 2120 616 5

321 648 554 698 dicuntur
588 666 617 697 a
654 648 834 712 quibus
870 657 1097 697 arcentur
1131 649 1311 697 hostes.
1387 650 1515 697 Item
1556 664 1698 696 arcus
1735 648 1801 696 ob
1840 646 2070 711 speciem,

322 731 458 792 quod
485 729 581 778 sint
606 729 791 778 curvati
815 729 981 778 artius.

257 818 299 856 X
458 814 542 859 DE
570 827 772 860 FVNDls.
836 813 1013 859 Funda
1033 811 1165 860 dicta
1185 827 1246 859 eo
1271 812 1407 873 quod
1427 828 1485 859 ex
1506 827 1563 859 ea
1582 812 1850 859 fundantur
1869 809 2071 873 lapides,

269 902 299 935 2
323 892 373 941 id
399 902 472 942 est
499 895 796 942 emittantur.
872 893 1056 941 Balista
1079 910 1234 956 genus
1260 891 1509 953 tormenti,
1532 892 1596 941 ab
1623 892 1898 941 emittendo
1918 892 2075 940 iacula

322 975 486 1036 dicta,
536 980 708 1040 βαλεῖν
743 974 877 1024 enim
911 975 1100 1024 Graece
1133 974 1326 1023 mittere
1361 973 1551 1023 dicitur.
1625 977 1906 1037 Torquetur
1942 973 2074 1022 enim
2101 986 2152 1013 10

321 1057 522 1107 verbere
548 1075 824 1115 nervorum,
854 1066 902 1106 et
933 1056 1098 1120 magni
1129 1056 1175 1105 vi
1200 1056 1312 1106 iacit
1337 1066 1421 1105 aut
1447 1058 1610 1105 hastas
1636 1066 1720 1105 aut
1746 1073 1871 1105 saxa.
1948 1058 2075 1106 Inde

321 1150 369 1189 et
412 1140 712 1199 fundibalus,
759 1139 900 1203 quasi
943 1140 1156 1187 fundens
1200 1149 1248 1187 et
1289 1138 1533 1188 emittens.
1624 1138 1810 1189 Contra
1846 1139 2073 1187 balistam

322 1224 522 1271 testudo
562 1224 719 1272 valet:
776 1222 923 1271 series
968 1220 1101 1270 enim
1145 1222 1199 1269 fit
1235 1237 1483 1270 armorum
1521 1220 1824 1270 umbonibus
1862 1219 1987 1269 inter
2023 1238 2075 1270 se

321 1304 592 1367 conligatis.

236 1397 298 1434 XI
462 1388 545 1434 DE
582 1401 792 1434 ARIETE.
864 1384 1019 1434 Arieti
1055 1401 1240 1433 nomen
1277 1383 1465 1447 species
1502 1383 1653 1445 dedit,
1692 1401 1753 1433 eo
1789 1386 1925 1448 quod
1961 1401 2075 1433 cum
2105 1401 2151 1442 15

322 1467 493 1530 inpetu
527 1467 737 1531 inpingit
771 1484 967 1515 murum
1004 1466 1054 1514 in
1091 1467 1299 1516 modum
1333 1467 1537 1515 arietum
1569 1465 1909 1529 pugnantium.
1983 1469 2078 1515 Va-

322 1548 452 1597 lidae
500 1548 632 1597 enim
680 1566 739 1598 ac
788 1550 1009 1597 nodosae
1057 1547 1243 1597 arboris
1291 1557 1439 1610 caput
1486 1549 1612 1597 ferro
1658 1547 1874 1608 vestitur,
1919 1563 2076 1611 eaque

323 1646 563 1693 suspensa
589 1631 790 1679 funibus
822 1631 1089 1678 multorum
1117 1646 1268 1677 manu
1293 1630 1358 1677 ad
1383 1646 1579 1677 murum
1605 1628 1866 1692 inpellitur,
1894 1628 2076 1678 deinde

323 1721 586 1760 retrorsum
613 1713 763 1761 ducta
793 1710 965 1759 maiori
991 1711 1162 1774 inpetu
1188 1710 1474 1771 destinatur,
1498 1710 1667 1774 sicque
1692 1710 1873 1759 crebris
1898 1710 2076 1760 ictibus

324 1809 623 1842 concussum
659 1793 784 1841 muri
814 1795 940 1841 latus
966 1792 1099 1841 cedit
1124 1801 1452 1856 cavatumque
1472 1791 1707 1855 inrumpit
1731 1809 1789 1840 ac
1814 1793 2075 1841 fenestram
2103 1810 2153 1837 20

270 1885 300 1920 2
325 1874 455 1923 facit.
531 1877 719 1925 Contra
761 1874 1013 1937 inpulsum
1052 1873 1214 1922 arietis
1262 1873 1538 1923 remedium
1586 1882 1682 1922 est‘
1707 1890 1877 1922 saccus
1925 1874 2076 1936 paleis

324 1959 500 2021 plenus
526 1966 574 2005 et
599 1957 650 2004 in
675 1974 789 2006 eum
816 1958 983 2005 locum
1008 1955 1252 2004 demissus
1271 1972 1372 2018 quo
1391 1954 1514 2004 aries
1534 1954 1775 2018 percutit3
1809 1957 1919 2004 laxo
1945 1957 2076 2004 enim

325 2055 580 2088 saccorum
623 2037 734 2086 sinu
773 2037 898 2086 ictus
940 2036 1102 2086 arietis
1150 2036 1321 2085 inlisus
1370 2036 1599 2085 mollitur.
1687 2036 1899 2086 Duriora
1944 2036 2076 2085 enim

271 2133 302 2179 3
327 2119 634 2169 mollioribus
675 2119 863 2167 facilius
907 2120 1107 2167 cedunt.
1195 2120 1354 2168 Plutei
1394 2127 1508 2167 sunt
1549 2127 1704 2167 crates
1746 2118 1881 2174 corio
1923 2121 2077 2168 crudo

269 2215 302 2261 4
326 2201 554 2260 intextae,
587 2218 714 2264 quae
747 2200 798 2248 in
833 2216 981 2263 opere
1019 2199 1247 2249 faciendo
1284 2199 1414 2249 hosti
1450 2199 1743 2249 obiciuntur.
1817 2202 2077 2250 Musculus
2103 2218 2151 2258 25

325 2282 556 2332 cuniculo
583 2282 753 2331 similis
779 2284 846 2342 fit,
876 2299 976 2345 quo
996 2298 1162 2331 murus
1183 2282 1454 2344 perfoditur
1471 2300 1485 2343 3
1520 2299 1578 2331 ex
1598 2298 1700 2345 quo
1719 2291 1768 2330 et
1786 2283 2074 2345 appellatus,

325 2366 465 2428 quasi
492 2366 816 2413 murusculus.

384 2508 401 2533 1
435 2495 574 2534 baculi
595 2508 675 2534 om.
701 2493 791 2532 ΚΝ
810 2493 914 2544 (non
939 2494 998 2544 U)
1140 2507 1165 2543 3
1194 2494 1404 2544 praeferat
1423 2494 1470 2532 K
1486 2508 1495 2533 ε
1525 2495 1744 2545 perferent
1770 2495 1807 2533 T
1891 2501 2014 2534 vocat
2043 2495 2080 2534 T

325 2550 367 2588 id
389 2555 454 2588 est
474 2563 537 2589 ac.
560 2563 644 2588 om.
669 2548 760 2587 KN
778 2550 879 2600 (non
905 2549 966 2600 U)
1175 2563 1199 2597 4
1230 2549 1309 2599 ὀξ.]
1333 2562 1388 2587 ex
1408 2562 1458 2588 ea
1478 2548 1520 2586 B
1670 2555 1846 2589 vocatus
1866 2550 1907 2588 B
1926 2554 1974 2588 ut
1990 2550 2071 2590 vid.

326 2616 350 2653 5
382 2617 434 2643 eo
457 2617 542 2644 om.
570 2603 608 2642 T
730 2610 844 2643 artes
863 2603 905 2640 B
1081 2605 1106 2641 6
1136 2604 1248 2642 idem
1269 2602 1316 2641 K
1335 2605 1436 2654 (non
1456 2603 1527 2657 Ν)
1651 2605 1732 2643 hoc
1752 2617 1816 2654 sp.
1838 2603 1907 2642 N:
1935 2605 1987 2643 ab
2007 2617 2071 2655 sp.

326 2658 395 2697 K:
427 2659 479 2697 ab
498 2659 642 2708 specie
665 2657 701 2697 C
717 2661 821 2706 (non
847 2658 908 2711 U)
1051 2670 1071 2705 7
1102 2657 1262 2697 cruvati
1285 2662 1331 2696 ut
1348 2657 1428 2697 vid.
1452 2657 1494 2695 B
1636 2660 1661 2697 8
1690 2672 1742 2698 eo
1763 2672 1847 2698 om.
1879 2658 1916 2697 T
2020 2672 2075 2698 ex

326 2727 412 2754 om.
434 2713 573 2752 KMN
588 2713 693 2765 (non
718 2712 760 2751 U
763 2720 778 2764 )
921 2712 1121 2751 fundatur
1147 2712 1184 2751 T
1340 2726 1367 2762 9
1398 2712 1574 2752 Ballista
1594 2712 1636 2751 B
1783 2714 2016 2752 amittendo
2043 2712 2081 2751 T

326 2768 503 2808 iaculata
524 2768 570 2807 C¹
715 2780 765 2806 10
795 2768 858 2806 vel
874 2767 1047 2810 βάλλειν
1066 2781 1075 2805 :
1104 2767 1188 2806 bali
1211 2766 1290 2806 CK
1293 2765 1332 2805 T
1343 2783 1350 2807 :
1381 2767 1479 2806 balli
1499 2767 1541 2805 Β
1695 2781 1739 2806 11
1771 2780 1996 2808 vervorum
2017 2767 2075 2806 Β1

325 2823 367 2861 νί
406 2835 487 2862 om.
529 2821 637 2860 BlK
828 2823 938 2861 iacet
974 2820 1064 2860 ΒΚ
1070 2820 1108 2859 T
1280 2834 1328 2859 12
1358 2821 1600 2861 fundivulus
1640 2821 1709 2863 K:
1757 2822 1998 2862 fendibulus
2044 2822 2081 2861 T

326 2877 497 2916 findens
541 2877 593 2915 Tl
780 2877 956 2915 mittens
999 2876 1038 2915 T
1213 2876 1315 2914 ball-
1350 2875 1393 2913 B
1592 2890 1645 2916 20
1673 2890 1791 2918 conc.
1831 2877 1875 2915 in
1913 2889 1996 2918 mu.
2043 2877 2081 2915 T

325 2932 451 2971 cedet
488 2930 530 2969 Β
547 2945 557 2970 z
605 2932 728 2971 cadet
773 2929 811 2968 T
1198 2937 1474 2980 cavatumque
1511 2930 1634 2970 BCK
1648 2946 1658 2971 z
1706 2937 2005 2981 curvatumque
2045 2931 2081 2970 T

326 2987 532 3025 fenetram
557 2986 604 3024 (ΣΙ
826 2998 878 3022 22
909 2991 952 3024 et
971 2990 1054 3024 om‘.
1086 2983 1123 3022 T
1281 2998 1332 3023 eo
1353 2985 1446 3025 loco
1467 2985 1514 3024 K
1701 2998 1760 3025 ar.
1781 2986 1965 3036 pertinet
1989 2984 2081 3030 ΚΝ

328 3042 431 3091 (non
457 3041 518 3088 U)
672 3052 725 3088 23
754 3039 868 3079 moll.
891 3040 965 3080 inl.
988 3038 1079 3078 KN
1100 3041 1203 3089 (non
1229 3038 1272 3077 U
1275 3041 1290 3090 )
1444 3054 1495 3090 24
1527 3039 1688 3080 facilior
1713 3039 1752 3079 T
1833 3045 1977 3090 grates
1991 3039 2039 3079 K
2044 3039 2082 3078 T

327 3107 379 3145 25
407 3094 617 3134 subiciunt
638 3093 728 3132 ΚΝ
836 3096 889 3132 26
919 3095 966 3133 fit
985 3108 1068 3134 om.
1091 3092 1132 3131 Β
1242 3094 1481 3145 appellatur
1503 3095 1580 3134 CT
