2176 3424
1088 114 1358 163 ISIDORI

297 251 325 296 3
350 253 552 292 naturae
578 260 698 292 esse.
774 245 1039 303 Electrum,
1069 245 1206 307 quod
1244 253 1315 293 est
1349 246 1581 304 naturale,
1611 245 1855 295 eiusmodi
1889 254 2091 295 naturae

350 333 423 374 est
448 335 501 374 ut
526 325 577 374 in
604 324 831 375 convivio
857 334 906 375 et
938 327 1003 375 ad
1033 328 1220 375 lumina
1246 326 1421 375 clarius
1447 326 1639 376 cunctis
1666 327 1874 377 metallis
1900 330 2094 392 fulgeat,

351 418 398 458 et
423 424 670 458 venenum
696 409 886 471 prodat.
963 411 1092 458 Nam
1130 407 1171 456 si
1204 425 1263 458 eo
1289 407 1522 458 infundas
1547 426 1810 471 venenum,
1839 411 2096 460 stridorem

352 492 453 540 edit
479 500 526 539 et
552 492 740 539 colores
767 489 925 538 varios
951 489 1002 539 in
1028 491 1237 539 modum
1262 507 1402 540 arcus
1429 491 1652 540 caelestis
1679 491 1871 541 emittit.

206 577 330 616 XXV
487 574 571 620 DE
608 587 951 621 PONDERIBVS.
1026 573 1311 621 Ponderum
1328 589 1385 621 ac
1406 589 1745 622 mensurarum
1765 573 1897 622 iuvat
1923 591 2098 638 cogno·
2125 597 2145 636 5

353 671 487 704 scere
525 655 746 703 modum.
821 656 952 703 Nam
991 656 1159 703 omnia
1195 657 1480 718 corporalia,
1509 657 1635 704 sicut
1675 656 1909 719 scriptum
1947 664 2034 717 est,
2073 674 2101 704 a

353 738 558 786 summis
576 753 734 799 usque
750 737 815 785 ad
835 735 934 784 ima
953 735 1003 784 in
1022 754 1252 786 mensura
1272 746 1320 785 et
1336 753 1543 786 numero
1560 746 1608 786 et
1624 739 1845 801 pondere
1862 737 2102 801 disposita

354 829 467 868 sunt
486 828 635 882 atque
656 821 864 867 formata
885 837 897 879 3
923 821 1114 868 cunctis
1135 821 1267 867 enim
1286 819 1533 882 corporeis
1551 820 1697 868 rebus
1715 821 1912 883 pondus
1928 829 2102 869 natura

355 901 492 950 dedit
514 920 526 961 3
563 918 707 949 suum
742 918 943 964 quoque
973 902 1094 964 regit
1128 900 1296 950 omnia
1328 903 1526 964 pondus
1553 900 1740 963 (Carm.
1769 903 1832 950 de
1857 903 2009 965 pond.
2038 901 2102 965 3).

300 1000 331 1034 2
358 985 549 1031 Primus
586 985 786 1046 Moyses
828 981 937 1049 [qui
978 999 1152 1032 omnes
1195 982 1443 1032 antecedit
1485 985 1740 1046 gentilium
1780 983 2103 1047 philosophos
2131 1007 2176 1034 10

357 1075 594 1129 tempore,
622 1064 765 1113 nobis
792 1075 840 1114 et
866 1082 1097 1114 numeros
1124 1074 1172 1114 et
1199 1081 1452 1113 mensuras
1478 1075 1525 1114 et
1558 1067 1753 1128 pondus
1780 1065 1981 1114 diversis
2009 1062 2103 1132 [in]

359 1147 626 1210 scripturae
646 1164 763 1195 suae
789 1146 909 1196 locis
935 1145 1181 1212 narravit].
1256 1146 1447 1195 Primus
1473 1146 1669 1196 Phidon
1690 1149 1898 1210 Argivus
1923 1149 2108 1211 ponde-

359 1247 467 1277 rum
494 1229 735 1278 rationem
761 1228 811 1277 in
833 1228 1040 1278 Graecia
1066 1229 1321 1278 constituit
1343 1247 1352 1287 ;
1388 1236 1436 1278 et
1463 1228 1576 1278 licet
1600 1228 1681 1277 alii
1706 1228 2006 1292 antiquiores
2033 1247 2109 1278 ex-

308 1320 337 1366 3
360 1311 557 1370 titerint‚
595 1312 681 1360 sed
708 1312 799 1360 iste
825 1312 916 1359 hac
942 1319 1043 1360 arte
1075 1310 1400 1374 experientior
1425 1309 1526 1359 fuit.
1603 1312 1804 1359 Pondus
1830 1310 2018 1360 dictum
2050 1328 2109 1359 eo

363 1395 498 1457 quod
526 1394 574 1441 in
602 1402 780 1442 statera
809 1393 1039 1442 libratum
1074 1395 1321 1456 pendeat3
1360 1394 1475 1441 hinc
1509 1401 1556 1442 et
1591 1409 1814 1455 pensum.
1888 1393 2109 1441 Abusive
2135 1410 2176 1450 15

362 1485 529 1525 autern
551 1477 746 1539 pondus
764 1476 886 1524 libra
906 1493 1004 1524 una
1025 1485 1109 1524 est.
1184 1464 1332 1524 Vnde
1353 1475 1500 1524 etiarn
1522 1474 1790 1539 dipondius
1811 1474 1999 1524 dictum
2020 1484 2106 1534 est,

308 1568 343 1617 4
364 1558 504 1622 quasi
521 1560 622 1607 duo
638 1559 883 1622 pondera3
909 1559 1045 1621 quod
1062 1574 1246 1607 nomen
1263 1559 1427 1606 adhuc
1445 1558 1494 1604 in
1512 1573 1602 1605 usu
1619 1555 1865 1605 retinetur.
1904 1555 2111 1605 Trutina

365 1651 438 1691 est
466 1642 662 1705 gemina
697 1642 974 1704 ponderum
1013 1642 1178 1690 lances
1214 1639 1409 1703 aequali
1446 1639 1670 1688 examine
1707 1639 1944 1701 pendens,
1985 1639 2112 1687 facta

364 1732 561 1787 propter
597 1724 780 1771 talenta
819 1732 867 1771 et
909 1721 1189 1771 centenaria
1228 1723 1559 1786 adpendenda
1579 1739 1591 1781 3
1630 1720 1754 1769 sicut
1793 1728 2110 1769 momentana

362 1822 451 1869 pro
471 1821 619 1868 parva
636 1805 934 1867 modicaque
954 1804 1177 1868 pecunia.
1256 1806 1398 1853 Haec
1420 1811 1467 1852 et
1484 1812 1684 1851 moneta
1703 1810 1888 1851 vocata.
1965 1803 2108 1850 Idem
2135 1819 2174 1846 ιε

365 1898 412 1937 et
438 1896 616 1936 statera
642 1903 825 1935 nomen
852 1903 910 1935 ex
935 1903 1142 1935 numero
1168 1885 1376 1945 habens,
1395 1885 1532 1948 quod
1558 1884 1754 1933 duobus
1771 1885 1922 1932 lancis
1942 1892 1989 1931 et
2010 1900 2109 1931 uno

315 1983 345 2032 5
367 1970 417 2018 in
438 1968 605 2018 medio
622 1968 733 2017 stilo
755 1967 928 2017 librata
944 1967 1213 2032 aequaliter
1233 1976 1340 2016 stet.
1405 1968 1626 2014 Examen
1647 1974 1720 2015 est
1737 1966 1873 2013 filum
1891 1964 2109 2014 medium

368 2068 468 2114 quo
502 2050 712 2099 trutinae
746 2058 923 2099 statera
959 2049 1138 2113 regitur
1171 2058 1219 2098 et
1252 2051 1417 2098 lances
1447 2057 1733 2110 aequantur.
1805 2048 1953 2096 Vnde
1986 2056 2033 2095 et
2064 2048 2112 2094 in

311 2130 345 2178 6
368 2133 551 2182 lanceis
583 2141 839 2181 amentum
871 2133 1062 2181 dicitur.
1139 2133 1397 2194 Campana
1426 2147 1455 2178 a
1487 2129 1686 2193 regione
1722 2131 1893 2178 Italiae
1930 2145 2113 2178 nomen

367 2217 570 2278 accepit,
598 2213 683 2262 ubi
709 2213 922 2278 primum
950 2213 1053 2262 eius
1080 2229 1196 2261 usus
1222 2222 1441 2276 repertus
1469 2221 1556 2260 est.
1633 2214 1775 2260 Haec
1801 2212 1922 2260 duas
1948 2213 2112 2259 lances
2138 2228 2171 2267 2³

367 2314 470 2346 non
495 2298 663 2356 habet,
683 2298 769 2345 sed
795 2296 926 2359 virga
952 2305 1024 2344 est
1050 2294 1238 2358 signata
1257 2293 1391 2343 libris
1417 2302 1465 2342 et
1490 2293 1647 2342 unciis
1673 2302 1721 2342 et
1746 2309 1869 2355 vago
1894 2294 2113 2356 pondere

427 2441 443 2465 1
478 2432 562 2467 nat.
584 2432 649 2466 est
669 2426 755 2465 ΒΤ
892 2432 1039 2464 natura
1061 2431 1125 2464 est
1145 2422 1231 2462 BT
1249 2423 1313 2474 (cf.
1338 2423 1445 2462 Plz‘n.
1471 2423 1522 2462 N.
1544 2423 1602 2462 H.
1621 2435 1686 2473 33,
1711 2423 1782 2467 81)
1986 2435 2010 2472 3
2041 2422 2114 2474 eo]

369 2495 463 2521 eum
485 2481 531 2519 K
685 2494 708 2530 5
739 2481 854 2520 iubet
882 2481 1021 2531 T(vix
1032 2486 1110 2531 pro
1131 2479 1266 2527 lubet)
1429 2491 1450 2527 7
1482 2478 1605 2516 imam
1628 2478 1666 2515 Β
1799 2477 2005 2515 mensuris
2027 2477 2115 2516 Kl:

370 2550 477 2574 -ram
501 2537 539 2574 Β
614 2550 725 2575 num.
744 2550 797 2574 ex
818 2537 943 2586 pond.
966 2535 1157 2573 Hnltsch.
1183 2533 1336 2573 metrol.
1351 2534 1482 2583 script.
1504 2546 1540 2582 2,
1559 2545 1598 2582 p.
1619 2545 1694 2571 110
1812 2533 1837 2569 8
1868 2531 2117 2581 corporeiK

375 2605 424 2631 10
456 2592 522 2630 Pr.
549 2592 632 2630 Mo.
654 2605 736 2630 om.
763 2590 806 2628 D
828 2592 933 2642 (non
953 2589 1037 2639 E):
1068 2589 1190 2628 Prius
1210 2588 1362 2637 legitur
1384 2588 1464 2626 Mo.
1490 2587 1706 2625 invenisse
1726 2585 1772 2622 K
1939 2587 2009 2635 qui
2033 2617 2041 2626 .
2065 2616 2074 2624 .
2101 2615 2111 2625 .

374 2659 485 2685 narr.
499 2646 588 2685 lmb.
617 2645 716 2685 TU:
748 2659 829 2686 om.
849 2643 1076 2684 BC1DEK
1232 2655 1275 2681 11
1309 2643 1437 2681 inser.
1461 2640 1536 2680 TU
1550 2642 1595 2692 (i.
1607 2655 1636 2681 e.
1651 2642 1715 2680 vel
1731 2641 1978 2691 scripturae,
1995 2640 2112 2679 velin

374 2702 476 2752 scr.)
639 2713 687 2750 13
718 2701 901 2750 greciam
922 2699 1009 2738 ΒΚ
1140 2711 1187 2748 14
1218 2697 1314 2748 sed]
1336 2710 1382 2735 se
1402 2696 1458 2734 El
1585 2697 1666 2735 ista
1686 2695 1732 2733 K
1884 2709 1939 2734 ex
1959 2696 2036 2733 hac
2058 2694 2111 2732 Β1

376 2762 534 2795 statere
556 2754 602 2792 K
765 2757 814 2793 16
842 2754 1074 2805 dipundius
1101 2753 1138 2791 T
1300 2753 1349 2790 18
1378 2751 1571 2800 geminas
1589 2750 1766 2791 Hultsch
1918 2749 2050 2788 lancis
2073 2748 2119 2786 K
2169 2788 2171 2790 ,

377 2811 552 2860 aequale
568 2808 615 2847 K
793 2823 840 2859 19
871 2810 1066 2860 appenda
1081 2807 1127 2845 K
1251 2811 1546 2846 momentanea
1557 2805 1603 2843 K
1777 2818 1830 2844 20
1858 2804 2016 2842 monita
2032 2803 2119 2842 ΒΚ

378 2866 491 2904 idem
515 2864 620 2903 BT:
652 2877 702 2902 ea
723 2863 787 2903 K:
818 2878 874 2903 an
896 2866 1025 2904 item?
1259 2874 1307 2900 2ῐ
1341 2862 1503 2900 duobus
1522 2859 1633 2899 BT:
1663 2859 1824 2899 duabus
1845 2858 1891 2896 K
1907 2859 2010 2910 (pro
2026 2858 2064 2896 ΙΙ
2081 2859 2114 2908 3)
2174 2895 2176 2897 ,

379 2920 525 2958 lanciis
546 2919 724 2958 Hultsclz
745 2933 753 2957 :
782 2919 969 2958 lancibus
991 2918 1082 2957 dett.
1239 2929 1290 2954 22
1320 2916 1418 2955 stilo
1437 2929 1521 2955 om.
1549 2914 1587 2952 T
1737 2917 1756 2961 ξ
1779 2925 1803 2963 5
1826 2918 1923 2965 post
1943 2916 1962 2960 ξ
1985 2914 2012 2951 6
2032 2911 2120 2950 ΒΚ

380 2980 443 3014 est
462 2988 544 3013 om.
568 2973 615 3011 K
867 2987 919 3022 23
950 2974 1116 3012 trudine
1138 2969 1243 3010 BK:
1273 2971 1430 3009 trutina
1450 2975 1493 3009 et
1513 2969 1688 3008 Hultsch
1898 2972 2057 3006 statere
2085 2965 2122 3003 T

380 3030 422 3068 in
443 3042 523 3069 om.
553 3027 590 3066 T
816 3042 867 3076 24
898 3029 1034 3066 lancis
1057 3026 1135 3064 T1:
1165 3025 1316 3064 lanciis
1338 3023 1498 3062 B¹T2K
1717 3029 1930 3061 amentum
1953 3034 2034 3060 om.
2067 3019 2116 3058 T1
2167 3047 2176 3079 ἑ

381 3085 432 3121 26
462 3083 583 3121 uncis
604 3081 649 3120 K
2116 3103 2176 3424 Α,
