2176 3424
636 0 661 19 l

517 125 1151 174 ETYMOLOGIARVM
1191 125 1321 174 LIB.
1364 128 1413 172 X

104 251 272 315 iungit,
301 252 367 301 ita
391 253 471 301 ille
496 269 705 302 concors
731 253 909 303 dicitur
934 253 1018 317 qui
1044 255 1194 303 corde
1213 253 1442 317 iungitur.
1502 255 1844 305 Contionator.
1870 258 1934 316 38

102 335 411 395 Consolator,
439 336 711 384 adlocutor.
786 338 848 384 Et
867 334 985 385 inde
1011 335 1172 385 dictus
1198 338 1490 396 consolator,
1515 337 1653 399 quod
1677 337 1767 385 soli
1794 353 1846 385 se

100 415 315 479 adplicat
339 417 418 485 cui
444 417 674 480 loquitur,
702 426 750 466 et
777 417 1097 467 solitudinem
1123 420 1252 467 levat
1277 418 1514 481 adloquio
1540 435 1644 467 suo.
1709 417 1846 467 Hinc

100 506 149 546 et
174 497 424 547 solacium.
501 499 770 548 Consultus
802 507 876 548 est
908 498 994 562 qui
1027 501 1299 548 consulitur
1319 518 1333 561 3
1368 499 1448 548 cui
1474 499 1746 548 contrarius
1771 510 1845 549 est
1870 506 1938 552 39

54 592 75 632 5
99 576 420 639 inconsultus,
449 579 534 643 qui
559 596 661 628 non
686 579 865 643 accipit
891 580 1169 629 consilium.
1245 582 1493 631 Constans
1520 581 1681 630 dictus
1707 583 1844 644 quod
1867 589 1937 635 40

99 659 320 722 undique
355 669 463 721 stat,
491 678 583 710 nec
613 661 663 709 in
696 661 913 724 aliquam
945 671 1134 725 partem
1166 662 1403 712 declinari
1428 673 1606 726 potest.
1677 663 1845 714 Confi-

98 738 236 801 dens,
273 744 409 805 quod
440 742 499 791 sit
531 744 582 791 in
616 742 807 792 cunctis
845 743 1027 792 fiducia
1062 746 1253 806 plenus.
1334 745 1482 794 Vnde
1515 754 1564 794 et
1595 744 1843 795 Caecilius

101 820 264 886 (246):

387 906 435 953 Si
474 907 829 955 confidentiam
866 906 1089 967 adhibes,
1130 909 1329 957 confide
1366 909 1548 956 onmia.

26 1001 75 1030 10
99 989 287 1038 Cautus
320 1003 348 1034 a
378 989 601 1036 cavendo
632 987 809 1037 dictus.
884 988 1121 1048 Callidus,
1150 991 1505 1050 fraudulentus,
1539 989 1656 1054 quia
1685 992 1843 1040 celare
1866 998 1924 1045 41

98 1069 248 1128 novit,
271 1077 319 1117 et
345 1070 472 1117 male
497 1068 697 1131 peritus.
757 1069 1006 1120 Callidum
1030 1080 1196 1120 autem
1222 1080 1411 1120 veteres
1438 1088 1540 1121 non
1565 1089 1654 1135 pro
1679 1082 1844 1122 astuto

97 1159 304 1210 tanturn,
332 1152 419 1199 sed
447 1151 594 1199 etiam
621 1167 710 1214 pro
736 1160 897 1200 astute
916 1153 1068 1201 docto
1088 1153 1357 1215 ponebant.
1432 1156 1588 1202 Hunc
1607 1163 1656 1202 et
1681 1171 1843 1203 versu-

95 1239 215 1291 tum,
232 1232 296 1281 ab
322 1248 382 1281 eo
403 1233 539 1294 quod
564 1232 785 1281 animum
812 1234 910 1282 cito
931 1243 1101 1283 vertat.
1156 1234 1384 1298 Cupidus
1404 1251 1432 1283 a
1451 1234 1697 1298 capiendo
1718 1238 1842 1284 mul·
1865 1236 1934 1283 42

96 1322 215 1373 tum,
239 1314 290 1363 id
316 1323 387 1363 est
413 1313 720 1378 accipiendo,
744 1325 963 1364 vocatus.
1027 1318 1305 1376 Clamosus‚
1334 1315 1475 1379 quasi
1500 1319 1791 1379 calamosus,
1814 1336 1844 1368 a

14 1411 69 1451 ⁴15
96 1397 310 1456 calam03
344 1396 528 1444 scilicet
545 1398 681 1459 quod
698 1407 855 1446 sonet.
905 1398 1260 1458 Calumniator,
1283 1397 1390 1447 falsi
1410 1398 1628 1448 criminis
1646 1417 1843 1449 accusa-

96 1486 172 1525 tor
184 1495 196 1536 ;
231 1493 259 1524 a
275 1478 530 1537 calvendo,
550 1476 601 1527 id
618 1487 690 1526 est
706 1480 986 1528 frustrando
1012 1488 1059 1527 et
1085 1479 1399 1542 decipiendo,
1419 1481 1595 1529 dictus.
1670 1483 1844 1532 Calcu-
1864 1492 1931 1539 43

96 1561 231 1617 lator,
259 1575 287 1606 a
321 1557 538 1620 calculis,
572 1560 623 1608 id
658 1569 731 1609 est
762 1562 939 1623 lapillis
972 1561 1187 1622 minutis,
1225 1579 1349 1624 quos
1382 1562 1573 1625 antiqui
1607 1563 1655 1610 in
1691 1580 1841 1613 manu

97 1648 322 1688 tenentes
352 1657 585 1689 numeros
616 1641 986 1704 componebant.
1061 1642 1367 1706 Conpilator,
1397 1643 1483 1706 qui
1517 1643 1678 1693 aliena
1708 1643 1841 1692 dicta
1866 1657 1935 1705 44

96 1720 195 1769 suis
212 1721 654 1784 praemiscet,sicut
672 1725 832 1772 solent
848 1723 1158 1787 pigmentarii
1174 1724 1224 1773 in
1241 1724 1339 1788 pila
1355 1727 1545 1775 diversa
1563 1725 1712 1775 mixta
1729 1743 1844 1775 con-

14 1821 74 1850 .20
96 1803 319 1852 tundere.
403 1805 520 1852 Hoc
553 1806 736 1854 scelere
770 1806 1027 1868 quondam
1060 1806 1387 1855 accusabatur
1422 1809 1728 1856 Mantuanus
1763 1808 1843 1856 ille

95 1894 244 1944 vates,
265 1901 377 1932 cum
405 1887 651 1947 quosdam
673 1903 840 1935 versus
860 1888 1071 1936 Homeri
1093 1890 1389 1938 transferens
1411 1891 1510 1938 suis
1531 1888 1842 1952 permiscuis-

96 1975 169 2014 set
189 1974 237 2014 et
259 1965 536 2029 conpilator
554 1976 778 2016 veterum
799 1968 863 2016 ab
883 1968 1092 2017 aemulis
1110 1969 1367 2019 diceretur.
1442 1972 1532 2019 llle
1557 1970 1812 2034 respondit
1834 1991 1842 2019 ε

100 2049 425 2110 ‘Magnarum
459 2064 567 2097 esse
599 2048 775 2097 virium
803 2051 991 2098 clavam
1021 2052 1229 2099 Herculi
1256 2060 1546 2115 extorquere
1571 2053 1635 2101 de
1660 2054 1842 2101 manu.'

97 2128 395 2189 Contumax‚
415 2129 478 2178 ab
497 2147 557 2179 eo
574 2132 711 2193 quod
729 2140 1032 2181 contemnat.
1091 2133 1452 2194 Chromaticus,
1479 2133 1597 2197 quia
1612 2151 1714 2183 non
1729 2151 1845 2183 con-
1866 2142 1931 2191 45

24 2231 71 2272 25
96 2212 319 2260 funditur
337 2228 431 2260 nec
453 2213 671 2261 colorem
698 2222 869 2262 mutat.
929 2215 1120 2263 Graece
1136 2217 1269 2264 enim
1288 2221 1453 2280 χρῶμα
1471 2218 1608 2265 color
1627 2226 1842 2265 vocatur.

97 2293 519 2353 Contumeliosus,
539 2293 656 2357 quia
672 2296 814 2343 velox
834 2305 908 2343 est
925 2305 972 2344 et
989 2305 1148 2345 tumet
1164 2297 1325 2346 verbis
1345 2298 1563 2347 iniuriae.
1626 2297 1844 2348 Conten-
1866 2296 1937 2355 46

156 2435 173 2460 1
207 2425 335 2463 corde
366 2423 473 2475 iun.]
505 2437 578 2463 cor
606 2424 743 2474 iungit
779 2425 844 2463 T:
887 2431 1001 2464 sorte
1033 2426 1219 2475 iungitur
1248 2426 1289 2464 Β
1321 2427 1423 2475 (non
1454 2427 1550 2477 AI)
1716 2429 1842 2468 Cont.

98 2491 179 2517 om.
197 2477 303 2516 B1K
316 2478 422 2529 (non
436 2478 529 2529 AI)
552 2492 560 2517 ε
582 2479 706 2518 Cont.
723 2480 1008 2519 multitudinis
1023 2482 1246 2520 adlocutor
1260 2481 1353 2520 CT2
1369 2485 1472 2529 (non
1490 2483 1550 2535 U)
1666 2497 1690 2521 2
1711 2484 1842 2523 Cons.

99 2533 225 2571 unius
258 2533 395 2585 (-nus)
418 2533 500 2572 adl.
528 2532 616 2571 CT²
639 2539 742 2582 (non
769 2534 830 2586 U)
1056 2549 1082 2585 3
1119 2536 1204 2588 cui]
1228 2537 1298 2585 qui
1319 2536 1430 2574 BIT
1587 2537 1783 2588 adloquia
1803 2537 1850 2576 K

99 2601 124 2636 4
157 2587 399 2626 consolatur
419 2586 460 2625 Β
570 2594 633 2626 est
652 2602 733 2628 om.
759 2588 794 2627 C
972 2601 997 2639 5
1026 2589 1319 2630 inconsolutus
1341 2591 1388 2628 K
1492 2592 1589 2641 quia
1609 2591 1655 2629 K
1758 2605 1844 2631 non

98 2655 181 2680 om.
214 2640 264 2678 Tl
373 2642 453 2681 dic.
477 2647 542 2680 est
562 2655 628 2692 qu.
658 2643 693 2681 C
810 2643 947 2696 quod]
970 2645 1040 2693 qui
1062 2643 1103 2681 Β
1295 2660 1316 2696 7
1349 2645 1509 2685 cicilius
1529 2646 1638 2686 codd.
1664 2647 1844 2698 (civilius

99 2695 141 2733 A
161 2709 169 2733 ε
202 2695 364 2734 cilicius
386 2695 451 2746 M)
565 2709 591 2746 9
621 2696 657 2735 si
677 2710 758 2736 om.
775 2696 985 2750 MT(non
1007 2698 1188 2749 ADIU)
1301 2701 1477 2739 adhibes
1501 2700 1627 2752 (adh)
1646 2700 1814 2739 ABCD
1836 2716 1845 2740 ε

101 2750 310 2789 adhibens
334 2749 458 2802 (adi-)
479 2750 600 2790 KM:
629 2751 762 2790 habes
785 2752 893 2803 (ab-)
915 2752 1027 2790 ITU
1133 2766 1182 2793 10
1209 2767 1233 2792 a
1254 2760 1378 2794 caute
1399 2756 1541 2794 eundo
1567 2754 1621 2792 T2
1727 2755 1842 2805 quia]

102 2804 174 2854 qui
193 2803 235 2841 Β
374 2817 422 2842 12
453 2806 600 2843 astuda
621 2811 663 2845 et
684 2807 810 2845 docto
831 2806 878 2844 K
982 2813 1024 2846 et
1045 2821 1125 2847 om.
1159 2807 1196 2845 T
1329 2822 1376 2858 13
1406 2810 1457 2848 ab
1479 2823 1563 2850 om.
1588 2809 1624 2847 C
1730 2809 1845 2861 cap.]

103 2858 300 2908 cupendo
321 2857 367 2896 K
476 2872 523 2908 14
547 2860 610 2901 Cl.
635 2873 703 2909 qu.
728 2861 934 2900 clamosus
962 2861 1010 2899 Tl
1124 2874 1171 2911 15
1192 2863 1323 2916 quod]
1339 2865 1437 2914 quia
1453 2863 1495 2901 Β
1579 2867 1599 2910 ξ
1622 2876 1674 2912 43
1704 2877 1785 2902 om.
1805 2863 1852 2902 K

104 2913 209 2962 (non
228 2913 293 2965 A)
437 2926 483 2963 17
514 2927 618 2964 quas
638 2914 679 2952 Β
696 2929 705 2953 :
736 2917 848 2965 quod
877 2916 914 2954 T
1047 2929 1096 2967 19
1124 2918 1350 2967 permiscet
1369 2924 1412 2958 et
1431 2919 1541 2958 sicut
1559 2918 1600 2956 Β
1738 2918 1848 2958 solet

104 2966 322 3016 pigmenta
342 2966 388 3006 K
568 2983 617 3009 21
641 2970 829 3009 homeris
849 2972 938 3010 suis
959 2971 1062 3022 (om.
1086 2973 1256 3023 transf.)
1278 2971 1326 3011 K
1431 2973 1683 3023 permiscuis
1705 2974 1779 3012 sed
1800 2978 1847 3012 ut

105 3033 229 3070 conp.
270 3021 317 3060 C1
428 3036 480 3073 23
501 3023 661 3064 clavem
684 3023 725 3061 Β
836 3038 887 3074 24
915 3026 1034 3078 quia]
1055 3027 1167 3076 quod
1188 3025 1230 3064 B
1311 3040 1363 3078 25
1393 3028 1507 3078 greci
1530 3058 1538 3067 .
1566 3059 1575 3068 .
1599 3057 1608 3066 .
1632 3033 1786 3068 vocant
1806 3027 1853 3067 K

106 3077 159 3114 26
187 3074 307 3127 quia]
328 3078 439 3126 quod
460 3076 501 3115 Β
639 3086 738 3119 tum.
765 3079 808 3119 in
830 3093 915 3119 ver.
944 3079 990 3118 K
