2176 3424
532 100 1161 151 ETYMOLOGIARVM
1204 101 1331 148 LIB.
1373 102 1418 147 X

108 237 311 297 Loquax
339 250 442 282 non
470 243 542 282 est
573 234 824 294 eloquens.
899 233 1080 279 Laetus
1118 229 1171 297 [a
1207 226 1508 295 latitudine}
1580 230 1841 291 Locuples,
1868 239 1957 290 155

104 318 242 379 quasi
291 317 409 365 locis
457 317 648 378 plenus,
692 324 739 363 et
786 315 1156 376 possessionum
1204 311 1526 375 plurimarum
1572 327 1840 374 possessor,

103 398 528 460 quemadmodum
564 398 710 445 docet
747 393 938 443 Tullius
971 395 1035 443 de
1069 394 1347 456 Republica
1379 392 1429 440 in
1462 392 1588 441 libro
1622 395 1844 441 secundo

105 480 241 544 (16):
282 478 564 540 ‘multaque
589 477 807 526 editione
841 475 1007 524 ovium
1039 485 1086 524 et
1117 477 1285 533 boum,
1312 476 1449 538 quod
1483 485 1602 523 tunc
1633 483 1735 522 erat
1768 491 1843 524 res

53 579 75 618 5
102 562 152 608 in
181 575 360 622 pecore
395 568 442 608 et
475 561 525 607 in
558 552 779 607 locorum
811 558 1237 621 possessionibus:
1276 574 1335 605 ex
1369 573 1469 619 quo
1503 554 1763 619 pecuniosi
1795 563 1844 602 et

99 643 370 704 locupletes
395 640 728 689 vocabantur.'
801 638 1038 688 Liberalis
1073 639 1234 688 dictus
1268 640 1331 687 ab
1365 655 1425 687 eo
1458 639 1596 701 quod
1631 637 1842 685 libenter
1865 641 1956 699 156

100 725 253 772 donet
279 740 371 772 nec
390 731 672 771 murmuret.
745 724 944 785 Largus.
1020 724 1220 785 Longus
1246 739 1274 770 a
1298 723 1427 770 linea
1447 720 1622 779 dictus,
1645 727 1843 782 propter

100 807 236 868 quod
283 805 342 854 sit
389 813 654 867 porrectus.
744 799 1051 867 Longaevus,
1093 806 1232 866 quasi
1281 805 1414 866 longi
1462 802 1570 851 aevi
1612 812 1660 851 et
1708 801 1843 864 longi

99 885 346 948 temporis.
422 888 754 949 LonganimiS,
784 885 885 935 sive
915 885 1254 949 magnanimis,
1289 902 1350 934 eo
1384 887 1520 948 quod
1553 886 1700 933 nullis
1738 899 1842 946 pas·
1866 895 1956 948 157

16 986 74 1014 vro
98 966 318 1015 sionibus
358 968 667 1030 perturbatur
710 969 797 1017 sed
833 970 897 1017 ad
934 968 1160 1016 universa
1196 967 1487 1016 sustinenda
1522 966 1714 1030 patiens
1751 975 1838 1015 est.

98 1050 192 1097 Cui
219 1049 490 1098 contrarius
515 1059 588 1098 est
608 1050 946 1113 pusillanimis,
969 1059 1205 1113 angustus
1226 1059 1273 1098 et
1294 1049 1344 1097 in
1369 1051 1503 1097 nulla
1525 1047 1840 1097 tribulatione

96 1129 380 1190 subsistens,
421 1133 484 1180 de
526 1147 627 1193 quo
670 1131 897 1180 scribitur
938 1131 1290 1195 (Proverb.14,
1315 1129 1423 1194 17):
1478 1129 1839 1178 ‘Pusillanimis

95 1212 411 1261 vehementer
441 1212 708 1275 insipiens.⁷
779 1213 925 1262 Levis
951 1213 1016 1262 ob
1048 1213 1432 1262 inconstantiam
1458 1211 1730 1276 vagationis
1759 1229 1838 1274 ap·
1863 1209 1951 1267 158

94 1294 316 1354 pellatus,
345 1294 459 1356 quia
494 1294 589 1342 levi
623 1305 761 1343 motu
795 1297 974 1344 mentis
1008 1312 1142 1344 nunc
1168 1297 1272 1354 ista,
1302 1311 1435 1343 nunc
1469 1296 1550 1342 illa
1575 1294 1835 1343 desiderat.

14 1394 69 1434 ¹15
95 1374 348 1435 Lubricus,
390 1376 453 1425 ab
497 1394 557 1425 eo
601 1378 735 1439 quod
776 1379 969 1426 labitur.
1040 1378 1250 1437 Labens,
1295 1378 1545 1426 interdum
1589 1378 1744 1436 velox,
1785 1386 1836 1424 ut

94 1456 245 1520 (Virg.
266 1459 392 1507 Aen.
417 1475 489 1517 11,
512 1458 660 1523 588):

632 1540 834 1598 Labere,
875 1541 1106 1603 nympha,
1146 1541 1275 1603 polo,

92 1628 140 1667 et
166 1618 319 1683 (Virg.
336 1623 460 1670 Aen.
484 1638 525 1681 4,
554 1621 670 1686 223)
692 1642 701 1670 ι

730 1703 920 1751 Labere
954 1702 1131 1765 pinnis.

15 1803 68 1832 20
90 1780 251 1831 Cursu
272 1782 404 1831 enim
424 1784 587 1845 lapsus
604 1784 806 1832 celerior
822 1792 908 1832 est.
951 1786 1112 1844 Latro,
1132 1785 1345 1833 insessor
1360 1786 1562 1846 viarum,
1582 1803 1611 1834 a
1629 1787 1831 1835 latendo
1856 1795 1949 1845 159

89 1864 272 1913 dictus:
293 1863 462 1913 Aelius
478 1874 644 1913 autem
666 1866 807 1914 ‘latro
823 1866 927 1925 est,'
938 1865 1109 1927 inquit,
1130 1868 1302 1915 ‘latero
1317 1866 1383 1914 ob
1400 1868 1562 1927 latere,
1578 1867 1832 1916 insidiator

90 1945 223 1992 viae.'
271 1945 486 2006 Lanista,
502 1948 756 2009 gladiator,
775 1948 825 1995 id
842 1956 916 1996 est
931 1947 1158 2007 carnifex,
1179 1950 1344 1996 Tusca
1359 1948 1525 2011 lingua
1540 1951 1829 2012 appellatuS‚

88 2042 117 2074 a
135 2027 368 2076 laniando
389 2027 574 2076 scilicet
593 2044 811 2090 corpora.
878 2030 1154 2077 Lacessitor
1173 2045 1259 2091 per
1279 2031 1650 2079 translationem
1670 2031 1831 2080 dictus
1855 2028 1952 2076 160

87 2126 116 2158 a
141 2109 346 2158 canibus
372 2111 448 2158 vel
473 2126 500 2157 a
526 2109 652 2168 feris,
681 2126 808 2172 quae
841 2112 1002 2159 solent
1031 2112 1295 2160 lacerando
1321 2127 1601 2174 provocare.
1675 2115 1828 2173 Leno,

6 2210 63 2250 :25
88 2191 374 2261 conciliator
421 2191 587 2254 stupri,
640 2208 700 2241 eo
748 2194 881 2254 quod
932 2202 1123 2242 mentes
1172 2195 1462 2242 miserorum
1512 2195 1734 2244 blandiat
1784 2206 1831 2244 et

87 2272 374 2323 deliniendo
399 2275 614 2322 seducat.
690 2273 1024 2334 Libidinosus,
1053 2274 1117 2323 ab
1144 2291 1204 2324 eo
1230 2277 1366 2337 quod
1391 2277 1507 2324 facit
1533 2279 1669 2339 quod
1695 2278 1828 2327 libet.

146 2416 163 2441 1
197 2416 280 2442 non
303 2409 367 2443 est
387 2404 562 2452 elegeris
584 2403 651 2442 K:
681 2403 737 2440 im
760 2403 847 2454 (sic)
870 2409 936 2442 est
957 2404 1121 2454 eligens
1140 2404 1182 2442 A
1203 2419 1210 2442 :
1241 2417 1322 2444 om.
1348 2404 1390 2442 B
1594 2421 1619 2446 a
1639 2407 1709 2446 lat.
1733 2408 1826 2447 hab.

90 2456 190 2498 CT:
218 2471 300 2498 om.
321 2457 479 2496 ABIK
638 2472 662 2507 4
693 2459 933 2508 multaeque
955 2459 1141 2497 dictione
1165 2459 1243 2504 Cz'c.
1267 2459 1370 2508 (non
1391 2460 1573 2513 ADIU)
1677 2463 1829 2502 bovum

90 2512 147 2552 C:
180 2513 346 2552 bovium
365 2513 431 2552 B:
462 2512 618 2552 bonum
639 2511 723 2550 KA
749 2513 850 2563 (non
872 2513 963 2562 DJ)
1105 2525 1128 2562 5
1160 2520 1334 2564 pectore
1355 2514 1490 2553 ADT
1613 2530 1634 2566 7
1666 2517 1830 2568 Largus

87 2579 170 2607 om.
193 2567 239 2605 K
255 2569 358 2617 (non
376 2567 438 2614 A)
463 2581 473 2606 z
506 2567 597 2606 Lar.
621 2568 845 2606 munificus
863 2568 1070 2606 humanus
1099 2567 1149 2605 Τ2
1447 2584 1471 2609 a
1491 2570 1584 2623 lin.]
1606 2571 1771 2611 alienus
1800 2572 1837 2610 T

88 2622 114 2659 8
141 2634 210 2671 qu.
232 2623 286 2660 sit
307 2621 391 2660 lon.
415 2621 461 2659 K
688 2622 800 2672 long.
820 2622 907 2674 ae.]
931 2623 1125 2671 longaevi
1147 2621 1197 2660 C1
1220 2637 1229 2661 :
1258 2623 1415 2674 longivi
1435 2624 1477 2662 Β
1689 2640 1715 2676 9
1745 2639 1829 2666 ma-

37 2716 41 2719 ,
88 2675 312 2724 gnanimus
334 2675 369 2713 C
502 2676 576 2726 eo]
598 2681 641 2714 et
664 2676 744 2714 CU
980 2691 1029 2716 10
1056 2677 1327 2727 perturbetur
1347 2678 1383 2717 C
1518 2681 1770 2720 sustinendo
1799 2680 1837 2719 T

93 2743 137 2768 11
161 2735 272 2770 cont.
292 2742 381 2780 pus.
399 2729 446 2767 K
512 2742 609 2780 ang.
630 2759 639 2769 .
661 2761 670 2770 .
687 2760 696 2769 .
714 2744 806 2781 pus.
827 2744 909 2772 om.
930 2731 986 2769 Β1
1058 2733 1100 2769 in
1118 2745 1200 2772 om.
1230 2731 1305 2771 TU
1413 2747 1462 2772 12
1483 2735 1771 2785 pusillanimus
1801 2735 1839 2773 T

94 2797 142 2833 13
171 2785 402 2824 vacationis
422 2783 468 2822 K
591 2798 644 2823 20
672 2785 793 2835 lapsu
822 2785 859 2823 T
952 2787 1148 2825 innessor
1167 2786 1236 2826 K:
1258 2787 1337 2828 ins.
1364 2794 1429 2827 est
1453 2789 1489 2829 C
1595 2803 1645 2828 21
1678 2790 1829 2829 melius

89 2836 130 2875 Β
175 2839 226 2878 ab
241 2837 276 2877 C
290 2834 391 2890 <non
404 2839 446 2876 A
462 2838 728 2890 Rem.),fori.
748 2845 842 2878 recte
887 2841 995 2880 latae
1015 2841 1050 2880 C
1064 2842 1165 2892 (non
1180 2841 1221 2878 A
1241 2842 1387 2894 Rem.)
1473 2857 1525 2893 23
1546 2844 1772 2883 alienando
1786 2844 1833 2883 K

91 2893 278 2945 (nontA)
376 2893 630 2932 Lacerisitor
651 2893 700 2932 Cl
813 2908 865 2945 24
895 2897 1111 2935 laterando
1135 2895 1185 2935 Cl
1275 2896 1424 2936 Lenon
1446 2897 1559 2938 codd.
1672 2910 1724 2948 25
1753 2912 1823 2949 qu.

89 2946 264 2989 aliorum
285 2960 394 2988 men.
417 2949 510 2987 mis.
531 2948 572 2985 A
741 2950 795 2988 26
816 2949 1043 2990 delinendo
1063 2949 1114 2989 Cl
1133 2965 1142 2990 :
1172 2950 1370 2991 deliendo
1400 2952 1455 2991 T:
1484 2953 1676 2993 liniendo
1698 2953 1760 3006 (li.
1782 2968 1831 2993 ex

90 3001 210 3054 corr.)
231 3001 272 3040 A
457 3014 564 3052 quae
585 3002 653 3043 lib.
679 3002 721 3041 Β
