2228 3444
1117 152 1388 200 ISIDORI

369 277 536 334 notha,
565 275 680 338 quia
706 284 1027 338 corrumpunt
1053 275 1249 323 ultimas
1276 275 1485 339 syllabas
1520 275 1834 325 manentibus
1861 277 2119 339 prioribus,

369 367 421 405 ut
446 359 580 420 apud
608 358 824 406 Graecos
854 358 1219 416 ‘Alexandrosj
1249 358 1584 405 ‘Menandros
1606 360 1615 379 '
1637 376 1650 418 ,-
1686 360 1818 420 apud
1835 375 1925 407 nos
1954 361 2122 408 ‘Alex-

370 441 552 498 ander,'
583 445 593 465 ⁶
614 441 922 488 Menander.'
996 438 1144 486 Dicta
1176 447 1339 486 autem
1377 440 1543 499 notha,
1578 441 2003 502 quemadmodum
2031 459 2121 490 no-

292 542 347 588 14
371 522 484 569 thus
524 521 702 569 dicitur
732 520 954 584 quisquis
985 522 1048 570 de
1082 520 1263 583 dispari
1299 537 1478 583 genere
1517 523 1745 569 nascitur.
1822 523 2117 587 Synonyma,

372 605 468 651 hoc
507 612 579 651 est
619 602 931 666 plurinomia,
971 619 1030 651 eo
1071 603 1207 665 quod
1251 602 1310 650 sit
1353 602 1403 649 in
1446 602 1667 665 pluribus
1707 603 1992 654 nominibus
2033 607 2123 670 sig-

373 687 591 733 nificatio
629 702 743 745 una,
778 693 830 732 ut
865 686 1049 743 ‘terra,'
1086 687 1098 709 ‘
1117 685 1328 743 humus,'
1368 685 1572 733 ‘tellus.'
1657 686 1799 733 Idem
1837 686 1969 734 enim
2007 699 2119 738 sunt

304 783 357 832 15
374 767 551 815 omnia.
631 769 967 830 Homonyma,
1008 768 1104 814 hoc
1143 776 1213 815 est
1257 764 1525 826 uninomia,
1566 783 1626 815 eo
1662 769 1798 830 quod
1837 768 1896 816 sit
1933 769 1983 817 in
2018 789 2121 820 uno

375 849 578 896 nomine
615 848 908 911 significatio
938 849 1164 912 plurima,
1201 857 1254 895 ut
1283 850 1562 906 ‘tumulus,'
1593 865 1725 896 nunc
1764 866 1906 898 mons
1945 852 2118 914 brevis,

375 947 508 978 nunc
542 941 738 978 tumens
775 932 933 989 tellus,
974 947 1107 977 nunc
1139 931 1468 992 sepulchrum.
1545 932 1634 978 Est
1666 931 1796 979 enim
1833 931 1882 979 in
1916 950 2017 981 uno
2042 952 2126 982 no-

288 1014 348 1060 16
376 1014 509 1061 mine
546 1012 839 1075 significatio
876 1011 1079 1061 diversa.
1155 1012 1382 1060 Relativa
1425 1013 1556 1060 dicta
1593 1029 1665 1072 eo,
1707 1014 1841 1075 quod
1879 1016 1942 1062 ad
1978 1016 2122 1064 aliam

300 1105 351 1154 17
377 1095 644 1142 referantur
686 1111 963 1157 personam,
1003 1103 1056 1142 ut
1096 1093 1383 1157 ‘magister,'
1418 1095 1713 1154 ‘dominus‚'
1752 1097 1948 1158 ‘pater.'
2035 1099 2123 1146 Illa

376 1186 541 1224 autem
577 1192 704 1238 quae
739 1175 972 1224 dicuntur
1006 1177 1070 1224 ad
1107 1175 1294 1237 aliquid
1331 1175 1540 1237 qualiter
1575 1193 1626 1224 se
1663 1176 1908 1237 habentia,
1948 1195 1977 1226 a
2012 1195 2125 1227 con-

375 1257 518 1306 traria
544 1257 901 1320 significatione
938 1259 1070 1306 dicta
1100 1266 1227 1316 sunt,
1256 1267 1308 1305 ut
1345 1258 1571 1306 ‘dexter.'
1645 1259 1756 1305 Dici
1794 1258 1925 1307 enim
1957 1262 2124 1310 dexter

298 1341 350 1388 18
376 1357 475 1387 non
504 1349 680 1403 potest,
708 1339 800 1387 nisi
829 1339 1020 1387 sinister
1047 1340 1201 1387 fuerit.
1279 1341 1430 1387 Porro
1465 1339 1712 1401 qualitatis
1747 1340 1950 1389 nomina
1980 1358 2037 1390 ex
2063 1359 2123 1391 eo

376 1423 521 1481 dicta,
556 1423 671 1484 quia
706 1438 792 1484 per
823 1438 879 1469 ea
918 1421 1075 1484 qualis
1114 1420 1324 1483 quisque
1363 1420 1423 1469 sit
1456 1409 1754 1481 ostenditur,
1790 1430 1842 1470 ut
1880 1423 2115 1487 ‘sapiens,

291 1518 351 1564 19
375 1507 385 1527 ‘
407 1505 682 1562 formosuS‚'
712 1503 911 1551 ‘dives'
961 1503 1281 1564 Quantitatis,
1313 1502 1428 1564 quia
1452 1519 1481 1550 a
1508 1519 1737 1551 mensura
1767 1504 2031 1565 trahantur,
2069 1515 2120 1554 ut

284 1600 351 1634 20
379 1587 611 1647 ‘longus,’
652 1585 873 1633 ‘brevis'
945 1584 1290 1648 Patronyrnica
1322 1586 1552 1633 dicuntur
1586 1601 1659 1645 eo,
1700 1588 1835 1648 quod
1867 1588 2123 1636 trahuntur

376 1684 404 1714 a
424 1666 657 1729 patribus,
687 1676 739 1714 ut
768 1667 1045 1730 ‘Tydides’
1083 1666 1242 1729 Tydei
1270 1666 1410 1727 filius,
1451 1667 1726 1716 ‘Aeneius'
1751 1670 1952 1719 Aeneae
1978 1670 2118 1731 filius,

301 1759 356 1792 21
379 1748 602 1811 quamvis
642 1759 688 1796 et
722 1766 750 1796 a
787 1748 1024 1796 matribus
1059 1759 1105 1796 et
1139 1765 1166 1796 a
1206 1747 1472 1797 maioribus
1499 1751 1755 1797 ducantur.
1829 1750 2034 1812 Ctetica,
2072 1752 2121 1801 id

292 1841 355 1874 22
379 1840 451 1878 est
484 1831 773 1892 possessiva,
801 1847 829 1878 a
854 1832 1179 1893 possessione,
1216 1840 1268 1878 ut
1303 1830 1606 1879 ‘Evandrius
1637 1830 1798 1880 ensis.'
1873 1832 2120 1895 Epitheta,

377 1929 503 1975 quae
533 1914 705 1961 Latine
735 1912 977 1961 adiectiva
1006 1914 1081 1961 vel
1115 1913 1423 1975 superposita
1453 1914 1773 1976 appellantur,
1803 1930 1863 1962 eo
1899 1918 2035 1977 quod
2060 1918 2123 1965 ad

376 1994 664 2057 implendam
702 1994 776 2043 sui
815 1993 1221 2058 significationem
1258 1994 1544 2043 nominibus
1580 1994 1867 2056 adiciantur,
1903 2005 1956 2044 ut
1995 2001 2005 2021 ‘
2028 2014 2124 2046 ma-

375 2078 531 2138 gnus‚'
560 2077 799 2124 ‘doctus'
870 2075 1041 2124 Adicis
1068 2093 1126 2124 ea
1150 2077 1386 2139 personis,
1415 2085 1469 2124 ut
1495 2079 1506 2101 ‘
1527 2093 1734 2138 magnus
1767 2076 2123 2141 philosophus,'

288 2168 352 2214 23
379 2160 582 2206 ‘doctus
610 2159 792 2216 homo,⁷
819 2167 866 2206 et
891 2160 1066 2220 plenus
1093 2167 1165 2205 est
1191 2174 1378 2206 sensus.
1445 2157 1672 2206 Actualia
1697 2159 1760 2207 ab
1786 2168 1898 2207 actu
1924 2161 2124 2209 descen-

376 2241 515 2298 dunt,
535 2248 588 2287 ut
609 2241 766 2298 ‘dux,⁷
791 2241 929 2299 ‘rex,'
960 2243 970 2264 ‘
989 2241 1185 2299 cursoi·,'
1210 2243 1220 2264 ‘
1240 2239 1432 2300 nutrix,'
1455 2243 1465 2265 ‘
1486 2241 1676 2288 orator.'
1735 2240 1910 2288 Gentis
1929 2258 1958 2289 a
1977 2251 2123 2304 gente

289 2340 354 2387 24
377 2321 594 2382 veniunt,
615 2331 667 2369 ut
693 2323 968 2381 ‘Graecus,'
996 2327 1005 2345 ⁶
1028 2323 1318 2371 Romanus.'
1366 2322 1557 2370 Patriae
1576 2338 1605 2369 a
1623 2321 1778 2385 patria
1795 2323 2120 2383 descendunt,

379 2412 431 2450 ut
467 2402 846 2462 ‘Atheniensis,’
885 2403 1218 2451 ‘Thebanus'
1290 2404 1410 2450 Loci
1440 2419 1468 2450 a
1501 2403 1626 2462 loco,
1662 2411 1714 2450 ut
1751 2403 2124 2454 ‘suburbanus’

294 2494 357 2542 25
381 2484 630 2532 Verbialia
656 2484 900 2543 dicuntur,
930 2484 1045 2546 quia
1070 2486 1133 2533 de
1159 2485 1308 2533 verbo
1346 2493 1626 2542 nascuntur,
1655 2492 1708 2531 ut
1736 2487 1747 2508 ‘
1764 2485 1946 2533 lector.'
2017 2488 2125 2534 Par-

289 2566 358 2611 26
383 2564 609 2627 ticipalia,
639 2582 766 2628 quae
804 2565 871 2613 sic
906 2575 1084 2613 sonant
1115 2565 1239 2613 sicut
1273 2564 1540 2628 participia,
1574 2574 1626 2613 ut
1656 2566 1879 2627 ‘legens'
1948 2567 2125 2615 Verbis

443 2708 461 2733 1
493 2695 610 2746 quia]
633 2708 742 2745 quae
756 2696 802 2733 K
910 2710 934 2744 4
965 2697 1018 2734 de
1039 2695 1199 2736 om.K1
1321 2697 1347 2733 6
1375 2696 1485 2734 idem
1503 2695 1616 2734 enim
1635 2710 1660 2733 α
1682 2697 1742 2748 (=
1758 2695 1819 2734 C:
1848 2695 1890 2734 id
1920 2697 2032 2734 enim
2060 2697 2122 2738 B:

385 2751 496 2789 idem
517 2750 580 2800 A)
601 2765 630 2800 γ
660 2750 800 2795 (='‘T:
830 2751 871 2789 id
892 2750 1006 2789 enim
1032 2750 1094 2802 U)
1117 2765 1126 2789 ε
1146 2751 1257 2789 idem
1279 2762 1384 2798 ergo
1404 2752 1433 2794 β
1453 2749 1573 2799 (=K
1590 2749 1691 2789 Par.
1710 2750 1831 2796 extr.)
1942 2763 1986 2788 11
2018 2752 2126 2790 rese-

385 2811 534 2843 runtur
556 2804 590 2842 C
706 2816 754 2854 15
785 2818 860 2853 per
879 2818 928 2843 ea
950 2804 1061 2843 RK:
1090 2818 1168 2855 per
1188 2818 1281 2843 eam
1313 2804 1391 2843 CT
1470 2806 1519 2843 16
1545 2805 1772 2843 trahuntur
1788 2804 1835 2842 K
1959 2817 2010 2854 19
2039 2811 2080 2844 et
2101 2820 2125 2845 a

385 2859 611 2898 maioribus
639 2872 724 2898 om.
755 2858 816 2896 Kl
966 2858 1163 2899 Ctethica
1194 2858 1273 2898 T2:
1305 2859 1484 2897 Thetica
1505 2857 1600 2898 BC:
1630 2859 1818 2897 Thedica
1845 2857 1890 2896 K
1911 2873 1920 2898 ε
1947 2858 2126 2899 Tethica

390 2913 440 2950 Tl
569 2927 621 2962 24
652 2914 894 2952 discindunt
913 2914 966 2952 ab
985 2919 1081 2952 actu
1100 2913 1161 2952 Κ1
1290 2925 1343 2963 25
1378 2918 1519 2952 orator
1538 2912 1633 2953 add.
1655 2912 1774 2952 K2L²
1912 2915 1932 2959 ᾗ
1954 2925 2004 2962 25
2034 2919 2127 2954 ante

385 2971 404 3014 ξ
422 2981 473 3017 24
495 2967 541 3005 K
543 2967 595 3006 L¹
617 2973 666 3006 ut
694 2968 775 3007 vid.
942 2968 994 3006 28
1022 2968 1141 3020 quia]
1163 2981 1270 3018 quae
1290 2967 1337 3005 K
1498 2981 1552 3019 29
1581 2967 1729 3017 legens
1753 2966 1937 3007 ABCKl
1965 2972 2012 3006 ut
2041 2969 2122 3008 vid.

386 3022 484 3113 geg.
522 3027 618 3061 extr.
651 3021 730 3074 *(Ll
763 3036 802 3061 n.
828 3022 875 3073 l.)
912 3022 1072 3061 TUW:
1113 3025 1291 3062 demens
1326 3023 1551 3075 (clemens)
1583 3025 1678 3063 dett.
1813 3022 1940 3061 Verbi
1975 3022 2125 3062 similia

2150 1040 2197 1067 10

2151 1854 2201 1881 20

2150 2266 2199 2304 25
