2228 3444
1043 167 1315 216 ISIDORI

225 314 279 360 13
304 298 600 366 apparuisse.
681 296 1000 346 Archontiaci
1043 314 1071 345 a
1113 296 1416 361 principibus
1459 301 1780 363 appellantur,
1826 300 1910 364 qui
1951 301 2055 349 uni-

305 380 596 439 versitatem,
627 397 775 443 quarn
804 382 941 428 Deus
972 379 1211 439 condidit,
1240 397 1389 443 opera
1413 397 1521 430 esse
1546 382 1948 446 archangelorum
1974 385 2053 432 de—

223 479 279 528 14
304 465 528 513 fendunt.
601 461 869 512 Adamiani
904 461 1079 521 vocati,
1116 463 1251 525 quod
1284 463 1427 512 Adae
1462 462 1715 513 imitentur
1748 465 2052 525 nuditatem;

303 548 437 595 unde
475 555 522 594 et
558 544 681 594 nudi
717 553 871 603 orant,
909 552 956 592 et
994 543 1115 592 nudi
1152 543 1278 593 inter
1313 562 1365 593 se
1402 561 1560 594 mares
1596 547 1908 610 feminaeque
1940 564 2054 596 con-

226 644 278 692 15
303 628 521 678 veniunt.
595 625 771 677 Caiani
796 627 1004 689 proinde
1037 625 1106 673 sic
1139 626 1384 689 appellati,
1413 628 1648 689 quoniam
1675 629 1801 678 Cain
1828 631 2036 678 adorant

219 718 278 765 16
304 709 525 760 Sethiani
557 725 744 758 nomen
776 716 1074 771 acceperunt
1099 724 1128 755 a
1153 707 1253 756 filio
1279 709 1458 768 Adam,
1486 712 1570 772 qui
1595 719 1796 759 vocatus
1821 721 1894 759 est
1918 714 2050 771 Seth,

226 811 279 860 17
303 794 526 842 dicentes
552 791 767 839 eundem
803 805 910 838 esse
936 790 1203 859 Christum.
1279 790 1755 839 Melchisedechiani
1781 795 1940 842 vocati
1965 811 2053 856 pro

304 890 377 932 eo,
411 874 547 936 quod
579 871 957 920 Melchisedech
990 873 1298 920 sacerdotem
1331 872 1426 920 Dei
1464 890 1566 921 non
1601 873 1856 923 hominem
1889 874 2051 934 fuisse,

222 957 278 1003 18
304 958 391 1005 sed
412 955 639 1004 virtutem
662 954 757 1003 Dei
779 970 886 1003 esse
911 954 1219 1003 arbitrantur.
1281 955 1506 1018 Angelici
1525 956 1697 1014 vocati,
1719 957 1833 1019 quia
1854 960 2054 1020 angelos

219 1053 278 1099 19
303 1040 486 1087 colunt.
551 1036 828 1100 Apostolici
854 1039 950 1085 hoc
976 1036 1069 1084 sibi
1094 1053 1282 1085 nornen
1307 1037 1421 1086 ideo
1446 1049 1889 1103 praesumpserunt,
1918 1042 2054 1102 quod

303 1118 424 1167 nihil
461 1120 772 1182 possidentes
809 1119 1075 1183 proprium,
1109 1135 1423 1182 nequaquam
1461 1120 1700 1183 recipiunt
1736 1138 1820 1170 eos
1855 1122 1939 1185 qui
1974 1123 2053 1170 ali--

211 1213 278 1248 20
303 1201 423 1263 quid
457 1201 507 1249 in
541 1203 636 1250 hoc
671 1203 861 1251 mundo
894 1210 1111 1250 utuntur.
1186 1201 1489 1250 Cerdoniani
1521 1219 1550 1250 a
1576 1204 1805 1253 Cerdone
1834 1206 2053 1267 quodam

225 1298 281 1334 21
303 1284 546 1334 nominati
564 1303 577 1345 3
613 1284 695 1348 qui
722 1286 823 1334 duo
850 1283 1091 1333 contraria
1118 1283 1357 1347 principia
1382 1285 1628 1334 adserunt.
1704 1286 2055 1335 Marcionistae

302 1385 331 1415 a
369 1366 627 1416 Marcione
662 1367 828 1416 Stoico
866 1365 1165 1430 philosopho
1201 1365 1447 1429 appellati,
1479 1366 1564 1430 qui
1594 1367 1837 1417 Cerdonis
1874 1370 2056 1432 dogma

304 1458 513 1509 secutus,
546 1451 753 1498 alterum
789 1450 992 1507 bonum,
1026 1450 1234 1497 alterurn
1269 1447 1451 1497 iustum
1485 1451 1647 1498 Deum
1681 1450 1910 1511 adseruit,
1937 1460 2057 1499 tam-

217 1543 280 1577 22
303 1549 452 1595 quarn
479 1533 581 1580 duo
606 1531 847 1595 principia
873 1530 1102 1579 creatoris
1128 1540 1175 1580 et
1202 1530 1449 1580 bonitatis.
1516 1532 1812 1595 Artotyritae
1836 1534 1898 1582 ab
1925 1533 2057 1582 obla-

302 1613 438 1662 tione
464 1615 638 1663 vocati.
713 1616 900 1662 Panem
929 1613 1061 1662 enim
1088 1622 1136 1661 et
1162 1629 1360 1662 caseum
1387 1615 1612 1674 offerunt,
1638 1614 1860 1663 dicentes
1889 1615 2057 1678 primis

302 1696 591 1745 hominibus
625 1695 933 1744 oblationem
967 1712 997 1744 a
1029 1695 1267 1744 fructibus
1301 1704 1455 1744 terrae
1490 1706 1537 1745 et
1569 1713 1598 1745 a
1627 1697 1865 1746 fructibus
1892 1697 2058 1746 ovium

217 1793 282 1840 23
302 1779 452 1826 fuisse
489 1778 801 1826 celebratam.
876 1776 1082 1839 Aquarii
1125 1778 1370 1840 appellati,
1411 1793 1471 1826 eo
1509 1780 1645 1840 quod
1683 1796 1864 1842 aquam
1904 1781 2059 1828 solam

217 1876 282 1923 24
302 1862 514 1910 offerunt
539 1859 590 1907 in
615 1859 768 1908 calice
794 1860 1103 1908 sacramenti.
1179 1858 1428 1907 Severiani
1453 1875 1481 1906 a
1508 1862 1688 1909 Severo
1713 1861 1866 1910 exorti
1891 1863 2057 1909 vinum

303 1959 405 1990 non
446 1941 655 1990 bibunt:
704 1943 861 1990 Vetus
898 1943 1275 1989 Testamentum
1315 1949 1363 1988 et
1402 1941 1808 1990 resurrectionem
1848 1958 1950 1990 non
1989 1960 2060 1991 re-

219 2035 282 2084 25
308 2024 511 2088 cipiunt.
584 2022 783 2072 Tatiani
819 2040 848 2071 a
878 2022 1090 2071 Tatiano
1121 2023 1340 2084 quodam
1370 2023 1546 2083 vocati,
1579 2023 1663 2086 qui
1700 2034 1748 2073 et
1782 2026 2061 2073 Encratitae

216 2107 284 2154 26
309 2106 442 2166 dicti,
465 2105 580 2169 quia
606 2122 776 2154 carnes
801 2104 1167 2155 abominantur.
1225 2104 1388 2168 Alogii
1413 2115 1652 2154 vocantur
1676 2116 1930 2169 tamquam
1958 2106 2061 2155 sine

308 2189 494 2238 Verbo.
574 2189 728 2254 Λόγος
776 2189 908 2237 enim
953 2189 1144 2236 Graece
1187 2187 1391 2236 verbum
1442 2187 1635 2237 dicitur.
1716 2192 1881 2238 Deum
1930 2189 2061 2239 enim

308 2271 532 2320 Verbum
567 2287 670 2318 non
695 2271 916 2329 credunt,
946 2278 1232 2333 respuentes
1260 2269 1499 2318 Iohannis
1525 2271 1832 2333 evangelium
1859 2281 1907 2320 et
1932 2274 2062 2334 Apo-

223 2364 285 2414 27
309 2352 542 2417 calypsin.
616 2351 957 2416 Cataphrygiis
1000 2368 1184 2400 nornen
1225 2350 1476 2414 provincia
1514 2351 1722 2415 Phrygia
1758 2352 1909 2412 dedit,
1949 2354 2063 2415 quia

310 2435 379 2486 ibi
406 2435 682 2485 extiterunt.
745 2438 987 2483 Auctores
1014 2450 1185 2483 eorum
1213 2436 1502 2493 Montanus,
1527 2433 1692 2482 Prisca
1716 2443 1764 2483 et
1791 2434 2064 2483 Maximilla

311 2521 526 2568 fuerunt.
597 2519 669 2565 Hi
705 2518 974 2566 adventum
1010 2515 1218 2580 Spiritus
1252 2517 1418 2565 Sancti
1455 2533 1557 2564 non
1594 2515 1644 2564 in
1674 2519 1940 2580 Apostolis,
1975 2518 2062 2565 sed

224 2603 289 2650 28
313 2601 364 2649 in
397 2617 449 2649 se
482 2598 715 2648 traditum
741 2600 999 2648 adserunt.
1072 2599 1318 2648 Catharoe
1350 2607 1549 2661 propter
1582 2598 1876 2648 munditiam
1911 2598 1978 2647 ita
2012 2615 2063 2647 se

371 2741 389 2766 1
423 2729 521 2779 quia
544 2727 620 2767 CT
744 2742 768 2766 2
799 2728 944 2781 quam]
967 2729 1078 2778 quod
1100 2727 1146 2765 K
1272 2740 1297 2776 3
1327 2728 1453 2767 adtae
1477 2727 1527 2766 Cl
1660 2742 1684 2777 4
1716 2728 1858 2780 orant]
1881 2734 2002 2767 erant
2022 2728 2064 2766 B

311 2786 338 2822 6
366 2783 542 2835 nornen]
563 2782 767 2822 nominati
790 2782 850 2820 Kl
981 2785 1006 2820 8
1036 2783 1187 2822 melch.
1209 2783 1321 2820 hunc
1342 2795 1428 2822 sac.
1452 2782 1498 2820 K
1619 2795 1646 2832 9
1675 2783 1988 2821 arbitrabantur
2005 2782 2061 2820 Β1

311 2838 383 2889 qui
411 2837 472 2877 T:
504 2839 617 2889 quod
639 2837 685 2875 K
844 2851 887 2876 11
921 2838 1179 2888 recipientes
1199 2850 1273 2876 eos
1295 2836 1340 2874 K
1495 2849 1543 2886 13
1573 2838 1790 2876 nominato
1813 2837 1863 2876 Cl
1991 2838 2061 2875 ad-

312 2894 447 2933 seruit
470 2892 505 2932 C
697 2894 747 2931 16
776 2892 1000 2944 creatoris]
1023 2892 1254 2932 creationis
1274 2891 1315 2929 A
1324 2905 1398 2930 rev.
1558 2892 1818 2931 Artoteritae
1838 2890 1958 2940 (—co-,
1981 2893 2062 2945 -te)

312 2947 423 2988 codd.
536 2949 587 2987 ab
607 2947 697 3000 ob.]
719 2946 931 2986 ablatione
954 2946 1006 2985 Cl
1135 2959 1181 2996 17
1213 2946 1377 2997 primus
1405 2945 1442 2983 T
1562 2948 1610 2985 18
1640 2945 1834 2984 omnibus
1856 2944 1906 2983 C¹
2019 2953 2062 2984 et

312 3004 360 3043 sr.
383 3016 450 3043 ov.
479 3002 530 3041 Tl
757 3014 810 3051 23
839 3002 952 3040 dicte
974 3001 1024 3041 C1
1245 3000 1364 3052 quia]
1388 3000 1500 3050 quod
1521 2999 1568 3038 K
1755 3001 1998 3040 abuminant
2019 3000 2066 3038 K

312 3058 513 3108 tamquod
535 3056 581 3094 K
742 3070 794 3106 24
824 3057 935 3095 enim
958 3070 1039 3096 om.
1061 3055 1111 3095 Cl
1277 3066 1328 3104 25
1358 3055 1513 3094 ioanne
1536 3054 1586 3094 Cl
1754 3057 1807 3094 26
1835 3054 2061 3104 Catasrigis

313 3111 360 3150 K
380 3112 481 3164 (pro
501 3124 596 3162 -ges
611 3111 644 3164 2)
875 3123 938 3160 pr.
962 3111 1124 3161 asragia
1147 3109 1212 3149 B:
1241 3110 1487 3160 provinciae
1508 3122 1532 3148 a
1553 3110 1676 3160 frigia
1696 3109 1742 3147 K
1937 3109 2060 3160 quia]

312 3167 426 3217 quod
448 3166 494 3204 K
646 3179 696 3216 27
729 3165 897 3204 maxilla
926 3165 975 3203 T1
1131 3166 1184 3203 28
1214 3165 1386 3204 fuerunt
1407 3178 1486 3205 om.
1512 3163 1558 3201 K

2042 669 2050 678 -
2081 647 2101 685 5

2082 1057 2130 1086 10

2083 1473 2129 1512 15

2085 1885 2135 1914 20

2088 2295 2135 2334 25
