2176 3424
410 132 1038 182 ETYMOLOGIARVM
1080 131 1210 178 LIB.
1250 131 1357 177 XV.
1398 127 1542 176 x-xiii

112 273 163 313 ut
188 281 216 312 a
240 266 340 313 lato
366 262 600 326 incipiant
625 271 674 310 et
694 261 742 308 in
768 268 979 324 angusto
1005 259 1236 308 finiantur
1262 259 1387 308 sicut
1413 259 1537 322 ignis
1555 278 1570 320 3
1603 264 1696 323 πῦρ
1720 258 1852 308 enim

112 345 289 395 dicitur
313 344 450 409 ignis.
525 345 638 392 Hos
664 345 916 405 Aegyptus
942 341 1105 390 habet.
1179 342 1331 404 Apud
1356 341 1565 390 maiores
1602 341 1734 390 enim
1771 356 1855 404 po-

113 437 272 477 tentes
296 436 380 475 aut
405 426 497 475 sub
523 424 776 473 montibus
800 433 884 472 aut
909 423 961 471 in
985 423 1240 472 montibus
1273 422 1650 487 sepeliebantur.
1728 423 1855 471 Inde

113 518 320 558 tractum
350 517 441 557 'est
489 515 542 556 ut
590 522 736 570 super
790 506 1027 553 cadavera
1074 513 1158 553 aut
1206 503 1483 568 pyramides
1537 506 1724 565 fierent,
1773 511 1857 552 aut

68 615 89 654 5
115 590 336 653 ingentes
362 591 624 638 columnae
648 589 1037 636 conlocarentur.

255 673 338 718 DE
375 683 657 718 AEDIFICHS
696 682 942 716 RvsTlcls.
1018 668 1147 717 Casa
1190 676 1262 716 est
1301 676 1492 730 agreste
1521 667 1859 716 habitaculum
1887 673 1971 713 XII

117 752 239 817 palis
264 761 413 815 atque
437 750 653 815 virgultis
678 749 1103 811 arundinibusque
1137 758 1437 809 contextum,
1467 749 1647 812 quibus
1672 747 1862 812 possint

118 834 346 883 homines
385 833 508 882 tueri
545 849 574 881 a
615 830 706 898 [vi]
748 831 935 894 frigoris
974 833 1050 880 vel
1093 830 1267 880 caloris
1309 830 1495 879 iniuria.
1589 829 1860 894 Tugurium
1889 842 1918 877 2

118 919 284 965 casula
307 925 380 965 est
406 931 553 978 quam
579 913 765 963 faciunt
789 913 883 962 sibi
908 914 1140 962 custodes
1160 912 1413 962 vinearum
1439 915 1503 962 ad
1527 913 1743 977 tegimen
1770 912 1858 972 sui,

47 1016 94 1044 10
120 998 258 1062 quasi
300 996 554 1061 tegurium,
601 995 702 1044 sive
741 1004 939 1059 propter
976 996 1204 1044 ardorem
1247 994 1362 1043 solis
1411 1004 1458 1044 et
1505 994 1669 1044 radios
1717 994 1863 1043 decli-

119 1082 326 1141 nandos,
355 1080 455 1128 sive
481 1088 533 1127 ut
570 1078 686 1127 inde
715 1080 793 1127 vel
826 1076 1053 1126 homines
1083 1079 1160 1126 vel
1193 1076 1441 1138 bestiolas,
1467 1094 1595 1140 quae
1631 1077 1863 1126 insidiare

120 1165 279 1212 solent
303 1161 430 1210 natis
457 1160 689 1224 frugibus,
708 1159 921 1223 abigant.
997 1161 1151 1207 Hunc
1177 1158 1342 1207 rustici
1368 1176 1644 1223 capannam
1669 1168 1862 1219 vocant,

121 1246 256 1309 quod
282 1260 435 1292 unum
462 1252 654 1292 tantum
679 1241 854 1305 capiat.
928 1243 1122 1289 Tescua
1148 1240 1350 1303 quidam
1377 1251 1552 1304 putant
1589 1258 1696 1291 esse
1730 1251 1867 1304 tugu-
1892 1251 1922 1297 3

122 1328 202 1387 ria,
233 1326 432 1390 quidam
461 1327 570 1373 loca
595 1333 856 1387 praerupta
880 1332 928 1372 et
954 1339 1138 1386 aspera.
1215 1323 1431 1386 Magalia
1455 1323 1680 1373 aedificia
1698 1322 1867 1373 Numi·
1890 1334 1922 1381 4

51 1426 95 1464 15
122 1412 294 1459 darum
320 1407 582 1471 agrestium
600 1406 828 1469 oblonga,
852 1406 1063 1453 incurvis
1081 1404 1315 1454 lateribus
1335 1415 1478 1466 tecta,
1502 1405 1639 1470 quasi
1667 1405 1865 1454 navium

123 1490 316 1540 carinae
353 1499 479 1548 sunt,
509 1488 609 1537 sive
646 1489 858 1536 rotunda
894 1487 945 1535 in
979 1488 1185 1535 modum
1220 1488 1488 1536 furnorum.
1564 1490 1628 1536 Et
1657 1487 1865 1551 magalia

125 1573 256 1622 dicta
281 1571 420 1635 quasi
446 1569 672 1634 magaria,
693 1569 808 1633 quia
834 1572 846 1594 ‘
867 1585 1031 1633 magar
1048 1570 1058 1590 '
1080 1569 1253 1618 Punici
1280 1586 1460 1619 novam
1486 1570 1650 1619 villam
1676 1569 1862 1630 dicunt,

126 1671 222 1703 una
247 1653 406 1702 littera
430 1661 734 1701 commutata
761 1653 802 1699 L
827 1668 915 1714 pro
942 1653 1002 1711 R,
1033 1650 1254 1714 magalia,
1285 1652 1511 1716 magaria.

264 1738 344 1783 DE
381 1749 548 1783 AGRIS.
623 1736 753 1796 Ager
779 1732 955 1781 Latine
986 1732 1219 1796 appellari
1253 1733 1431 1782 dicitur
1464 1750 1525 1783 eo
1554 1734 1691 1796 quod
1726 1732 1777 1780 in
1810 1749 1871 1782 eo
1895 1740 2000 1779 XIII

56 1835 106 1863 20
126 1826 295 1881 agatur
330 1815 529 1879 aliquid.
602 1814 701 1862 Alii
736 1831 906 1876 agrum
943 1831 1000 1863 ex
1038 1815 1229 1864 Graeco
1277 1814 1520 1864 nominari
1569 1814 1874 1863 manifestius

129 1901 350 1949 credunt.
404 1899 550 1947 Vnde
566 1906 614 1946 et
629 1896 743 1946 villa
759 1897 949 1945 Graece
966 1901 994 1949 †
1006 1912 1231 1960 coragros
1245 1902 1269 1947 †
1287 1897 1479 1946 dicitur.
1535 1896 1667 1945 Villa
1685 1913 1714 1945 a
1730 1898 1871 1956 vallo,
1898 1917 1928 1951 2

129 1983 180 2032 id
205 1991 277 2032 est
301 1996 474 2044 aggere
499 1989 666 2038 terrae,
694 1987 994 2041 nuncupata,
1022 1980 1159 2041 quod
1184 1995 1272 2042 pro
1298 1978 1452 2028 limite
1478 1978 1711 2027 constitui
1729 1979 1865 2027 solet.

133 2062 476 2114 Possessiones
517 2069 631 2109 sunt
666 2059 765 2123 agri
802 2061 899 2108 late
931 2068 1157 2123 patentes
1194 2060 1382 2123 publici
1422 2059 1708 2123 privatique,
1748 2077 1874 2123 quos
1898 2074 1926 2119 3

132 2146 272 2195 initio
297 2161 398 2193 non
424 2141 803 2205 mancipatione,
832 2143 919 2190 sed
945 2142 1154 2205 quisque
1179 2151 1232 2190 ut
1258 2141 1417 2205 potuit
1442 2141 1701 2205 occupavit
1725 2151 1874 2205 atque

62 2241 109 2282 25
134 2226 387 2293 possedit3
423 2226 556 2273 unde
582 2233 628 2272 et
653 2223 938 2287 nuncupati.
1016 2225 1219 2272 Fundus
1251 2223 1411 2272 dictus
1445 2226 1582 2287 quod
1611 2241 1671 2273 eo
1705 2225 1875 2273 funda—
1893 2235 1927 2283 4

134 2320 211 2359 tur
246 2310 321 2358 vel
359 2306 630 2356 stabiliatur
664 2305 1028 2368 patrimonium.
1118 2306 1323 2354 Fundus
1353 2314 1518 2354 autem
1553 2314 1601 2354 et
1631 2306 1874 2354 urbanum

194 2451 211 2476 1
244 2436 307 2488 ut]
331 2450 354 2475 a
374 2435 419 2474 K
620 2434 828 2484 incipiunt
848 2434 894 2471 K
1097 2434 1301 2475 finiuntur
1322 2434 1366 2472 K
1567 2434 1660 2487 πῦρ]
1686 2435 1750 2485 pir
1767 2435 1881 2474 codd.

137 2506 162 2543 3
190 2492 456 2542 sepeliuntur
477 2490 523 2530 C1
652 2503 675 2538 4
706 2502 832 2539 supra
856 2488 901 2526 K
1007 2488 1098 2539 pira
1119 2489 1188 2529 ide
1210 2489 1274 2528 B:
1308 2490 1438 2540 piram
1460 2488 1505 2527 K
1632 2504 1652 2539 7
1685 2490 1817 2540 virgis
1838 2489 1884 2527 K

140 2552 342 2586 contexta
362 2545 407 2584 K
581 2546 606 2583 8
636 2557 784 2583 omnes
812 2543 848 2582 T
998 2557 1021 2581 a
1042 2543 1149 2582 KT:
1179 2545 1244 2582 avi
1269 2543 1368 2584 CD:
1400 2550 1471 2583 aut
1491 2544 1530 2582 Β
1698 2544 1787 2596 vel]
1809 2551 1879 2584 aut

143 2601 183 2639 Β
204 2617 213 2642 :
241 2615 324 2640 om.
351 2601 412 2651 (in
431 2601 558 2651 spat.)
582 2597 626 2636 K
732 2612 759 2649 9
788 2612 895 2648 quae
918 2599 970 2639 fa.
994 2597 1038 2635 K
1130 2598 1203 2650 ad]
1224 2612 1248 2637 a
1268 2598 1308 2635 Β
1427 2612 1470 2636 11
1505 2605 1549 2638 ut
1570 2599 1691 2651 inde]
1711 2599 1824 2638 unde
1848 2598 1885 2637 T

147 2668 195 2694 12
224 2668 454 2694 cavannam
476 2653 532 2692 3²
553 2656 656 2705 (non
676 2653 740 2705 M)
844 2666 891 2703 13
920 2654 1084 2703 capiant
1108 2652 1153 2690 K
1247 2666 1294 2702 14
1326 2659 1556 2704 proroptua
1576 2652 1617 2691 Β
1714 2665 1761 2702 15
1789 2667 1878 2703 agr,

143 2712 194 2750 ab
215 2710 298 2750 obl.
322 2709 367 2748 K
506 2707 733 2748 materibus
754 2707 813 2745 K¹
958 2714 1076 2747 tenta
1097 2707 1225 2746 KOP
1408 2710 1456 2747 16
1486 2714 1586 2747 sunt
1606 2722 1690 2747 om.
1715 2707 1884 2746 KNOP

149 2777 193 2814 17
224 2765 363 2803 villam
379 2762 598 2803 BCDFT:
629 2762 774 2801 cellam
791 2762 918 2801 KOP
1028 2764 1076 2801 18
1107 2762 1290 2811 magaria
1305 2769 1347 2802 et
1367 2763 1586 2813 magaliam
1601 2763 1670 2801 N:
1692 2762 1822 2801 maria
1838 2769 1879 2802 et

147 2819 324 2870 magalia
337 2817 487 2858 KOP:
514 2817 700 2867 magaria
713 2818 879 2868 tuguria
894 2815 1079 2856 BCTU:
1106 2817 1291 2866 magor-ia
1307 2819 1475 2867 tuguria
1494 2817 1579 2855 DF
1659 2829 1706 2867 19
1735 2817 1877 2867 appel-

147 2874 234 2914 lare
246 2872 332 2912 BT
408 2886 461 2912 20
491 2872 559 2912 alii
576 2885 660 2911 om.
682 2871 727 2909 K
807 2885 854 2910 21
887 2884 1067 2922 coragus
1083 2872 1122 2924 (r
1134 2871 1413 2924 superscr.)K
1491 2885 1542 2910 22
1571 2871 1702 2923 quod]
1725 2872 1822 2920 quia
1841 2870 1882 2909 B

149 2927 247 2980 pro]
268 2940 404 2979 prope
420 2926 466 2965 K
630 2926 824 2966 consituti
849 2926 884 2966 C
1083 2938 1134 2975 23
1163 2925 1328 2976 publice
1350 2926 1400 2965 Cl
1572 2939 1679 2975 quos
1699 2926 1741 2964 in
1763 2927 1882 2965 initio

321 2996 373 3032 24
403 2981 515 3034 occ.]
537 2987 580 3021 ut
601 2994 688 3020 occ.
719 2981 776 3020 T:
806 2982 1063 3032 nuncupavit
1082 2979 1128 3019 K
1253 2992 1304 3030 25
1333 2986 1573 3031 nuncupate
1596 2981 1663 3032 (ex
1682 2980 1777 3030 -tie)
1800 2979 1885 3018 ΚΒ

152 3050 201 3076 ex
219 3050 316 3077 corr.
510 3036 588 3076 dic.
605 3042 669 3074 est
690 3049 740 3074 eo
754 3038 863 3085 quod
889 3036 924 3074 C
1114 3035 1343 3074 fundantur
1364 3036 1412 3074 C¹
1433 3050 1442 3076 :
1473 3036 1670 3075 fundetur
1689 3035 1885 3075 Schwarz

154 3093 207 3129 26
235 3091 302 3129 vel
323 3091 429 3131 stab.
449 3103 530 3132 om.
559 3090 596 3128 T
701 3090 883 3141 patrim.]
906 3091 1012 3140 patri
1034 3096 1286 3129 momentum
1308 3089 1394 3128 BT
