2228 3444
1037 136 1309 184 ISIDORI

286 258 652 320 confringamus
670 276 682 317 3
716 258 1119 306 concludendum
1139 259 1216 317 ita,
1237 266 1289 305 ut
1310 256 1615 306 concitemus
1631 257 1824 306 animos
1840 257 2046 307 audien-

288 338 347 386 tis
375 338 561 401 inplere
587 354 714 400 quae
741 338 965 388 dicimus.

157 431 262 472 VIII
426 422 509 468 DE
547 435 782 476 QVINQVE
821 435 982 470 Moms
1026 435 1323 469 cAvsARVM.
1398 422 1597 484 Species
1635 438 1892 470 causarum
1934 431 2047 471 sunt

288 504 510 566 quinque
531 524 539 553 :
581 500 654 569 [id
681 501 778 570 est]
797 505 1078 563 honestum,
1100 502 1404 562 admirabile,
1427 502 1629 565 humile,
1652 520 1849 568 anceps,
1874 505 2049 553 obscu-

286 602 410 633 rum.
485 587 774 633 Honestum
812 602 990 634 causae
1027 602 1182 649 genus
1230 595 1317 646 est,
1363 585 1442 633 cui
1485 585 1648 634 statim
1686 587 1791 634 sine
1828 588 2049 636 oratione
2073 606 2094 646 5

287 676 455 715 nostra
471 669 600 715 favet
625 667 820 716 animus
846 667 1101 716 auditoris.
1176 667 1500 727 Admirabile,
1529 685 1558 716 a
1583 684 1684 732 quo
1710 676 1783 716 est
1809 668 2048 718 alienatus

287 748 482 798 animus
504 766 690 810 eorum,
719 751 803 812 qui
823 748 1038 798 audituri
1065 759 1194 798 sunt.
1270 749 1479 798 Humile
1504 759 1590 809 est,
1618 751 1755 813 quod
1780 750 2050 814 neclegitur

233 845 264 881 2
289 832 351 880 ab
377 831 616 880 auditore.
689 834 890 895 Anceps
930 841 1015 892 est,
1045 832 1094 880 in
1139 849 1240 895 quo
1276 842 1360 880 aut
1394 831 1630 880 iudicatio
1660 831 1814 880 dubia
1844 841 1930 893 est,
1965 842 2050 881 aut

289 931 436 962 causa
453 914 725 963 honestatis
742 923 790 963 et
807 914 1126 978 turpitudinis
1143 914 1401 978 particeps,
1422 923 1475 962 ut
1491 913 1878 963 benivolentiam
1895 914 2050 978 pariat

287 1005 335 1046 et
361 997 615 1045 offensam.
691 997 989 1057 Obscurum,
1023 996 1075 1044 in
1110 1014 1211 1060 quo
1247 1006 1330 1045 aut
1365 998 1489 1046 tardi
1523 996 1772 1046 auditores
1807 1006 1934 1056 sunt,
1966 1007 2050 1047 aut
2077 1016 2126 1044 10

288 1078 643 1127 difficilioribus
687 1081 751 1128 ad
801 1081 1207 1143 cognoscendum
1259 1079 1469 1143 negotiis
1518 1097 1667 1128 causa
1714 1079 1928 1129 cernitur
1976 1079 2044 1128 in-

287 1163 479 1224 plicata.

202 1259 262 1297 IX
426 1246 507 1292 DF.
548 1247 909 1294 SYLLOGISMIS.
985 1244 1307 1308 Syllogismus
1342 1245 1546 1305 Graece,
1586 1244 1762 1294 Latine
1795 1261 2050 1308 argumen-

288 1325 407 1374 tatio
433 1330 718 1390 appellatur.
794 1326 1173 1391 Argumentatio
1203 1336 1368 1376 autem
1402 1327 1535 1376 dicta
1562 1337 1648 1387 est,
1682 1328 1822 1391 quasi
1851 1337 2050 1391 argutae

289 1410 467 1456 mentis
493 1409 663 1468 oratio,
686 1425 784 1472 qua
805 1409 1059 1458 inventurn
1079 1409 1336 1473 probabile
1356 1409 1657 1472 exequimur.
1732 1411 2050 1474 Syllogismus
2078 1427 2124 1466 15

288 1490 431 1555 igitur
470 1501 543 1540 est
583 1491 932 1556 propositionis
972 1500 1020 1540 et
1046 1492 1408 1555 adsumptionis
1447 1492 1937 1555 confirmationisque
1977 1509 2052 1541 ex-

288 1583 444 1622 trema
491 1573 747 1622 conclusio
796 1582 880 1622 aut
928 1590 986 1622 ex
1033 1573 1330 1637 ambigentis
1378 1573 1581 1634 incerto,
1631 1583 1716 1623 aut
1763 1590 1821 1623 ex
1869 1574 2051 1623 fiducia

235 1677 265 1711 2
291 1655 656 1717 conprobantis.
733 1656 942 1705 Constat
991 1654 1123 1704 enim
1174 1655 1329 1704 tribus
1378 1655 1597 1718 partibus
1621 1676 1630 1706 ε
1697 1655 2046 1719 propositione,

289 1737 658 1800 adsumptione,
678 1737 1014 1786 conclusione.
1073 1737 1432 1800 Propositione,
1453 1747 1505 1786 ut
1522 1746 1653 1801 puta,
1677 1739 1841 1801 ‘quod
1858 1737 2048 1787 bonum

290 1829 377 1878 est,
406 1828 599 1882 turpem
627 1836 772 1868 usum
800 1820 983 1869 habere
1008 1836 1109 1868 non
1136 1821 1332 1883 potest.'
1403 1819 1673 1870 Consensit
1699 1821 1939 1882 audiens3
1968 1822 2050 1869 ad-
2077 1836 2127 1865 20

290 1900 499 1964 sumpsit
526 1900 606 1950 ille
631 1901 870 1965 ‘pecunia
895 1910 1088 1965 turpem
1116 1918 1261 1949 usum
1282 1902 1461 1950 habet.'
1533 1901 1876 1961 Concluditur,
1908 1905 2050 1965 ‘ergo

235 2006 265 2052 3
291 1982 503 2045 pecunia
520 1983 710 2031 bonum
727 2000 829 2032 non
847 1985 951 2032 est.⁷
1003 1983 1307 2047 Syllogismis
1325 1993 1491 2033 autem
1514 2001 1615 2032 non
1634 1985 1794 2032 solum
1813 1985 2047 2043 rhetores,

291 2066 379 2112 sed
407 2064 618 2114 maxime
644 2065 891 2114 dialectici
922 2074 1141 2126 utuntur,
1168 2065 1282 2114 licet
1315 2066 1588 2129 Apostolus
1615 2082 1761 2129 saepe
1790 2074 2046 2128 proponat,

290 2148 532 2205 adsumat,
557 2149 816 2196 confirmet
832 2158 982 2211 atque
1003 2148 1270 2197 concludat
1292 2167 1299 2196 :
1339 2164 1481 2211 quae,
1503 2157 1556 2196 ut
1576 2147 1803 2207 diximus,
1826 2148 2051 2211 propriae

232 2252 266 2301 4
291 2227 405 2277 artis
434 2228 736 2278 Dialecticae
763 2239 810 2278 et
830 2229 1129 2278 Rhetoricae
1156 2238 1283 2278 sunt.
1357 2229 1761 2293 Syllogismorum
1788 2231 1921 2293 apud
1946 2231 2050 2278 rhe-
2073 2250 2123 2290 25

291 2321 421 2360 tores
441 2310 730 2375 principalia
749 2327 928 2375 genera
954 2312 1055 2360 duo
1082 2320 1196 2359 sunt
1217 2331 1226 2361 :
1260 2310 1486 2359 inductio
1511 2320 1559 2360 et
1585 2310 1907 2361 ratiocinatio.
1972 2313 2050 2360 In-

350 2469 367 2494 1
401 2455 534 2495 concl.
558 2460 623 2495 est
642 2455 699 2494 ita
719 2455 765 2493 K
873 2455 1057 2494 animum
1079 2454 1126 2492 K
1287 2467 1312 2503 3
1343 2455 1528 2505 quinque
1549 2460 1648 2494 sunt
1668 2455 1715 2493 K
1868 2470 1894 2507 4
1922 2456 1964 2496 id
1986 2464 2051 2497 est

291 2511 383 2551 hab.
415 2510 520 2550 BT:
552 2523 633 2550 om.
669 2509 748 2548 CK
935 2511 961 2547 6
989 2523 1014 2548 a
1043 2523 1126 2559 quo
1145 2515 1216 2548 est
1243 2508 1345 2548 CT:
1388 2523 1439 2548 eo
1470 2510 1582 2559 quod
1609 2516 1675 2549 est
1703 2510 1791 2549 ΒΚ
1815 2510 1943 2551 Bern.
1971 2526 2050 2561 224

290 2565 516 2618 alienatus]
540 2567 737 2604 adtentus
763 2565 803 2603 Β
836 2570 930 2604 aule
962 2578 1064 2604 corr.
1102 2564 1152 2603 C1
1187 2569 1235 2603 ut
1262 2564 1342 2605 vid.
1578 2578 1598 2614 7
1640 2578 1720 2604 nec
1750 2566 1906 2616 legitur
1937 2566 2014 2605 CK
2021 2566 2059 2604 T

291 2622 316 2659 8
347 2621 473 2660 dubia
494 2626 559 2659 est
579 2633 663 2660 om.
686 2619 733 2657 K
896 2633 922 2669 9
951 2619 1233 2658 benivolentia
1257 2619 1391 2669 pariat
1412 2619 1587 2658 offesam
1612 2619 1667 2659 T:
1698 2621 1892 2660 benivole
1912 2621 2050 2672 pariet

293 2676 457 2715 offensa
470 2675 534 2713 K:
563 2674 892 2714 benivolentiam
916 2675 1048 2725 pariat
1065 2676 1269 2713 offensam
1289 2673 1340 2712 C1
1456 2687 1506 2713 10
1534 2674 1576 2713 in
1592 2688 1674 2725 qua
1689 2681 1761 2714 aut
1772 2675 1895 2716 B1K:
1917 2675 2048 2715 autin

293 2744 376 2781 quo
403 2730 440 2768 T
547 2743 590 2768 11
624 2730 967 2779 cognoscendam
988 2729 1101 2768 B1C1
1175 2728 1332 2779 negotii
1352 2728 1472 2769 BC1:
1490 2730 1611 2768 -tium
1628 2729 1720 2768 KT
1825 2742 1872 2779 13
1905 2730 2051 2769 Soloe-

293 2787 446 2824 cismus
462 2784 509 2822 K
581 2798 628 2834 14
659 2797 758 2835 app.
778 2784 911 2824 BCT:
938 2785 1095 2824 dicitur
1118 2784 1164 2822 K
1283 2796 1371 2833 arg.
1391 2797 1500 2823 men.
1521 2785 1606 2836 or.]
1624 2786 1860 2834 argumenti
1876 2785 1982 2824 ratio
1999 2785 2048 2824 C1

296 2853 343 2889 15
373 2840 472 2890 quia
492 2839 538 2877 K
646 2840 872 2889 exequitur
901 2839 938 2877 T
1101 2841 1150 2878 18
1179 2839 1266 2878 ads.
1292 2839 1429 2881 concl.
1450 2852 1570 2890 prop.
1593 2838 1663 2877 K:
1693 2851 1776 2878 om.
1801 2838 1837 2878 C
1999 2852 2050 2890 19

291 2894 585 2944 Propositione
615 2908 700 2934 om.
722 2894 768 2932 K
983 2907 1037 2933 20
1066 2899 1191 2944 turpe
1221 2906 1298 2932 usu
1323 2893 1370 2931 K
1586 2906 1634 2932 21
1667 2899 1790 2944 turpe
1819 2906 1940 2933 usum
1965 2893 2056 2932 KT

292 2950 426 2988 concl.
448 2951 561 2988 enim
583 2962 675 3000 pec.
700 2949 767 2990 bo.
791 2961 946 2987 nornen
968 2962 1063 2988 esse
1082 2949 1127 2986 K
1148 2963 1156 2987 :
1188 2948 1321 2987 concl.
1343 2949 1454 2987 enim
1485 2961 1574 2999 pec.
1599 2948 1667 2988 b0.
1690 2954 1756 2988 est
1779 2947 1924 2988 Canta
1941 2962 2040 2988 corr.

293 3017 344 3052 23
374 3004 542 3043 maximi
565 3004 611 3042 K
773 3017 824 3052 24
855 3004 1029 3053 propria
1050 3003 1142 3043 dett.
