2228 3444
1102 129 1376 177 ISIDORI

462 262 502 290 x.
531 248 602 290 De
625 247 839 304 piscibus.
1650 254 1738 296 XV

452 319 508 362 xi.
535 321 607 363 De
631 320 808 364 avibus.

437 392 508 435 xii.
539 395 610 436 De
635 393 825 437 minutis
850 395 1126 439 volatilibus,

1401 338 1428 382 i.
1454 339 1524 382 De
1549 338 1825 383 civitatibus.

1387 411 1431 456 ii.
1458 412 1531 454 De
1554 411 1777 456 aedificiis
1801 413 2009 469 publicis.

1372 483 1431 528 iii.
1457 486 1529 528 De
1550 485 1842 529 habitaculis.

1376 558 1432 601 iv.
1461 559 1532 601 De
1556 558 1777 602 aedificiis
1799 560 1952 603 sacris.

1391 647 1430 676 v.
1460 633 1533 675 De
1555 631 1846 688 repositoriis.

1375 705 1433 748 vi.
1460 706 1534 748 De
1556 705 1789 761 operariiS.

1354 778 1430 821 vii.
1455 779 1528 821 De
1551 777 1767 821 aditibus.

1336 851 1427 895 viii.
1455 853 1527 895 De
1549 851 1756 908 partibus
1775 851 2107 895 aedificiorum.

1372 926 1428 970 ix.
1455 926 1529 969 De
1552 925 1900 969 munitionibus.

1387 1016 1427 1043 x.
1454 1001 1525 1043 De
1549 999 1769 1043 tentoriis.

1377 1073 1435 1117 xi.
1461 1075 1533 1116 De
1559 1072 1826 1129 sepulchris.

1358 1147 1431 1191 xii.
1460 1149 1533 1190 De
1557 1146 1778 1190 aedificiis
1800 1145 1994 1189 rusticis.

1338 1219 1427 1263 xiii.
1455 1221 1529 1263 De
1555 1219 1692 1275 agris.

1343 1293 1429 1336 xiv.
1456 1295 1526 1336 De
1550 1292 1717 1335 finibus
1739 1306 1970 1347 agrorum.

1364 1382 1432 1409 xv.
1459 1368 1531 1409 De
1556 1365 1783 1408 mensuris
1806 1379 2032 1421 agrorum.

709 524 831 566 XIII

474 610 501 652 i.
528 611 601 653 De
625 611 816 654 mundo.

464 682 508 725 ii.
534 684 607 726 De
630 684 811 727 atomis.

448 755 506 799 iii.
534 758 605 800 De
629 757 884 801 elementis.

446 830 504 871 iv.
532 831 603 873 De
628 830 771 874 caelo.

468 917 510 944 v.
536 903 608 946 De
632 916 736 946 aere
757 912 801 947 et
826 904 960 947 nube.

454 975 511 1019 vi.
537 976 611 1018 De
635 976 848 1020 tonitruo.

434 1046 508 1090 vii.
535 1048 608 1091 De
630 1049 909 1093 fulminibus.

424 1120 516 1165 viii.
543 1123 614 1164 De
630 1136 739 1165 arcu
752 1122 997 1167 etnubium
1016 1124 1188 1168 effecti-

595 1196 696 1238 bus.

451 1267 504 1310 ix.
535 1269 606 1311 De
630 1269 794 1312 ventis.

466 1355 504 1382 x,
531 1340 603 1383 De
620 1355 843 1397 aquarum
857 1342 1127 1388 diversitate
1145 1354 1189 1388 et

485 1486 491 1492 ,
591 1428 722 1460 man·
1344 1439 1430 1483 xvi.
1456 1440 1529 1482 De
1552 1438 1804 1482 itineribus.

451 1501 507 1528 m.
536 1488 607 1529 De
632 1488 910 1533 fluminibus.

430 1565 502 1608 xii.
530 1567 602 1609 De
626 1567 822 1611 diluviis.
1642 1547 1752 1588 XVI

1405 1627 1430 1669 i.
1459 1628 1528 1669 De
1573 1626 1836 1682 pulveribus
1879 1633 1923 1668 et
1965 1624 2111 1680 glebis

716 1685 831 1727 XIV
1511 1707 1672 1743 terrae.

479 1768 506 1811 i.
532 1770 604 1812 De
628 1778 760 1814 terra.
1389 1772 1432 1815 ii.
1460 1774 1531 1816 De
1563 1772 1710 1828 glebis
1733 1786 1788 1816 ex
1811 1771 1957 1827 aquis.

467 1841 508 1884 ii.
535 1843 608 1885 De
632 1844 755 1888 orbe.
1233 1832 1235 1834 ,
1374 1845 1433 1889 iii.
1460 1846 1533 1889 De
1555 1844 1789 1902 lapidibus
1812 1843 2091 1898 vulgaribus.

451 1914 513 1958 iii.
539 1916 613 1959 De
635 1917 749 1961 Asia
772 1926 815 1961 et
844 1918 1053 1975 partibus
1080 1920 1189 1964 eius.
1375 1919 1431 1962 iv.
1458 1920 1530 1961 De
1573 1917 1805 1975 lapidibus
1849 1915 2110 1972 insigniori-

451 1988 507 2031 iv.
534 1990 606 2032 De
656 1991 843 2048 Europa
890 2000 934 2035 et
982 1993 1190 2048 partibus
1514 1993 1614 2034 bus·

595 2063 708 2108 eius,
1234 2118 1235 2122 Ἰ
1394 2079 1434 2106 v.
1461 2065 1534 2107 De
1558 2063 1877 2107 marmoribus·

467 2149 508 2177 ν.
536 2136 609 2179 De
633 2137 780 2192 Libya
795 2146 838 2181 et
857 2138 954 2182 eius
968 2140 1190 2195 partibus.
1372 2138 1430 2180 vi.
1457 2139 1529 2180 De
1550 2137 1762 2193 gemmis.

457 2207 514 2250 vi.
540 2208 1190 2266 Deinsulisetpromontoriis.
1358 2210 1432 2253 vii.
1458 2211 1532 2252 De
1556 2208 1849 2252 viridioribus
1871 2206 2083 2263 gemmis.

422 2280 513 2335 [vii.
541 2282 612 2324 De
636 2282 997 2339 promontoriis]
1340 2280 1432 2326 viii.
1459 2284 1531 2326 De
1553 2281 1701 2325 rubris
1733 2280 1946 2336 gemmis.

420 2353 509 2396 viii.
537 2355 609 2398 De
660 2355 894 2399 montibus
942 2356 1192 2414 ceterisque
1376 2356 1432 2399 ix.
1458 2356 1530 2399 De
1553 2354 1808 2411 purpureis.

596 2425 799 2468 locorum
823 2426 1071 2470 vocabulis.
1395 2444 1432 2472 x.
1462 2430 1535 2471 De
1559 2426 1784 2471 candidis.

459 2496 514 2538 ix.
541 2498 612 2540 De
635 2497 925 2542 inferioribus
949 2507 1109 2543 terrae.
1377 2501 1436 2543 xi.
1464 2502 1536 2544 De
1563 2501 1721 2557 nigris.

414 2586 523 2623 XIII
547 2586 673 2626 iii-iv.
692 2601 772 2626 om.
790 2588 835 2625 K
944 2589 995 2628 iv.
1022 2591 1084 2628 De
1105 2591 1221 2629 caelo
1244 2591 1426 2640 capitula
1445 2603 1540 2628 -1111·
1559 2591 1607 2640 B,
1629 2591 1692 2630 Ea
1709 2590 1764 2629 sic
1781 2590 2036 2642 appareutz'n
2067 2588 2110 2637 T,

364 2639 429 2678 De
448 2643 580 2692 caelo,
608 2642 672 2680 De
695 2643 885 2692 partibus
907 2645 1024 2695 caeli,
1050 2645 1115 2684 De
1137 2645 1303 2684 circulis
1324 2646 1446 2693 caeli,
1470 2646 1535 2684 De
1555 2658 1656 2684 aere
1811 2658 1851 2685 v.
1874 2657 1954 2683 om.
1979 2642 2119 2694 T(sed

361 2695 408 2743 cf.
430 2695 491 2747 iv)
602 2697 684 2735 viii.
709 2696 774 2735 De
794 2711 906 2737 arcu.
932 2698 996 2736 De
1017 2700 1171 2748 pluviis
1198 2699 1235 2737 T
1337 2701 1467 2740 x—xii.
1494 2700 1618 2739 Liber
1639 2700 1783 2739 XIIII.
1845 2712 1862 2737 1
1895 2699 1959 2737 De
1979 2698 2110 2747 aquis.

363 2762 387 2786 2
410 2750 474 2788 De
490 2751 738 2790 diversitate
758 2764 970 2801 aquarum.
1048 2767 1073 2803 3
1095 2754 1160 2792 De
1182 2753 1308 2793 maris
1328 2756 1516 2795 nomina.
1577 2769 1600 2804 4
1625 2755 1689 2794 De
1721 2766 1922 2793 occeano.
1995 2762 2020 2800 5
2049 2751 2114 2790 De

363 2805 679 2844 meditem-cneo
710 2819 840 2848 mare.
916 2809 942 2845 6
968 2808 1032 2847 De
1061 2808 1220 2848 sinibus
1255 2810 1394 2850 maris.
1476 2823 1497 2860 7
1530 2809 1594 2848 De
1613 2809 1800 2849 aestibus
1821 2813 1863 2846 et
1884 2807 2017 2846 fretis.
2088 2807 2114 2843 8

365 2858 429 2897 De
451 2859 554 2898 lacis
582 2867 623 2898 et
652 2861 831 2911 stagnis.
891 2875 917 2912 9
939 2862 1002 2900 De
1022 2863 1162 2902 abisso
1183 2869 1223 2902 et
1245 2864 1420 2914 reliquis
1441 2877 1644 2914 aquarum
1666 2862 1916 2902 nominibus.
1979 2873 2028 2899 10
2049 2859 2114 2899 De

363 2914 474 2954 ssum.
537 2927 581 2952 11
609 2915 672 2954 De
694 2917 747 2954 di.
775 2915 812 2953 T
931 2930 973 2956 x,
998 2924 1040 2956 et
1061 2918 1163 2956 mari
1183 2930 1266 2958 om.
1288 2918 1328 2956 Β
1459 2919 1564 2958 XIV
1584 2919 1654 2959 vii.
1676 2918 1768 2958 hab.
1787 2916 1896 2955 BK:
1926 2929 2010 2956 om.
2045 2913 2122 2952 CT

360 2967 445 3006 viii.
470 2968 680 3022 locorum]
703 2976 842 3009 terrae
872 2970 961 3009 ΒΚ
982 2972 1046 3023 (efi
1071 2972 1131 3010 ad
1147 2973 1210 3022 ix)
1362 2973 1416 3012 ix.
1439 2979 1580 3013 terrae
1601 2987 1683 3012 om.
1705 2972 1791 3011 ΒΚ
1931 2970 2034 3012 XVI
2056 2970 2111 3009 iii.

361 3023 564 3071 vulgariis
590 3024 628 3062 T
722 3025 792 3064 vii.
814 3025 1016 3064 viridibus
1042 3025 1080 3064 T
1179 3027 1234 3066 ix,
1261 3027 1324 3066 De
1345 3041 1466 3078 purp.
1487 3028 1666 3077 gemmis
1686 3026 1732 3066 K
1839 3038 1879 3065 x.
1904 3025 1969 3063 De
1991 3026 2111 3072 cand-

361 3077 540 3125 gemmis
561 3078 605 3116 K
726 3080 782 3119 xi.
808 3080 872 3118 De
894 3080 976 3130 nig.
999 3081 1179 3130 gemmis
1202 3081 1244 3122 K
