2176 3424
517 90 1148 139 ETYMOLOGIARVM
1190 88 1319 134 LIB.
1360 87 1449 134 XI.
1490 84 1540 132 iii

158 221 521 270 nificationibus
570 219 742 268 futuris
790 217 1057 267 constituta
1103 215 1344 264 videntur.
1429 215 1550 262 Vult
1597 212 1728 261 enim
1778 213 1901 261 deus

157 303 403 353 interdum
429 312 631 351 ventura
656 301 929 365 significare
954 316 1040 362 per
1063 297 1228 361 aliqua
1251 295 1563 345 nascentium
1588 293 1748 354 noxia,
1775 294 1902 342 sicut

157 394 204 433 et
249 402 335 448 per
375 401 579 433 somnos
615 393 663 432 et
699 400 786 446 per
821 383 1031 439 oracula,
1073 397 1170 443 qua
1213 386 1532 442 praemoneat
1574 386 1622 425 et
1659 374 1900 438 significet

155 466 453 530 quibusdam
479 467 554 515 vel
584 464 813 529 gentibus
839 465 916 512 vel
946 461 1231 510 hominibus
1257 462 1470 509 futuram
1502 459 1695 507 cladem
1715 475 1727 517 3
1763 458 1900 520 quod

108 572 130 611 5
154 547 373 610 plurimis
416 547 563 596 etiam
607 543 950 609 experimentis
993 543 1253 607 probatum
1300 550 1389 591 est.
1477 543 1673 589 Xerxen
1717 537 1900 601 quippe
1922 550 1953 599 5

155 629 312 692 vulpis
347 646 405 678 ex
438 646 565 692 equa
597 637 759 676 creata
792 625 915 675 solvi
949 641 1153 687 regnum
1187 621 1451 687 portendit.
1525 621 1808 670 Alexandro
1842 635 1901 668 ex

154 711 356 759 muliere
398 719 671 759 monstrum
714 717 950 766 creatum,
985 707 1122 769 quod
1165 704 1438 769 superiores
1480 701 1697 767 corporis
1739 710 1900 766 partes

153 792 380 851 hominis,
421 793 508 841 sed
547 801 763 839 mortuas
807 790 1047 847 habuerit,
1087 786 1340 836 inferiores
1380 786 1682 835 diversarum
1725 781 1902 832 bestia-

154 892 274 934 rum,
303 875 389 923 sed
413 875 646 932 viventes,
667 870 966 935 significasse
991 868 1300 932 repentinam
1327 867 1450 931 regis
1476 864 1868 915 interfectionem
1890 885 1899 914 :

83 979 130 1006 10
153 955 517 1019 supervixerant
559 953 691 1003 enim
734 951 976 1002 deteriora
1013 950 1311 1000 melioribus.
1388 950 1487 998 Sed
1523 950 1647 997 haec
1683 955 1901 995 monstra

152 1054 279 1100 quae
311 1036 362 1085 in
395 1034 836 1099 significationibus
873 1035 1053 1082 dantur
1085 1049 1187 1081 non
1221 1031 1307 1080 diu
1333 1031 1518 1090 vivunt,
1547 1031 1635 1079 sed
1661 1027 1900 1078 continuo

152 1129 204 1167 ut
229 1128 343 1167 nata
367 1118 546 1166 fuerint
570 1118 819 1166 occidunt.
883 1117 1018 1164 Inter
1043 1123 1325 1178 portentum
1352 1122 1518 1162 autern
1545 1122 1593 1161 et
1618 1120 1902 1175 portentuo-
1925 1122 1960 1168 6

151 1218 259 1249 sum
277 1200 449 1249 differt.
502 1202 633 1248 Nam
653 1207 881 1262 portenta
901 1206 1014 1246 sunt
1031 1213 1158 1260 quae
1175 1197 1592 1258 transfigurantur,
1613 1192 1739 1242 sicut
1756 1194 1904 1241 fertur

151 1282 202 1330 in
243 1281 450 1331 Vmbria
492 1281 749 1330 mulierem
793 1279 1043 1343 peperisse
1087 1287 1380 1342 serpentem.
1477 1277 1627 1324 Vnde
1672 1278 1903 1323 Lucanus

79 1385 126 1426 15
153 1364 218 1429 (1,
240 1363 357 1429 563)
379 1384 388 1412 :

521 1447 834 1506 Matremque
872 1460 988 1491 suus
1025 1441 1293 1491 conterruit
1329 1441 1503 1488 infans.

151 1531 476 1576 Portentuosa
517 1543 631 1575 vero
673 1527 832 1574 levem
876 1532 1078 1572 sumunt
1116 1522 1457 1583 mutationem,
1497 1519 1706 1583 exempli
1751 1537 1899 1568 causa

150 1627 262 1658 cum
288 1626 370 1658 sex
403 1608 565 1672 digitis
592 1608 706 1656 nati.
783 1610 1017 1655 Portenta
1049 1604 1192 1669 igitur
1225 1606 1301 1654 vel
1335 1612 1655 1668 portentuosa
1684 1601 1895 1651 existunt
1920 1610 1949 1659 7

150 1691 243 1739 alia
284 1690 622 1754 magnitudine
661 1690 810 1737 totius
850 1688 1067 1751 corporis
1107 1689 1232 1735 ultra
1273 1702 1593 1734 communem
1634 1683 1893 1732 hominum

78 1801 127 1830 20
151 1774 370 1831 modum,
389 1781 602 1835 quantus
621 1771 711 1819 fuit
731 1769 913 1831 Tityon
933 1769 982 1817 in
1004 1785 1184 1818 novem
1204 1767 1452 1832 iugeribus
1469 1769 1647 1826 iacens,
1669 1768 1895 1814 Homero

149 1863 384 1904 testante:
422 1853 516 1902 alia
541 1851 777 1916 parvitate
803 1850 953 1900 totius
980 1850 1210 1914 corporis,
1231 1859 1285 1898 ut
1309 1849 1439 1909 nani,
1461 1850 1538 1898 vel
1564 1865 1690 1911 quos
1716 1846 1892 1897 Graeci

149 1939 420 2000 Pygmaeos
444 1944 636 1995 vocant,
660 1951 720 1983 eo
745 1935 883 1997 quod
903 1933 999 1982 sint
1019 1942 1202 1981 statura
1229 1931 1480 1980 cubitales
1533 1930 1631 1978 Alii
1655 1947 1683 1977 a
1710 1931 1893 1992 magni-

146 2018 318 2067 tudine
343 2016 567 2080 partium‚
586 2015 732 2064 veluti
761 2014 921 2078 capite
947 2014 1157 2074 informi,
1177 2023 1261 2062 aut
1281 2013 1537 2076 superfluis
1556 2011 1892 2060 membrorum

44 2106 55 2158 ἶ
147 2100 380 2164 partibus,
409 2107 462 2146 ut
486 2097 712 2161 bicipites
739 2106 786 2145 et
811 2095 1020 2155 trimani,
1049 2097 1125 2144 vel
1152 2096 1473 2158 cynodontes,
1503 2094 1684 2158 quibus
1709 2092 1890 2156 gemini

73 2206 124 2248 25
148 2183 424 2246 procedunt
462 2182 649 2228 dentes.
723 2177 821 2226 Alii
861 2195 890 2225 a
927 2179 1124 2226 defectu
1165 2176 1390 2240 partium,
1432 2175 1483 2224 in
1522 2176 1702 2239 quibus
1741 2176 1934 2224 alteraS

147 2281 256 2327 pars
290 2261 553 2327 plurimum
589 2260 756 2310 deficit
791 2261 855 2308 ab
891 2261 1054 2318 altera,
1083 2269 1135 2307 ut
1173 2275 1349 2306 manus
1384 2275 1412 2305 a
1445 2274 1611 2316 manu,
1637 2258 1714 2306 vel
1744 2273 1830 2320 pes
1867 2273 1896 2303 a

145 2347 286 2408 pede.
347 2343 446 2392 Alii
470 2360 499 2391 a
523 2342 790 2402 decisione,
819 2350 872 2389 ut
896 2339 1002 2390 sine
1027 2357 1178 2389 manu
1205 2349 1289 2388 aut
1314 2338 1475 2403 capite
1499 2347 1741 2402 generata,
1771 2354 1897 2401 quos

146 2427 322 2477 Graeci
368 2426 595 2474 steresios
637 2433 830 2473 vocant.
927 2421 1039 2471 Alia
1082 2422 1439 2486 praenumeria,
1486 2421 1689 2484 quando
1734 2421 1930 2468 solum.
1967 2486 1972 2490 ⁴

202 2569 218 2595 1
252 2555 378 2594 futuri
400 2555 596 2594 Schwarz
730 2566 755 2602 3
785 2551 888 2602 qua]
909 2551 1006 2601 quia
1036 2551 1188 2604 T(non
1210 2550 1271 2601 X)
1384 2551 1491 2599 sign.
1511 2555 1733 2588 venturam
1755 2562 1823 2598 qu.
1849 2548 1892 2585 Β

115 2648 119 2652 .
145 2625 168 2660 4
199 2612 379 2649 futuram
400 2622 482 2650 om.
504 2609 545 2647 Β
673 2607 806 2659 quod]
825 2607 922 2656 quia
946 2606 995 2644 Cl
1161 2617 1186 2655 5
1218 2605 1417 2644 Xerxens
1439 2604 1485 2642 K
1645 2605 1672 2642 6
1701 2610 1815 2642 crata
1837 2603 1887 2641 Cl

144 2669 170 2705 8
199 2666 274 2704 sed
294 2664 662 2715 mort.]emortuas
691 2662 726 2699 T
828 2675 854 2711 9
884 2660 1129 2699 virentesK
1243 2673 1292 2699 10
1322 2659 1448 2711 haec]
1471 2665 1513 2698 et
1529 2659 1616 2698 ΒΚ
1728 2671 1772 2696 11
1806 2670 1887 2707 qua

144 2720 190 2759 K
268 2733 354 2758 non
369 2732 451 2757 om.
476 2718 525 2756 C¹
637 2730 685 2766 13
714 2716 762 2755 si.
781 2722 823 2755 et
837 2716 914 2754 fer.
932 2714 978 2752 K
1090 2728 1138 2764 14
1169 2715 1268 2754 inde
1285 2715 1384 2753 BC:
1407 2727 1475 2753 un.
1501 2720 1542 2753 et
1572 2714 1608 2751 T
1685 2726 1732 2762 17
1763 2712 1885 2764 vero]

144 2781 282 2815 autem
297 2773 342 2812 K
449 2786 497 2811 21
521 2786 587 2811 na.
609 2777 652 2810 et
669 2784 773 2821 quos
790 2770 835 2808 K
942 2783 994 2808 22
1014 2770 1070 2808 ali
1087 2784 1111 2808 a
1130 2769 1247 2820 (alia)
1260 2767 1393 2807 BCT1
1411 2783 1419 2808 :
1440 2770 1510 2807 alii
1525 2768 1570 2806 K
1672 2780 1721 2815 24
1746 2767 1886 2805 scino-

145 2831 296 2869 dontas
324 2827 379 2867 T:
408 2828 651 2866 scinodotas
672 2825 712 2863 Β
730 2841 737 2865 :
770 2825 1041 2864 scinodantas
1064 2823 1117 2863 C:
1150 2825 1436 2863 scenodontas
1457 2823 1502 2861 K
1607 2834 1668 2872 pr.
1694 2834 1806 2871 gem.
1828 2821 1883 2862 C:

143 2883 311 2934 gemino
327 2895 390 2933 pr.
408 2881 454 2920 K
533 2893 584 2931 25
604 2881 675 2919 Ali
698 2895 723 2918 a
739 2880 870 2929 (Alia)
895 2878 1050 2918 TlBC:
1070 2878 1157 2917 Alii
1174 2880 1227 2918 de
1244 2878 1290 2916 K
1370 2879 1424 2917 26
1443 2877 1602 2916 defecit
1619 2874 1743 2915 CKT
1818 2876 1884 2914 vel

144 2953 225 2978 om.
239 2939 278 2978 Β
386 2949 436 2985 27
457 2936 512 2975 ali
526 2950 551 2975 a
563 2935 683 2986 galia)
706 2933 884 2974 T¹BCK
899 2985 904 2987 Λ
962 2935 1177 2973 decisione
1193 2933 1248 2972 C:
1264 2932 1466 2972 dicisione
1481 2930 1588 2969 KT:
1607 2930 1832 2970 discisione
1846 2930 1887 2970 Β

145 3000 189 3033 ut
208 2993 302 3032 sine
322 3005 406 3032 om.
424 2989 469 3028 K
575 2992 627 3028 28
648 2997 838 3029 sterenos
854 2986 889 3028 C
996 2985 1332 3038 pernumeria'K
1343 2987 1394 3027 T:
1430 2985 1669 3036 privimeria
1691 2984 1815 3025 Area).

202 3088 304 3126 1182
332 3098 364 3124 11
1007 3086 1036 3119 C
