2176 3424
1066 122 1337 172 ISIDORI

323 255 574 317 appellant
628 258 703 305 vel
761 255 1071 322 Ἀχερόντεια.
1163 257 1326 308 Etiam
1376 261 1532 308 Varro
1590 260 1887 324 spiraculum
1947 262 2066 312 dicit

324 335 668 387 huiuscemodi
706 339 871 388 locum
891 357 904 400 3
953 348 1002 389 et
1040 341 1281 404 spiracula
1329 358 1386 390 ex
1434 357 1495 390 eo
1543 342 1772 392 dicuntur
1810 346 1920 393 loca
1971 361 2069 408 qua

273 431 304 478 3
326 426 452 467 terra
493 419 714 484 spiritum
750 420 864 470 edit.
936 423 1118 470 Hiatus
1152 422 1432 487 praeruptio
1470 433 1622 474 terrae
1648 427 1904 488 profunda,
1931 427 2071 491 quasi

327 501 436 550 itus.
526 502 727 566 Proprie
758 513 923 553 autem
950 505 1111 553 hiatus
1138 514 1211 554 est
1237 505 1454 554 hominis
1481 506 1576 556 oris
1611 510 1812 572 apertio,
1841 511 2074 559 translata

271 595 304 642 4
326 599 354 631 a
380 582 491 632 seris
528 601 736 648 quarum
773 585 979 635 aviditas
1017 585 1112 636 oris
1141 587 1463 651 adapertione
1498 599 1807 640 monstratur.
1871 594 2075 641 Profun-
2097 609 2119 650 5

326 666 447 714 dum
472 668 668 731 proprie
694 667 832 732 quasi
859 669 997 718 cuius
1025 685 1169 731 porro
1195 670 1255 718 sit
1280 671 1479 720 fundus.
1540 671 1762 722 Abusive
1787 682 1951 723 autem
1968 691 2074 738 pro—

323 748 534 797 fundum
562 751 637 798 vel
663 766 855 799 sursum
876 752 952 799 vel
979 751 1211 800 deorsum
1232 750 1424 813 dicitur,
1448 762 1501 802 ut
1520 752 1672 818 (Virg.
1695 757 1821 805 Aen.
1845 773 1883 816 1,
1906 756 1989 821 58)
2011 775 2020 805 :

640 832 800 881 Maria
834 849 891 881 ac
928 842 1077 882 terras
1114 835 1406 898 caelumque
1442 837 1758 899 profundum.

269 926 300 975 5
325 913 579 962 Baratrum
618 913 799 963 nimiae
835 914 1107 964 altitudinis
1144 933 1328 966 nomen
1366 926 1466 966 est:
1516 927 1563 967 et
1600 917 1789 968 dictum
1826 919 2071 968 baratrum

262 999 297 1045 6
322 994 462 1057 quasi
497 1012 678 1060 vorago
714 1006 829 1056 atra,
870 996 1055 1046 scilicet
1092 1015 1120 1046 a
1155 998 1503 1062 profunditate.
1580 1000 1769 1049 Erebus
1806 1002 2070 1050 inferorum
2097 1021 2146 1049 10

320 1077 629 1139 profunditas
665 1088 815 1143 atque
851 1096 1089 1129 recessus.
1176 1083 1292 1144 Styx
1329 1083 1419 1131 ἀπὸ
1455 1086 1537 1132 τοῦ
1573 1085 1808 1150 στυγερός,
1849 1083 1898 1133 id
1936 1094 2008 1133 est
2042 1102 2072 1134 a

321 1157 524 1219 tristitia,
555 1159 699 1220 dicta,
729 1178 789 1210 eo
823 1163 959 1225 quod
986 1163 1144 1211 tristes
1170 1163 1315 1212 faciat
1340 1166 1416 1213 vel
1450 1165 1585 1228 quod
1618 1164 1859 1214 tristitiam
1890 1165 2069 1230 gignat.

267 1251 295 1300 7
321 1239 538 1304 Cocytus
558 1243 696 1291 locus
718 1243 871 1303 inferi,
895 1245 958 1293 de
984 1261 1084 1308 quo
1107 1245 1201 1294 Iob
1221 1245 1287 1294 ita
1307 1245 1524 1310 loquitur
1550 1285 1559 1295 .
1589 1285 1598 1296 .
1627 1285 1637 1295 .
1667 1247 1883 1311 Cocytus
1903 1257 2068 1298 autem

265 1324 295 1370 8
321 1339 504 1372 nomen
530 1324 721 1389 accepit
746 1326 938 1375 Graeca
962 1325 1377 1390 interpretatione,
1407 1345 1434 1377 a
1460 1331 1594 1378 luctu
1621 1338 1668 1379 et
1693 1329 1892 1394 gemitu.
1953 1333 2069 1380 Tar-

319 1414 450 1454 tarus
475 1408 552 1456 vel
578 1406 694 1470 quia
718 1407 886 1456 omnia
910 1407 1008 1457 illic
1034 1409 1229 1458 turbata
1254 1420 1380 1470 sunt,
1411 1412 1504 1460 ἀπὸ
1537 1416 1617 1461 τοῦ
1641 1413 1939 1476 ταρταρίζειν,
1967 1422 2065 1474 aut,
2092 1435 2137 1476 15

320 1488 456 1549 quod
483 1497 555 1537 est
580 1489 751 1549 verius,
782 1492 874 1539 ἀπὸ
899 1494 982 1553 τῆς
1005 1496 1224 1557 ταραχῆς,
1245 1491 1296 1542 id
1322 1502 1395 1542 est
1419 1511 1448 1542 a
1472 1502 1682 1544 tremore
1708 1494 1908 1558 frigoris,
1931 1495 2069 1557 quod

320 1578 393 1618 est
429 1571 589 1634 algere
627 1580 676 1619 et
705 1571 871 1635 rigere,
900 1572 1085 1622 scilicet
1123 1575 1239 1637 quia
1269 1576 1430 1624 lucem
1463 1577 1718 1640 solemque
1751 1586 1882 1626 caret
1900 1595 1914 1638 3
1954 1578 2070 1640 quia

319 1667 482 1715 neque
523 1651 621 1702 illic
658 1671 863 1718 vapores
900 1664 1027 1715 sunt,
1067 1655 1151 1719 qui
1189 1673 1247 1706 ex
1285 1657 1400 1707 solis
1439 1659 1548 1708 luce
1589 1658 1866 1722 gignuntur,
1906 1675 2068 1723 neque

320 1736 476 1794 flatus,
516 1735 600 1798 qui
644 1735 866 1786 eiusdem
905 1737 1122 1787 motibus
1160 1738 1401 1800 incitatur,
1443 1742 1530 1790 sed
1567 1751 1831 1805 perpetuus
1868 1749 2068 1804 stupor,

317 1819 603 1881 ταρταρίζειν
627 1818 759 1867 enirn
786 1820 982 1869 horrere
1008 1829 1055 1869 et
1081 1830 1287 1870 tremere
1311 1823 1444 1885 apud
1470 1825 1687 1872 Graecos
1713 1823 1901 1886 legitur.
1959 1823 2067 1872 Illic
2094 1843 2144 1871 20

260 1915 295 1962 9
319 1898 452 1948 enim
489 1901 658 1949 ‘fietus
693 1909 741 1950 et
774 1900 950 1950 stridor
983 1901 1207 1951 dentium
1227 1905 1237 1925 '
1272 1901 1353 1968 (cf.
1391 1906 1569 1952 Matth.
1591 1908 1633 1964 8,
1660 1904 1753 1970 12).
1825 1906 2068 1954 Gehenna

319 1991 392 2030 est
416 1983 554 2030 locus
579 1981 703 2046 ignis
730 1992 778 2031 et
803 1983 1061 2048 sulphuris,
1085 2001 1234 2048 quem
1259 1987 1495 2049 appellari
1521 1995 1696 2050 putant
1720 2003 1748 2035 a
1774 1988 1898 2035 valle
1923 1986 2068 2036 idolis

318 2074 617 2124 consecrata,
660 2082 788 2128 quae
830 2075 904 2114 est
942 2065 1075 2115 iuxta
1115 2084 1310 2116 murum
1354 2066 1684 2128 Hierusalem,
1726 2070 1910 2132 repleta
1949 2070 2066 2118 olim

318 2145 639 2194 cadaveribus
677 2157 983 2196 mortuorum
1003 2167 1016 2209 ,-
1063 2148 1132 2198 ibi
1169 2148 1301 2197 enim
1340 2150 1560 2199 Hebraei
1598 2151 1724 2198 filios
1761 2167 1876 2199 suos
1913 2152 2067 2199 inmo-

318 2227 486 2275 labant
542 2229 883 2288 daemonibus,
936 2239 983 2278 et
1041 2230 1381 2293 appellabatur
1429 2232 1565 2279 locus
1613 2230 1718 2295 ipse
1768 2233 2063 2281 Gehennon.
2093 2253 2140 2294 25

321 2308 489 2357 Futuri
538 2326 652 2373 ergo
700 2310 926 2374 supplicii
974 2313 1124 2372 locus,
1174 2310 1259 2360 ubi
1307 2321 1589 2375 peccatores
1637 2312 1889 2362 cruciandi
1937 2324 2062 2375 sunt,

319 2390 464 2439 huius
490 2390 587 2440 loci
612 2392 857 2442 vocabulo
883 2393 1180 2457 designatur.
1255 2393 1521 2458 Duplicem
1546 2402 1711 2443 autern
1738 2412 1846 2444 esse
1871 2396 2066 2445 Gehen-

377 2534 394 2559 1
427 2526 655 2560 acerontea
686 2521 799 2562 codd.
938 2521 1149 2571 spiraculo
1182 2522 1236 2562 di.
1260 2523 1306 2561 K
1476 2536 1501 2573 3
1531 2525 1751 2575 proruptio
1782 2523 1829 2563 K
1953 2532 2066 2566 terra

325 2575 376 2614 Ti
485 2589 553 2625 qu.
576 2576 685 2615 ictus
704 2576 761 2614 Β1
782 2591 790 2615 :
819 2590 901 2616 om.
924 2576 971 2614 K
1113 2592 1138 2627 4
1168 2578 1304 2618 omnis
1324 2577 1409 2616 BT
1514 2581 1654 2629 aperti
1674 2579 1731 2617 Bl
1878 2592 1903 2630 5
1931 2581 2066 2620 avitas

319 2630 366 2668 K
472 2644 533 2670 or.
557 2644 633 2680 per
652 2631 917 2680 apertionem
939 2632 1024 2671 oris
1044 2645 1099 2673 m.
1123 2632 1170 2670 K
1316 2635 1342 2671 6
1371 2633 1520 2685 porro]
1543 2635 1692 2684 procul
1713 2633 1760 2672 K
1904 2636 1930 2672 8
1959 2636 2064 2675 mari

325 2686 384 2724 T:
413 2698 527 2724 mare
548 2685 671 2723 BCK
779 2692 893 2724 terra
911 2686 1000 2724 ΒΚ
1152 2701 1177 2737 9
1206 2694 1248 2726 et
1270 2688 1349 2727 dic.
1370 2688 1456 2726 bar.
1480 2702 1564 2729 om.
1587 2688 1633 2726 K
1790 2701 1838 2728 10
1866 2703 2062 2729 voracum

319 2740 366 2778 K
492 2753 536 2779 11
570 2741 656 2780 stix
680 2739 715 2778 C
731 2754 741 2779 ι
772 2741 873 2779 istix
898 2740 936 2778 T
951 2757 959 2781 :
990 2742 1065 2781 itix
1086 2741 1151 2783 K:
1184 2742 1305 2781 istrix
1324 2741 1366 2779 B
1477 2744 1676 2794 στυγεροῦ
1697 2743 1807 2784 codd.
1828 2750 1907 2794 opt.
1927 2744 2068 2784 Servii

320 2808 344 2833 a
370 2809 452 2835 om.
475 2794 518 2832 Β
703 2808 750 2844 13
781 2796 864 2845 loq.
900 2796 1036 2835 dulcis
1067 2796 1145 2836 suit
1178 2797 1333 2846 glareis
1364 2797 1502 2838 cociti.
1537 2798 1638 2838 Coc.
1667 2797 1784 2849 C(cf.
1803 2798 1877 2837 Iob
1908 2811 1972 2849 21,
1987 2799 2059 2851 33)

320 2857 457 2889 autem
479 2863 562 2890 om.
583 2849 630 2887 K
773 2862 821 2898 14
851 2850 896 2902 a]
918 2864 966 2890 ac
994 2850 1046 2889 Tl
1190 2863 1238 2901 15
1268 2852 1365 2901 quia
1385 2865 1422 2892 0.
1445 2852 1470 2892 i.
1493 2858 1522 2893 t.
1547 2866 1580 2892 s.
1604 2851 1683 2891 ἀπὸ
1704 2853 1774 2901 τῆς
1793 2853 1973 2903 ταραχῆς
1991 2859 2062 2892 aut

318 2918 358 2954 q.
377 2919 415 2945 e.
435 2918 473 2945 v.
497 2902 572 2943 ἀπὸ
593 2904 666 2943 τοῦ
686 2903 937 2954 ταρταρίζειν
957 2905 1130 2945 Servius
1253 2906 1368 2958 quia]
1392 2908 1503 2957 quod
1527 2907 1562 2947 C
1668 2906 1761 2958 aut]
1781 2912 1826 2945 ut
1845 2907 1911 2945 B:
1941 2908 2006 2946 vel
2030 2908 2066 2948 C

323 2961 372 2998 16
392 2960 504 3010 quod
522 2959 658 3012 (alt.)]
677 2972 784 3010 quae
797 2958 839 2996 B
945 2973 991 3010 17
1013 2961 1142 3000 cariet
1155 2960 1202 2999 K
1280 2961 1400 3013 quia]
1418 2962 1537 3012 quasi
1550 2961 1615 3000 B:
1637 2973 1731 3000 nam
1749 2961 1784 3000 C
1875 2974 1925 3011 19
1945 2975 2061 3002 mon-

319 3014 431 3053 tibus
452 3015 491 3054 Β
601 3014 820 3065 perpetuis
842 3013 888 3052 K
996 3029 1048 3066 23
1068 3021 1316 3055 consecrate
1331 3015 1373 3054 B
1390 3030 1399 3055 :
1421 3021 1664 3056 consecreta
1682 3015 1718 3054 C
1824 3029 1875 3066 24
1897 3030 2060 3057 morum

320 3067 369 3106 Cl
482 3071 700 3109 immolant
723 3069 773 3108 Cl
883 3083 932 3119 27
965 3083 1060 3110 esse
1080 3083 1160 3110 om.
1182 3071 1236 3109 B¹
