2176 3424
1041 91 1313 139 ISIDORI

185 233 282 281 223
310 216 358 264 in
386 216 537 265 verbo
560 218 605 263 R
632 234 734 265 non
759 218 921 267 habet.
998 219 1126 267 Nam
1155 219 1326 282 peiuro
1351 229 1398 269 et
1425 221 1591 271 deiero
1616 223 1839 272 dicimus.
1916 227 2055 274 Prae-

306 298 556 358 varicator,
577 300 735 348 malae
753 299 868 348 fidei
888 301 1172 361 advocatus,
1193 310 1240 350 et
1257 301 1340 365 qui
1358 304 1433 352 vel
1450 303 1500 352 in
1516 307 1799 354 accusando
1815 305 2051 367 nocitura,

305 382 381 431 vel
406 380 456 428 in
483 382 804 430 defendendo
829 384 1083 445 profutura
1115 393 1388 447 praetereat
1416 395 1501 434 aut
1533 385 1769 435 inutiliter
1801 387 2053 451 dubieque

306 471 459 526 ponat
496 463 739 512 mercedis
775 463 929 527 gratia
964 465 1079 513 licet
1115 476 1387 530 corruptuS.
1463 467 1670 518 Cicero:
1715 469 1883 532 ‘Quid
1920 469 2052 518 enim

179 558 280 606 224
306 555 405 593 tam
433 562 720 608 praevarum
740 547 787 593 ?'
814 545 864 594 id
891 555 964 594 est
989 548 1132 595 valde
1158 565 1342 597 varum.
1396 551 1576 609 Pellax,
1600 552 1802 600 dolosus
1828 562 1875 600 et
1894 554 2051 612 fallax,
2077 577 2098 617 5

302 642 330 673 a
367 626 510 687 pelle,
538 623 588 672 id
614 632 687 673 est
712 626 863 672 vultu.
940 624 1077 673 Foris
1103 624 1249 686 enim,
1278 635 1330 675 ut
1365 629 1512 688 fallat,
1539 628 1734 690 arridet,
1762 631 1848 678 sed
1885 630 2053 693 nequi-

302 706 419 755 tiam
458 706 588 754 intus
625 707 760 769 gerit.
836 708 1090 766 Profanus,
1120 708 1258 770 quasi
1292 726 1437 772 porro
1466 727 1495 758 a
1523 712 1652 758 fano.
1725 708 1882 760 Sacris
1919 712 2050 760 enim

179 807 278 856 225
303 788 370 836 illi
407 805 509 836 non
547 788 659 836 licet
696 787 944 837 interesse.
1034 789 1281 838 Parricida
1318 791 1510 854 proprie
1548 791 1727 841 dicitur
1771 793 2052 842 interfector

301 871 529 935 parentis,
557 871 781 934 quamvis
813 870 1016 933 quidam
1043 881 1230 920 veteres
1256 875 1390 921 hunc
1423 874 1778 936 parenticidam
1809 877 2047 935 dixerunt,

301 953 536 1016 quoniam
564 952 878 1017 parricidium
901 963 948 1002 et
965 953 1289 1003 homicidium
1312 973 1628 1019 quocumque
1649 956 1864 1020 intellegi
1880 957 2048 1020 possit,
2077 981 2126 1008 10

176 1042 276 1089 226
304 1053 417 1084 cum
452 1034 549 1084 sint
578 1035 807 1084 homines
842 1035 1129 1084 hominibus
1165 1053 1318 1099 pares.
1394 1039 1683 1088 Persecutor
1719 1056 1821 1088 non
1858 1055 2052 1102 semper

301 1135 390 1182 pro
427 1120 559 1166 malo
596 1118 894 1181 intellegitur
915 1136 928 1179 3
979 1120 1113 1167 unde
1159 1128 1206 1167 et
1242 1129 1543 1182 persecutus,
1584 1121 1799 1183 perfecte
1836 1129 2046 1170 secutus.

183 1219 279 1269 227
304 1199 604 1249 Publicanus
653 1209 726 1248 est
774 1199 858 1262 qui
907 1199 1162 1263 vectigalia
1209 1200 1408 1263 publica
1456 1201 1614 1264 exigit.
1702 1204 1796 1250 Vel
1839 1202 1923 1264 qui
1966 1219 2051 1265 per

302 1281 502 1345 publica
538 1281 736 1344 negotia
774 1281 957 1330 saeculi
996 1283 1130 1330 lucra
1167 1291 1430 1344 sectantur,
1459 1285 1593 1332 unde
1630 1293 1677 1332 et
1714 1283 2049 1347 cognominati

177 1374 274 1421 228
299 1374 425 1413 sunt.
502 1367 739 1413 Peccator
771 1381 799 1411 a
831 1365 1002 1426 pelice,
1032 1363 1082 1412 id
1116 1373 1193 1412 est
1228 1363 1482 1414 meretrice
1514 1374 1731 1425 vocatus,
1760 1365 1899 1428 quasi
1935 1367 2050 1429 peli-
2075 1390 2121 1430 15

300 1455 436 1494 cator
454 1464 466 1507 3
503 1447 639 1508 quod
667 1462 851 1494 nomen
885 1447 1019 1509 apud
1053 1445 1285 1508 antiquos
1319 1454 1511 1495 tantum
1546 1446 1841 1510 flagitiosum
1872 1447 2049 1510 signifi-

298 1528 456 1588 cabat,
484 1537 657 1591 postea
682 1527 870 1576 transiit
895 1529 991 1576 hoc
1018 1528 1314 1576 vocabulum
1341 1530 1389 1576 in
1415 1528 1795 1592 appellationem
1824 1528 2047 1578 omnium

170 1626 274 1672 229
299 1608 597 1672 iniquorum.
674 1609 985 1670 Prostitutae,
1014 1610 1295 1659 meretrices
1320 1628 1349 1659 a
1373 1613 1689 1674 prosedendo
1714 1611 1766 1659 in
1790 1611 2048 1660 meritoriis

298 1693 374 1740 vel
399 1691 683 1740 fornicibus.
759 1694 907 1741 Pelex
939 1693 1072 1756 apud
1106 1692 1324 1741 Graecos
1358 1692 1552 1756 proprie
1582 1692 1772 1753 dicitur,
1799 1710 1827 1740 a
1862 1693 2048 1742 Latinis

299 1774 539 1823 concuba.
616 1773 764 1823 Dicta
789 1783 955 1823 autem
979 1791 1007 1822 a
1032 1774 1237 1834 fallacia,
1265 1776 1315 1823 id
1342 1784 1414 1823 est
1439 1774 1665 1835 versutia,
1688 1775 2047 1825 subdolositate
2072 1802 2123 1832 20

170 1876 271 1922 230
297 1857 373 1904 vel
399 1855 674 1905 mendacio.
751 1859 1038 1916 Procurvus,
1064 1855 1202 1918 quasi
1228 1873 1314 1919 per
1339 1858 1542 1920 longum
1569 1872 1756 1905 curvus.
1832 1857 2046 1906 Pavidus

297 1947 370 1987 est
395 1955 545 2001 quem
571 1947 712 1987 vexat
738 1938 1001 2002 trepidatio
1026 1937 1219 1987 mentis.
1296 1939 1468 1987 Habet
1501 1938 1663 1988 cordis
1697 1939 2043 2003 pulsationem,

296 2020 458 2069 cordis
488 2028 693 2069 motum.
769 2022 900 2070 Nam
939 2037 1118 2085 pavere
1151 2019 1291 2070 ferire
1325 2030 1413 2079 est,
1440 2022 1574 2070 unde
1599 2029 1647 2070 et
1687 2022 2040 2084 pavimentum.

187 2121 274 2169 231
297 2104 442 2152 Petro
478 2112 644 2153 autem
682 2112 730 2152 et
767 2120 919 2166 rupex
953 2121 982 2152 a
1019 2102 1199 2153 duritia
1231 2119 1459 2152 saxorum
1485 2104 1818 2152 nominantur.
1893 2103 2046 2153 Pusil-

296 2184 506 2245 lanimis,
532 2184 713 2248 pusillo
745 2184 929 2234 animo.
1005 2186 1237 2234 Petulcus
1271 2184 1433 2233 dictus
1463 2186 1527 2234 ab
1553 2186 1838 2248 adpetendo
1859 2204 1872 2246 3
1909 2188 2044 2235 unde
2068 2211 2116 2251 25

355 2329 373 2355 1
398 2316 546 2367 peiero
563 2318 605 2354 et
624 2315 782 2364 degero
799 2313 839 2352 Β
857 2329 865 2353 :
896 2315 1044 2366 peioro
1059 2319 1100 2354 et
1115 2316 1272 2364 degero
1297 2314 1351 2355 T:
1382 2315 1533 2365 peiuro
1550 2318 1592 2353 et
1607 2315 1756 2365 peioro
1769 2314 1836 2354 K:
1867 2317 2042 2366 peigero

297 2373 413 2422 (corr.
440 2369 562 2422 peg-)
584 2375 626 2409 et
650 2371 809 2419 degero
835 2370 870 2409 C
977 2369 1127 2409 Praev.
1150 2384 1175 2409 a
1195 2382 1276 2411 ma.
1306 2369 1342 2407 T
1499 2382 1523 2407 2
1545 2370 1776 2409 advocatur
1795 2369 1842 2409 K
1948 2371 2042 2421 quia

305 2426 343 2464 T
445 2425 612 2464 nocitur
630 2423 675 2463 K
822 2438 846 2474 4
867 2425 1090 2464 mercedes
1112 2430 1160 2464 ut
1177 2424 1258 2464 vid.
1289 2424 1347 2463 T:
1377 2425 1448 2463 -de
1469 2422 1510 2461 Β
1531 2437 1539 2463 :
1570 2425 1683 2463 -dem
1704 2423 1775 2464 IK
1879 2425 2042 2465 scilicet

294 2481 421 2520 Arev.
446 2494 455 2519 :
484 2481 555 2519 vix
571 2479 703 2529 liquet
834 2486 1032 2530 orruptus
1062 2480 1118 2518 T:
1147 2480 1322 2518 obrutus
1345 2479 1380 2518 C
1397 2482 1499 2524 (non
1519 2478 1563 2530 I)
1702 2492 1725 2529 5
1755 2480 1866 2518 idem
1886 2493 1951 2518 va.
1974 2493 2036 2519 va.

295 2542 358 2575 est
382 2534 428 2573 K
489 2534 635 2573 Pallax
650 2533 764 2572 BIK
851 2537 878 2573 6
909 2534 1045 2586 fallat]
1061 2534 1187 2573 fallax
1211 2534 1248 2572 T
1332 2535 1357 2572 8
1387 2533 1445 2571 illi
1466 2547 1546 2573 om.
1566 2532 1612 2571 K
1629 2534 1729 2584 (non
1749 2534 1813 2584 A)
1892 2533 2039 2574 Parre-

295 2590 364 2630 K:
387 2590 536 2628 Parra·
565 2588 622 2627 T:
646 2588 775 2627 Patri·
797 2588 838 2626 Β
858 2589 962 2641 (non
983 2589 1028 2641 I)
1135 2602 1162 2638 9
1191 2594 1413 2640 parentum
1434 2587 1475 2624 Β
1498 2590 1601 2639 (non
1621 2588 1666 2640 J)
1760 2589 1944 2628 dixerint
1963 2589 2044 2629 BC

297 2658 347 2685 10
375 2646 486 2684 hom.
508 2644 550 2682 in
569 2657 690 2693 quoe.
714 2643 749 2682 C
870 2657 915 2682 11
948 2650 1090 2694 partes
1113 2644 1162 2683 Cl
1276 2656 1324 2681 12
1354 2641 1621 2693 persecutus]
1642 2649 1730 2683 -tor
1748 2642 1840 2682 BI:
1871 2650 2041 2682 secutor

295 2700 365 2750 (ex
384 2701 490 2752 -tur)
513 2697 563 2737 C1
693 2699 882 2748 perfecte
902 2713 952 2738 ex
969 2699 1082 2749 prof·
1103 2697 1150 2736 K
1282 2703 1451 2737 secutus
1469 2711 1519 2736 ex
1536 2697 1583 2736 -ti
1615 2696 1662 2735 K
1824 2711 1872 2745 14
1901 2697 2037 2750 saed]

294 2755 456 2794 scilicet
477 2752 523 2792 K
540 2753 641 2804 (non
662 2754 727 2804 A)
812 2759 1002 2793 sectatur
1019 2752 1100 2792 CK
1204 2753 1524 2803 cognominatus
1546 2759 1610 2792 est
1627 2751 1674 2790 K
1791 2755 1839 2791 16
1859 2751 2037 2802 flagitio-

294 2823 366 2849 sos
382 2808 430 2847 K
537 2820 583 2858 17
615 2807 898 2857 appellatione
915 2808 1025 2847 codd.
1047 2808 1191 2860 (etiam
1205 2807 1233 2846 I
1235 2806 1278 2846 U
1282 2811 1297 2861 )
1414 2808 1462 2845 18
1492 2807 1760 2856 presedendo
1777 2806 1812 2845 C
1823 2811 1918 2845 ante
1933 2820 2034 2847 corr.

296 2877 348 2912 23
370 2862 550 2914 motum]
573 2867 733 2900 metum
754 2861 800 2899 K
906 2863 1052 2913 pavire
1073 2875 1164 2901 recc.
1333 2872 1385 2910 24
1418 2861 1544 2900 Petra
1563 2860 1798 2901 BCDGIX
1814 2862 1918 2913 (non
1939 2861 2003 2912 A)
2027 2875 2037 2900 ε

298 2919 450 2958 Petrae
466 2917 571 2970 (-re>
595 2916 690 2956 TW
703 2917 803 2968 (non
826 2917 867 2956 U
869 2919 909 2957 V
912 2920 927 2970 )
1031 2929 1158 2967 rupes
1171 2913 1507 2955 ABCGIKWX
1520 2917 1620 2969 (non
1640 2914 1744 2966 HV>
1847 2915 2037 2955 nomina*

296 2979 365 3012 tur
397 2971 503 3013 CDI
723 2972 819 3011 Pus.
844 3002 853 3012 .
882 3004 888 3012 .
916 3003 924 3011 .
944 2985 1011 3012 an.
1046 2985 1131 3012 om.
1163 2971 1199 3010 C
1224 2971 1327 3024 (non
1355 2970 1512 3023 AUX)
1693 2966 1789 3009 Pus.
1822 2983 1845 3009 a
1875 2983 1966 3021 pus.
1996 2969 2038 3008 B

296 3028 400 3079 <non
419 3027 467 3079 J)
