2176 3424
1091 132 1363 180 ISIDORI

357 261 491 308 unde
508 269 554 308 et
572 259 725 324 (Virg.
746 263 871 308 Aen.
892 277 934 322 3,
957 262 1074 324 680)
1100 261 1368 309 ‘coniferae
1384 262 1635 324 cyparissi'
1654 262 1900 311 dicuntur.
1938 265 2104 311 Huius

356 341 542 405 lignum
569 343 719 390 cedro
743 359 872 405 pene
897 343 1170 404 proximam
1196 344 1345 392 habet
1370 342 1598 391 virtutem
1618 361 1631 404 3
1666 346 1961 407 templorum
1987 361 2105 407 quo-

357 439 453 486 que
490 423 711 472 trabibus
751 432 938 486 aptum,
974 423 1319 487 inpenetrabili
1363 424 1611 474 soliditate
1653 442 1926 489 numquam
1969 427 2105 476 oneri

356 507 501 566 cedit,
530 507 618 555 sed
644 522 702 554 ea
727 522 825 568 qua
850 505 901 553 in
926 505 1168 569 principio
1194 506 1337 555 fuerit
1364 506 1592 556 firmitate
1616 517 1906 571 perseverat.
1969 508 2106 557 Anti-

356 587 439 651 qui
457 590 671 652 cypressi
691 605 853 637 ramos
873 605 1027 651 prope
1046 605 1218 652 rogum
1244 588 1545 639 constituere
1562 590 1801 648 solebant,
1822 600 1875 639 ut
1899 593 2104 640 odorem
2127 610 2150 651 5

356 672 666 729 cadaverum,
697 672 818 719 dum
843 679 1111 730 urerentur,
1134 671 1468 734 opprimerent
1492 671 1799 721 iucunditate
1824 672 1988 722 odoris
2016 672 2105 722 sui.

264 759 329 808 35
356 753 618 815 Iuniperus
651 753 842 802 Graece
867 754 999 802 dicta
1029 753 1130 802 sive
1155 755 1292 816 quod
1321 754 1384 802 ab
1417 755 1584 817 amplo
1618 753 1667 801 in
1693 762 1955 817 angustum
1982 756 2103 815 finit,

351 844 404 884 ut
441 835 579 899 ignis,
620 837 721 884 sive
748 836 883 897 quod
921 845 1221 898 conceptum
1258 835 1343 884 diu
1380 845 1544 884 teneat
1580 835 1745 899 ignem
1764 854 1777 896 3
1813 837 1940 885 adeo
1976 846 2028 885 ut
2065 837 2104 886 si

349 935 536 981 prunae
573 934 631 967 ex
669 917 774 966 eius
812 917 977 966 cinere
1013 917 1193 966 fuerint
1231 926 1445 980 opertae,
1483 934 1640 981 usque
1677 919 1741 966 ad
1777 934 1965 967 annum
2003 936 2104 982 per-

350 1001 581 1060 veniant3
629 1003 721 1062 πῦρ
763 1000 896 1047 enim
945 1000 1079 1062 apud
1128 1000 1345 1048 Graecos
1384 999 1509 1063 ignis
1557 999 1749 1050 dicitur.
1843 998 2104 1062 Iuniperus
2129 1017 2176 1046 10

258 1078 327 1136 36
352 1091 518 1131 autem
544 1083 638 1130 alia
663 1097 825 1145 parva,
847 1080 942 1129 alia
968 1097 1147 1144 magna
1167 1090 1256 1130 est.
1310 1081 1513 1130 Ebenus
1532 1080 1583 1129 in
1605 1080 1751 1130 India
1767 1090 1815 1130 et
1839 1081 2105 1143 Aethiopia

354 1165 584 1222 nascitur,
613 1163 698 1227 qui
723 1179 896 1212 caesus
922 1162 1140 1212 durescit
1165 1164 1216 1211 in
1235 1162 1466 1226 lapidem.
1518 1162 1674 1213 Cuius
1698 1164 1886 1226 lignum
1912 1161 2103 1225 nigrum

354 1255 427 1295 est
464 1255 511 1295 et
548 1254 716 1294 cortex
753 1244 886 1304 levis,
924 1254 977 1293 ut
1014 1247 1134 1294 lauri
1154 1264 1168 1306 3
1203 1246 1291 1295 sed
1330 1245 1563 1295 Indicum
1601 1247 1908 1294 maculosum
1946 1253 2018 1293 est
2054 1244 2104 1291 in

353 1331 564 1394 parvulis
590 1329 993 1379 distinctionibus
1019 1329 1143 1379 albis
1163 1347 1220 1379 ac
1239 1329 1382 1378 fulvis
1403 1349 1411 1378 :
1450 1329 1801 1393 Aethiopicum
1818 1345 1950 1388 vero,
1966 1329 2102 1390 quod

354 1413 679 1476 praestantius
705 1411 957 1475 accipitur,
987 1411 1035 1460 in
1063 1413 1200 1462 nullo
1226 1413 1650 1471 est‘maculatum,
1679 1413 1767 1460 sed
1797 1419 1869 1460 est
1892 1410 2100 1473 nigrum,
2129 1425 2173 1466 15

353 1498 465 1544 lene
490 1504 537 1544 et
574 1511 825 1543 corneum.
901 1496 990 1542 Est
1023 1504 1190 1543 autem
1222 1494 1495 1544 Mareotica
1521 1496 1660 1558 palus
1694 1495 1744 1542 in
1780 1492 1940 1552 India,
1968 1494 2101 1541 unde

353 1579 541 1627 ebenus
568 1576 714 1626 venit.
791 1578 1022 1625 Lucanus
1047 1575 1148 1640 (10,
1174 1577 1288 1641 117)
1309 1596 1318 1624 :

893 1659 1098 1708 Ebenus
1135 1659 1422 1719 Mareotica,

354 1740 527 1804 inquit.
617 1741 821 1790 Ebenus
851 1750 1018 1790 autem
1049 1741 1330 1805 crepundiis
1361 1740 1588 1804 inligatur
1626 1749 1679 1789 ut
1717 1739 1955 1788 infantem
1994 1737 2100 1787 visu

268 1836 330 1884 37
354 1824 490 1886 nigra
523 1840 625 1872 non
657 1832 884 1872 terreant.
959 1825 1192 1872 Platanus
1230 1840 1259 1871 a
1291 1823 1551 1872 latitudine
1585 1822 1811 1871 foliarum
1842 1821 1988 1879 dicta,
2023 1822 2099 1869 vel
2123 1833 2176 1861 20

353 1907 489 1968 quod
515 1906 621 1969 ipsa
644 1905 788 1954 arbor
813 1906 980 1968 patula
1006 1904 1066 1953 sit
1092 1914 1140 1953 et
1164 1906 1329 1968 ampla
1350 1923 1364 1965 3
1399 1921 1514 1952 nam
1540 1902 1719 1955 πλατύς
1743 1904 1919 1952 Graeci
1944 1904 2097 1950 latum

351 1996 544 2035 vocant.
618 1986 867 2050 Expressit
887 1987 1032 2035 huius
1056 1985 1243 2034 arboris
1262 1985 1510 2050 Scriptura
1535 1994 1583 2034 et
1608 2002 1792 2034 nomen
1818 1994 1866 2033 et
1891 1986 2098 2033 formam

353 2068 524 2118 dicens
553 2069 764 2133 (Eccles.
786 2085 860 2128 24,
886 2067 997 2132 19):
1039 2067 1224 2130 ‘Quasi
1257 2069 1484 2131 platanus
1514 2069 1744 2116 dilatatus
1777 2083 1886 2115 sum
1919 2065 1971 2114 in
2003 2067 2101 2129 pla-

353 2151 475 2199 teis!
526 2154 615 2199 Est
634 2161 799 2200 autem
820 2150 1138 2200 tenerissimis
1159 2150 1286 2199 foliis
1305 2167 1362 2198 ac
1383 2150 1615 2199 mollibus
1642 2158 1690 2199 et
1714 2148 1886 2198 vitium
1913 2148 2096 2197 similis.

264 2239 328 2298 38
354 2235 593 2294 Quercus,
622 2234 723 2282 sive
751 2250 982 2297 quernus,
1010 2234 1147 2296 quod
1177 2250 1235 2282 ea
1271 2232 1401 2282 soliti
1432 2241 1569 2281 erant
1605 2233 1672 2280 dii
1702 2230 1922 2295 gentium
1948 2247 2097 2294 quae·
2122 2240 2176 2280 251

352 2316 572 2364 rentibus
620 2331 856 2378 responsa
903 2332 1210 2379 praecanere,
1252 2315 1397 2364 arbor
1444 2316 1654 2363 multum
1704 2330 1923 2373 annosa3
1973 2312 2098 2361 sicut

410 2454 427 2479 1
460 2454 522 2481 co.
553 2441 755 2492 cipraessi
783 2442 853 2480 D:
896 2455 957 2482 co.
982 2442 1212 2493 cyparissic
1245 2440 1299 2480 T:
1344 2441 1531 2481 conifera
1559 2441 1752 2491 cyprassi
1783 2439 1851 2491 (ex
1877 2439 2026 2491 cypa-)
2055 2439 2102 2478 K

351 2497 469 2535 cuius
490 2496 536 2535 K
685 2509 709 2534 2
739 2497 976 2547 proximum
1004 2497 1042 2535 T
1181 2510 1206 2546 3
1236 2496 1366 2535 altum
1386 2496 1433 2534 K
1541 2495 1863 2545 inpenetrabilis
1889 2494 1946 2533 T:
1976 2494 2034 2533 -le
2053 2495 2098 2533 D

352 2565 423 2591 nu.
449 2551 559 2590 enim
580 2565 648 2590 on.
669 2551 715 2588 K
865 2565 998 2591 onere
1018 2551 1063 2589 D
1240 2564 1265 2600 4
1296 2564 1345 2590 ea
1365 2564 1448 2600 que
1469 2550 1617 2602 (quae)
1647 2550 1723 2588 TD
1871 2550 2034 2588 firmate
2052 2549 2099 2587 K

351 2612 598 2657 perseveret
620 2604 672 2645 T1
693 2621 702 2644 :
732 2607 934 2656 perdurat
954 2607 1002 2645 K
1135 2609 1162 2646 6
1191 2605 1320 2657 uren]
1338 2606 1472 2645 oritur
1491 2605 1538 2643 K
1676 2618 1727 2643 10
1754 2604 1847 2655 πῦρ]
1872 2604 1964 2654 piro
1983 2602 2093 2642 codd.

354 2673 404 2699 12
433 2661 524 2713 qui]
547 2674 656 2711 quae
677 2661 721 2699 D
929 2674 977 2711 13
1006 2661 1132 2713 levis]
1154 2662 1244 2700 eius
1264 2660 1310 2698 K
1470 2660 1548 2699 sed
1568 2659 1669 2698 inde
1688 2659 2031 2699 conmaculosum
2052 2658 2095 2696 D

353 2722 420 2756 est
441 2722 484 2755 et
503 2717 546 2755 in
567 2729 631 2767 pa.
658 2716 986 2755 districtionibus
1015 2715 1053 2754 T
1157 2729 1206 2765 14
1234 2728 1303 2766 qu.
1324 2721 1390 2755 est
1411 2728 1473 2765 pr.
1496 2728 1579 2754 acc.
1609 2714 1646 2752 T
1754 2715 1803 2753 16
1833 2719 1876 2752 et
1894 2725 2093 2753 corneum

352 2784 434 2811 om.
458 2770 504 2808 K
594 2769 753 2820 autem]
774 2777 845 2809 aut
865 2771 911 2809 K
999 2769 1140 2822 palus]
1160 2770 1256 2821 plus
1277 2770 1320 2809 D
1434 2783 1482 2819 19
1510 2769 1619 2809 visui
1639 2769 1686 2807 K
1790 2781 1844 2807 20
1872 2773 2031 2807 terreat
2049 2767 2094 2805 D
2167 2791 2170 2793 —

354 2826 414 2865 Pl.
438 2825 660 2864 altitudine
680 2825 724 2863 D
793 2838 842 2863 21
876 2825 1010 2878 quod]
1031 2826 1127 2876 quia
1148 2825 1193 2864 K
1249 2824 1420 2877 πλατὺς]
1441 2826 1579 2876 platus
1599 2823 1710 2863 codd.
1735 2825 1798 2876 (cf.
1821 2822 1913 2861 XV.
1935 2833 1983 2862 11.
2005 2824 2092 2872 23):

352 2878 500 2920 πλάτος
519 2880 606 2921 edd.
720 2893 846 2930 grece
867 2881 911 2919 D
1056 2893 1107 2918 22
1136 2880 1334 2930 scriptula
1352 2880 1396 2918 D
1539 2892 1592 2929 23
1622 2878 1749 2918 dilata
1775 2877 1831 2918 T:
1863 2876 2032 2916 dilatata
2051 2877 2095 2915 D
2174 2895 2176 2897 ·

353 2947 405 2983 24
435 2935 643 2974 similibus
664 2935 755 2974 dett.
896 2947 948 2985 25
978 2936 1028 2975 si.
1051 2935 1250 2985 querinus
1270 2934 1314 2973 D
1450 2940 1570 2974 erant
1588 2946 1673 2972 om.
1692 2933 1739 2972 K
1891 2933 1944 2969 26
1973 2944 2093 2982 prae-

353 2989 498 3028 venire
518 2990 564 3028 K
670 2990 800 3028 multa
829 2988 866 3026 T
969 3002 1102 3028 annos
1122 2990 1166 3028 D
