2228 3444
1099 194 1370 244 ISIDORI

282 338 336 386 15
363 342 551 384 manus,
571 328 620 374 id
647 336 719 374 est
746 342 892 385 rarus,
911 335 983 374 est
1009 335 1157 388 atque
1182 326 1484 389 perspicuus.
1557 327 1792 376 Meridies
1819 327 1950 377 dicta
1969 330 2106 391 quasi

363 408 619 466 medidies,
649 409 745 456 hoc
780 418 852 457 est
888 407 1080 457 medius
1112 407 1251 468 dies,-
1287 410 1363 457 vel
1395 408 1510 471 quia
1535 418 1652 457 tunc
1687 411 1850 472 purior
1884 409 1989 460 dies
2019 421 2104 461 est.

366 493 563 539 Merum
599 489 729 539 enim
770 507 947 553 purum
985 489 1175 538 dicitur.
1252 492 1312 538 In
1350 499 1455 540 toto
1493 491 1625 540 enim
1662 491 1743 540 die
1778 492 1901 540 nihil
1934 495 2108 542 clarius

363 572 582 631 meridie,
610 573 813 635 quando
848 573 920 620 sol
954 573 1016 620 de
1052 571 1219 621 medio
1252 575 1391 622 caelo
1428 573 1590 622 rutilat
1625 583 1672 622 et
1702 590 1902 624 omnem
1937 576 2107 624 orbem

275 653 333 700 16
360 654 463 718 pari
481 654 698 703 claritate
724 654 966 703 inlustrat.
1023 655 1264 718 Suprema
1284 665 1357 704 est
1374 665 1622 719 postrema
1642 673 1753 719 pars
1774 657 1886 717 diei,
1906 660 2108 721 quando
2133 679 2152 719 5

361 735 433 782 sol
474 750 671 782 cursum
711 750 853 782 suum
889 733 939 781 in
974 750 1207 782 occasum
1240 734 1414 783 vertit:
1453 734 1585 784 dicta
1617 737 1754 799 quod
1792 746 2013 800 superest
2045 738 2108 786 ad

283 828 335 877 17
359 826 548 880 partem
576 815 799 864 ultimam
827 815 940 864 diei.
1014 817 1185 864 Serum
1217 826 1446 865 vocatum
1481 834 1509 865 a
1543 817 1719 867 clausis
1747 818 1878 879 seris,
1908 821 2109 881 quando

281 899 335 945 18
360 901 455 947 iam
484 915 580 946 nox
607 897 754 956 venit,
780 907 833 946 ut
860 898 1201 961 unusquisque
1235 915 1412 946 somno
1447 899 1595 948 tutior
1625 901 1698 948 sit.
1774 901 1945 950 Hodie
1970 900 2109 963 quasi

277 995 336 1041 19
360 982 455 1028 hoc
477 981 557 1028 die
576 999 589 1040 3
626 989 672 1028 et
695 979 933 1042 quotidie,
952 996 1054 1027 non
1075 979 1273 1039 cotidie,
1292 990 1344 1029 ut
1365 981 1425 1030 sit
1446 990 1567 1044 quot
1587 981 1777 1031 diebus.
1835 984 1956 1031 Cras
1974 984 2109 1045 quod

268 1075 335 1109 20
360 1071 432 1111 est
469 1072 654 1125 postea.
733 1064 1038 1111 Hesternum
1074 1071 1146 1111 est
1183 1062 1374 1126 pridie,
1417 1072 1465 1112 et
1498 1063 1686 1112 dictum
1724 1066 2009 1114 hesternum
2046 1066 2110 1114 ab
2137 1086 2183 1115 10

361 1163 420 1195 eo
459 1146 596 1208 quod
629 1144 726 1193 iam
762 1144 868 1194 dies
900 1146 1004 1208 ipse
1039 1144 1099 1193 sit
1136 1163 1165 1193 a
1200 1146 1343 1194 nobis
1378 1155 1635 1195 extraneus
1671 1155 1717 1195 et
1751 1149 2110 1209 praetereundo

172 1239 241 1286 21,
271 1240 334 1274 22
360 1227 561 1277 alienus.
636 1227 799 1276 Pridie
833 1237 998 1276 autem
1034 1227 1174 1290 quasi
1207 1227 1355 1291 priori
1388 1229 1486 1277 die.
1560 1228 1813 1288 Perendie,
1842 1228 1894 1277 id
1927 1238 1999 1277 est
2026 1246 2109 1292 per

360 1319 474 1359 ante
501 1308 650 1366 diem,
677 1310 753 1357 vel
779 1309 830 1357 in
856 1318 1183 1368 antecessum,
1213 1309 1263 1359 id
1289 1320 1361 1359 est
1387 1309 1532 1374 prius.

182 1401 332 1440 XXXI
497 1393 579 1438 DE
600 1406 785 1440 NOCTE.
862 1393 974 1440 Nox
1000 1409 1028 1439 a
1054 1393 1285 1441 nocendo
1311 1391 1457 1451 dicta,
1483 1409 1543 1441 eo
1573 1394 1708 1454 quod
1735 1393 1889 1440 oculis
1914 1402 2105 1442 noceat.

361 1475 505 1535 Quae
529 1473 714 1522 idcirco
740 1476 886 1522 lunae
911 1491 968 1521 ac
995 1473 1211 1522 siderum
1238 1476 1398 1523 lucem
1425 1474 1588 1533 habet,
1617 1491 1678 1522 ne
1704 1473 1938 1523 indecora
1964 1484 2107 1533 esset,
2135 1494 2181 1535 15

361 1565 407 1604 et
445 1566 497 1604 ut
548 1557 885 1605 consolaretur
923 1572 1097 1604 omnes
1136 1565 1283 1605 nocte
1321 1565 1595 1620 operanteS,
1634 1565 1682 1605 et
1718 1565 1771 1604 ut
1808 1556 2106 1619 quibusdam

359 1638 709 1698 animantibus,
735 1655 861 1701 quae
898 1640 1059 1687 lucem
1092 1640 1206 1688 solis
1237 1640 1358 1688 ferre
1393 1657 1492 1688 non
1526 1648 1747 1703 possunt,
1774 1641 1838 1688 ad
1872 1639 2110 1690 sufficien-

304 1732 334 1766 2
359 1722 477 1769 tiam
517 1730 882 1784 temperaretur.
969 1723 1145 1770 Noctis
1181 1731 1348 1770 autem
1387 1731 1435 1770 et
1471 1721 1569 1770 diei
1604 1721 1862 1770 alternatio
1913 1732 2109 1786 propter

362 1803 750 1853 vicissitudinem
783 1803 1064 1852 dormiendi
1098 1803 1432 1867 vigilandique
1458 1805 1631 1853 effecta
1665 1814 1751 1863 est,
1780 1813 1829 1853 et
1863 1814 1915 1852 ut
1949 1807 2109 1868 operis

303 1899 332 1944 3
361 1885 523 1936 diurni
550 1886 770 1935 laborem
805 1887 964 1935 noctis
999 1887 1191 1948 requies
1225 1895 1478 1949 temperet.
1556 1888 1769 1934 Noctem
1795 1895 1961 1935 autern
1990 1886 2105 1946 fieri,
2133 1905 2182 1933 20

356 1979 439 2018 aut
482 1968 597 2031 quia
633 1970 783 2032 longo
820 1968 992 2017 itinere
1030 1970 1235 2017 lassatur
1273 1970 1360 2027 sol,
1387 1976 1435 2016 et
1473 1984 1585 2015 curn
1623 1969 1686 2016 ad
1720 1969 1947 2016 ultimum
1986 1969 2108 2018 caeli

360 2051 574 2114 spatium
609 2050 844 2114 pervenit,
880 2050 1182 2114 elanguescit
1218 2067 1276 2098 ac
1313 2049 1586 2099 tabefactus
1624 2051 1752 2098 efflat
1786 2066 1901 2098 31103
1938 2052 2110 2114 ignes3

360 2144 444 2181 aut
471 2132 586 2196 quia
611 2135 787 2183 eadem
813 2132 860 2182 vi
887 2133 979 2182 sub
1014 2142 1163 2181 terras
1198 2132 1387 2196 cogitur
1424 2149 1521 2195 qua
1550 2144 1699 2194 'super
1729 2141 1878 2181 terras
1911 2133 2108 2196 pertulit

358 2218 542 2275 lumen,
571 2225 619 2264 et
653 2215 721 2263 sic
753 2214 927 2264 umbra
962 2225 1116 2264 terrae
1150 2224 1348 2264 noctem
1383 2214 1510 2263 facit.
1599 2216 1747 2263 Vnde
1780 2224 1827 2263 et
1867 2215 2106 2278 Vergilius

359 2298 508 2362 (Aen.
533 2315 572 2358 2,
597 2297 715 2362 250)
739 2317 747 2346 t
2131 2314 2181 2354 25

1314 2365 1434 2413 Ruit
1474 2365 1680 2414 Oceano
1721 2381 1831 2424 nox,

502 2450 756 2497 involvens
793 2448 969 2497 umbra
1008 2464 1185 2511 magna
1223 2457 1500 2512 terramque
1537 2449 1820 2510 polumque.

299 2545 332 2592 4
363 2531 539 2581 Noctis
569 2539 729 2594 partes
763 2539 952 2593 septem
986 2539 1115 2589 sunt,
1143 2530 1191 2579 id
1226 2540 1298 2579 est
1336 2546 1522 2593 vesper,
1555 2532 1914 2592 crepusculum,
1950 2534 2107 2581 conti-

413 2675 429 2700 1
463 2662 524 2701 vel
542 2661 663 2708 μανός
775 2673 894 2699 131113
914 2660 1021 2699 BT:
1052 2662 1189 2700 clarus
1212 2659 1292 2699 CK
1399 2675 1423 2699 2
1454 2661 1534 2699 hoc
1557 2690 1565 2699 .
1593 2692 1601 2700 .
1624 2691 1633 2701 .
1658 2662 1751 2700 dies
1766 2675 1847 2701 om.
1868 2660 2029 2715 K(non
2041 2664 2104 2715 A)
2127 2707 2130 2710 ⁴

357 2718 502 2770 purius
523 2715 591 2756 K:
623 2716 741 2766 prior
769 2715 806 2753 T
941 2721 1005 2754 est
1025 2729 1111 2755 om.
1131 2715 1173 2753 B
1373 2729 1398 2765 4
1428 2716 1482 2754 de
1503 2715 1645 2755 medio
1666 2714 1775 2754 KT:
1805 2718 1944 2756 medio
1966 2718 2034 2757 B:
2064 2720 2106 2757 in

357 2773 495 2812 medio
518 2771 552 2810 C
802 2775 844 2808 et
865 2801 874 2809 .
900 2800 909 2809 .
934 2801 942 2810 .
968 2771 1040 2810 inl.
1068 2785 1151 2810 om.
1177 2769 1222 2807 K
1241 2771 1344 2822 (non
1366 2770 1429 2819 A)
1661 2773 1687 2808 6
1717 2783 1741 2809 3
1762 2777 1882 2821 parte
1901 2772 2048 2812 ultima
2077 2773 2114 2811 T

358 2842 379 2878 7
410 2827 563 2867 clausis
582 2839 631 2864 ex
652 2825 777 2864 claris
796 2823 842 2861 K
998 2828 1023 2864 8
1052 2826 1116 2877 ut]
1139 2831 1181 2864 et
1209 2825 1246 2864 T
1389 2824 1554 2876 Hodie]
1577 2825 1656 2863 Die
1684 2823 1722 2863 T
1861 2838 1887 2875 9
1917 2839 2002 2866 non
2024 2833 2102 2868 cot.

357 2898 440 2923 om.
474 2881 512 2920 T
688 2880 742 2918 sit
763 2893 845 2918 om.
873 2879 922 2918 C1
1109 2893 1159 2919 10
1187 2886 1361 2930 postera
1379 2879 1502 2918 Arev.
1526 2880 1591 2929 (cf.
1616 2879 1732 2930 Aug.
1757 2879 1828 2919 loc.
1850 2881 1953 2933 kept.
1977 2894 2015 2933 3,
2044 2896 2106 2930 12,

359 2952 405 3029 1Ξέ
423 2950 519 2987 572,
535 2937 602 2988 29)
618 2990 626 2998 υ
685 2934 920 3026 ΕΧ1οἓ111111
942 2934 1267 3029 σῖσῖαὶθὲεὲίῑῂίᾖ]
1344 2934 1876 3028 οΧΪ101111Υ111Ε111ἒὲζε-ἓὲἒΐέ4ξΕΤ
1889 2951 1897 2974 :
1918 2942 2108 3030 Sthrssggi

359 3003 603 3085 30131011ἶὲ1·
615 3002 760 3084 lgIgm·
857 3057 910 3082 20
938 3005 1200 3095 teriiperarei:
1222 3041 1302 3083 CK
1419 3001 1500 3082 521
1533 3044 1715 3083 lassatus
1738 3043 1772 3082 C
1931 3058 1982 3084 22
2013 3059 2108 3096 per-

359 3102 523 3140 venerit
547 3099 645 3139 C2K
662 3115 672 3139 :
702 3103 939 3149 pervenerit
963 3099 1011 3137 Cl
1231 3098 1466 3138 labefactus
1488 3098 1579 3138 dett.
1603 3113 1612 3137 :
1641 3098 1875 3140 labefactos
1892 3100 1933 3136 A
1942 3113 2017 3140 rev.
2042 3104 2110 3150 (ex

360 3155 482 3196 Lmen
506 3167 542 3204 5,
565 3156 663 3205 651)
793 3166 844 3203 23
875 3153 943 3203 qui
967 3153 1016 3191 C1
1147 3153 1209 3192 vis
1229 3151 1275 3190 K
1397 3153 1492 3203 quia
1516 3152 1564 3191 Cl
1584 3168 1593 3192 :
1621 3154 1690 3202 qui
1720 3152 1757 3190 T
1874 3155 2047 3205 protulit
2066 3154 2113 3192 K
