2176 3424
81 981 129 1009 10

84 1389 127 1428 ¹5

86 1796 135 1823 20

493 105 1066 154 ETYMOLOGIARV
1071 105 1126 153 M
1167 104 1296 152 LIB.
1335 105 1446 153 XX.
1488 102 1538 151 iii

149 251 236 283 sua
253 234 351 299 (1):
376 235 571 296 ‘Quum
591 248 750 282 essem
771 232 821 281 in
841 230 1092 296 provincia
1111 233 1314 295 legatuS,
1337 233 1654 294 quamplures
1673 233 1738 280 ad
1760 247 1894 294 prae-

149 324 277 364 tores
304 324 352 363 et
377 316 605 363 consules
630 316 799 363 vinum
825 312 1144 362 honorarium
1164 313 1351 362 dabant
1372 330 1381 360 ε
1406 329 1682 375 numquam
1708 312 1892 375 accepi,

150 413 212 446 ne
244 395 456 459 privatus
486 395 721 458 quidem.’
793 393 1027 444 Crucium
1060 393 1230 443 vinum
1262 403 1335 443 est
1368 393 1571 443 insuave
1605 396 1741 456 quod
1772 393 1897 442 servi
1923 401 1956 447 9

150 486 335 541 potant.
409 479 638 536 Acetum,
667 478 740 524 vel
767 476 882 538 quia
917 483 1130 534 acutum,
1160 475 1238 522 vel
1271 474 1386 537 quia
1419 484 1690 537 aquatum3
1725 474 1894 523 vinum

151 561 283 608 enim
316 565 444 620 aqua
474 558 680 605 mixtum
716 556 815 605 cito
851 557 902 604 in
937 557 1069 604 hunc
1104 572 1329 619 saporem
1359 555 1606 619 redigitur.
1675 557 1825 604 Vnde
1850 565 1898 603 et

150 639 367 699 acidum,
403 638 544 702 quasi
579 638 833 701 aquidum.
924 636 1197 687 Conditum
1236 647 1486 697 vocatum,
1523 638 1659 699 quod
1698 653 1800 684 non
1838 635 1898 684 sit

151 721 370 785 simplex,
399 730 447 769 et
472 719 822 770 commixtione
843 718 1206 782 pigmentorum
1233 719 1562 782 conpositum.
1638 720 1899 766 Lactatum
1926 732 1985 767 10

151 812 224 852 est
257 802 394 866 potio
421 819 447 850 e
472 803 611 850 lacte.
687 802 909 849 Mulsum
945 818 1003 849 ex
1039 802 1184 849 melle
1215 799 1421 848 mixtum
1445 819 1458 860 ,·
1494 809 1568 849 est
1598 799 1730 848 enim
1763 798 1901 862 potio

152 901 210 933 ex
234 900 363 946 aqua
388 892 436 932 et
461 884 624 942 melle,
649 884 786 945 quod
813 881 989 931 Graeci
1014 883 1294 945 μελίκρατον
1320 890 1514 930 vocant.
1566 881 1901 930 Oenomelum
1925 896 1969 929 11

153 975 369 1014 mustum
405 966 548 1013 melle
577 964 850 1012 admixtum
878 966 1297 1027 vehementerque
1330 963 1566 1027 agitatum
1599 972 1749 1025 atque
1775 978 1905 1011 com-

153 1057 356 1096 motum.
433 1048 818 1109 Hydromelum,
849 1048 985 1108 quod
1020 1047 1103 1094 fiat
1136 1063 1193 1094 ex
1229 1062 1358 1108 aqua
1390 1055 1438 1094 et
1472 1044 1612 1093 malis
1649 1042 1900 1093 Matianis.

152 1132 411 1179 Saccatum
450 1127 610 1190 liquor
653 1137 726 1176 est
764 1144 924 1190 aquae
960 1129 1096 1176 faece
1135 1127 1234 1176 vini
1267 1127 1515 1176 admixtus
1558 1136 1606 1175 et
1644 1142 1790 1175 sacco
1829 1142 1903 1174 ex-

151 1227 358 1274 pressus.
433 1211 603 1257 Lorea.
677 1208 902 1271 Oxymeli
946 1210 1247 1272 appellatum
1298 1210 1435 1271 quod
1477 1207 1604 1257 aceti
1646 1216 1694 1256 et
1743 1205 1902 1256 mellis
1926 1219 1981 1254 12

153 1292 390 1354 permixta
427 1289 717 1338 conficiatur
754 1290 972 1350 materia,
1010 1291 1143 1339 unde
1187 1300 1235 1339 et
1277 1290 1596 1339 dulcedinem
1638 1287 1815 1337 retinet
1857 1298 1905 1336 et

152 1390 362 1422 acorem.
436 1373 811 1421 Rhodomelum
860 1374 1039 1420 dicitur
1087 1389 1146 1421 eo
1194 1374 1331 1434 quod
1374 1373 1425 1420 in
1465 1388 1585 1420 suco
1624 1386 1763 1419 rosae
1807 1371 1905 1417 mel

154 1454 496 1504 admisceatur.
550 1453 865 1502 Melicratum
892 1453 1061 1502 vinum
1089 1455 1235 1501 melle
1262 1453 1485 1502 mixtum.
1541 1454 1743 1512 Medus‚
1764 1450 1901 1514 quasi
1927 1468 1980 1515 13

155 1538 324 1596 melus,
353 1535 468 1599 quia
493 1553 550 1584 ex
577 1537 721 1584 melle
748 1537 801 1583 fit
821 1554 833 1595 ‚-
869 1537 994 1583 sicut
1032 1534 1283 1583 calamitas
1314 1552 1403 1598 pro
1429 1535 1716 1584 cadamitas.
1789 1535 1907 1581 Fae-

155 1621 265 1668 cula
306 1635 398 1666 uva
439 1617 648 1680 pinguis,
690 1619 899 1666 decocta
938 1634 1095 1680 usque
1136 1619 1201 1666 ad
1238 1616 1615 1666 crassitudinem
1654 1615 1812 1665 mellis
1849 1632 1906 1663 ac

156 1700 447 1763 refrigerata,
484 1699 614 1747 utilis
652 1700 924 1748 stomacho.
998 1701 1220 1759 Passum,
1258 1698 1502 1761 quidquid
1540 1715 1597 1746 ex
1634 1714 1727 1746 uva
1764 1713 1907 1760 passa
1930 1714 1986 1761 14

157 1797 476 1844 conpressum
503 1779 751 1829 effluxerit.
806 1778 999 1828 Dicitur
1022 1789 1188 1828 autem
1210 1796 1409 1843 passum
1434 1796 1462 1827 a
1488 1778 1726 1842 patiendo
1748 1797 1756 1826 z
1793 1795 1908 1826 nam

158 1862 426 1927 percutitur
451 1879 544 1910 uva
571 1861 745 1909 siccior
777 1871 825 1910 et
862 1861 1174 1923 decoquitur,
1199 1870 1246 1910 et
1284 1861 1400 1910 inde
1434 1863 1488 1909 fit
1526 1877 1740 1924 passum.
1816 1862 1911 1908 De-

159 1947 341 1993 frutum
369 1944 558 1993 dictum
585 1953 658 1992 est
683 1944 820 2005 quod
854 1944 1157 2003 defrudatur,
1182 1952 1230 1991 et
1256 1942 1397 2005 quasi
1434 1944 1658 1991 fraudem
1683 1941 1908 2005 patiatur.

162 2028 423 2084 Carenum,
453 2041 512 2074 eo
544 2026 676 2087 quod
712 2026 949 2073 fervendo
983 2034 1169 2087 partem
1205 2034 1366 2073 careat
1385 2043 1397 2086 3
1434 2023 1574 2073 tertia
1608 2024 1739 2072 enim
1775 2033 1910 2086 parte
1935 2036 1988 2085 15

162 2107 310 2157 musti
334 2107 513 2158 amissa
539 2108 674 2169 quod
701 2106 987 2155 remanserit
1013 2123 1245 2156 carenum
1273 2116 1358 2155 est.
1411 2106 1505 2157 Cui
1527 2105 1768 2155 contraria
1791 2122 1911 2168 sapa

221 2252 238 2277 1
271 2251 388 2288 prov.
411 2251 487 2277 sua
509 2239 593 2288 leg.
614 2237 655 2276 F
673 2237 774 2287 (non
793 2236 975 2287 ENPU)
1061 2250 1084 2274 2
1115 2238 1311 2287 accipere
1333 2239 1438 2286 priv.
1460 2237 1574 2277 Mon.
1666 2249 1691 2285 3
1723 2237 1911 2285 privatos

166 2292 250 2330 KP
287 2293 388 2344 (non
422 2293 514 2343 N):
564 2292 740 2342 privatis
784 2292 825 2331 U
862 2292 962 2343 (non
1003 2290 1231 2338 EFMon.)
1492 2292 1680 2331 Crudum
1718 2290 1915 2330 BCEFK

167 2363 188 2395 4
222 2353 371 2397 putant
390 2346 436 2384 K
566 2347 631 2385 vel
653 2359 747 2395 aqu.
774 2348 808 2386 C
962 2358 985 2395 5
1017 2351 1058 2383 et
1079 2359 1162 2384 om.
1184 2346 1229 2383 K
1387 2349 1413 2384 6
1442 2346 1626 2399 acidum]
1648 2352 1811 2386 acetum
1835 2345 1915 2384 CK

167 2407 361 2451 aquetum
382 2401 429 2439 K
569 2414 653 2440 non
674 2414 756 2440 om.
780 2399 903 2439 BCT
1041 2413 1061 2448 7
1092 2400 1158 2451 et]
1180 2400 1256 2439 sed
1280 2399 1315 2438 C
1448 2401 1631 2450 positum
1656 2403 1724 2449 (ex
1742 2400 1846 2448 -tus>
1870 2398 1914 2439 K

167 2457 191 2493 8
222 2468 245 2494 e
266 2454 405 2494 BCK:
438 2468 462 2494 a
491 2455 528 2494 T
686 2454 886 2506 mixtum]
908 2454 1063 2492 dictum
1094 2455 1130 2492 T
1323 2469 1349 2504 9
1382 2455 1614 2494 Inomelum
1636 2455 1787 2495 BCK:
1817 2454 1912 2492 Ino-

169 2510 339 2549 mellum
370 2511 406 2548 T
553 2523 600 2548 10
630 2515 812 2549 mestum
836 2508 885 2548 C¹
1044 2521 1086 2546 11
1123 2509 1376 2548 Idromelum
1401 2509 1498 2551 CT:
1533 2510 1807 2550 Idromellum
1830 2507 1916 2547 ΒΚ

168 2578 222 2604 ex
252 2578 334 2606 om.
367 2562 403 2602 C
562 2564 765 2604 mazianis
811 2564 848 2602 T
1010 2575 1057 2600 12
1088 2563 1179 2602 fece
1212 2562 1353 2602 BCT:
1396 2564 1475 2602 feci
1506 2563 1552 2602 K
1728 2564 1842 2603 sicco
1883 2562 1921 2600 T

173 2631 222 2668 13
252 2619 378 2658 Luria
397 2618 507 2658 codd.
533 2618 673 2669 <etiam
699 2618 760 2667 U>
943 2617 1144 2657 Oximelli
1167 2618 1352 2657 CKTU:
1384 2619 1598 2658 Oximelle
1620 2619 1660 2657 Β
1810 2618 1913 2656 null.

169 2687 260 2714 nov,
291 2673 428 2712 [emm.
463 2672 541 2711 CT
566 2674 667 2725 (non
701 2673 758 2725 U)
926 2672 1060 2723 quod]
1089 2685 1211 2721 quam
1241 2671 1294 2710 B¹
1521 2686 1567 2723 14
1599 2672 1857 2712 confricatur
1885 2671 1922 2709 T

173 2728 306 2778 (-fric-
325 2740 375 2766 ex
389 2729 512 2778 corr.)
685 2738 732 2775 15
764 2739 964 2777 aquorem
985 2740 1034 2766 ex
1052 2740 1122 2776 eq·
1150 2726 1188 2764 T
1321 2726 1617 2766 Rodomellum
1641 2726 1739 2765 CT:
1771 2726 1914 2765 Rodo-

171 2781 320 2821 mellus
338 2781 424 2820 ΒΚ
680 2784 728 2819 16
757 2781 1004 2821 admiscitur
1022 2780 1128 2819 BlK
1143 2795 1151 2820 :
1181 2781 1437 2820 admiscetur
1459 2781 1513 2822 C:
1531 2783 1636 2833 sort.
1660 2781 1916 2820 admiscatur

173 2836 439 2886 Meligratum
455 2835 500 2874 K
612 2848 658 2884 17
691 2836 722 2873 F
724 2835 845 2875 ecula
864 2835 976 2875 codd.
1090 2849 1142 2874 20
1171 2836 1368 2875 essuxerit
1386 2834 1476 2874 ΒΚ
1584 2849 1632 2875 21
1666 2836 1920 2886 decoquitur

175 2890 368 2940 (dequo-)
407 2888 547 2928 CBT:
597 2890 875 2940 detorquetur
910 2888 956 2927 K
1080 2890 1299 2929 Desretum
1337 2889 1530 2930 BNTU:
1590 2891 1836 2929 Deseretum
1873 2889 1919 2927 K

173 2957 226 2993 23
255 2945 458 2983 Carinum
479 2943 568 2982 ΚΝ
587 2945 686 2995 (non
712 2944 769 2994 U)
882 2944 1048 2984 tertiam
1069 2944 1115 2982 K
1221 2950 1383 2995 partem
1406 2943 1494 2982 ΒΚ
1632 2957 1683 2994 24
1715 2945 1916 2983 amissam

173 2998 218 3036 K
236 3000 340 3048 (non
365 2998 423 3050 U)
531 2999 641 3047 quod
663 3012 712 3037 ex
727 3011 851 3048 quam
873 2997 914 3035 Β
1022 2999 1123 3036 saba
1144 2998 1189 3036 K
