2228 3444
1079 184 1352 233 ISIDORI

250 317 315 364 28
341 311 520 361 exinde
553 328 627 360 res
653 314 951 371 nominatur,
982 328 1082 360 non
1118 314 1259 361 sama.
1336 313 1548 362 Exilium
1577 314 1763 363 dictum
1792 317 1931 378 quasi
1957 326 2089 366 extra

342 395 520 442 solum.
593 396 723 442 Nam
759 395 867 442 exul
903 392 1081 461 dicitur
1115 394 1200 457 qui
1231 405 1363 443 extra
1394 396 1553 444 solum
1588 406 1675 445 est.
1748 398 1896 446 Vnde
1921 400 2089 461 postli-

341 475 551 523 minium
569 475 906 535 redeuntibus,
930 476 1027 524 hoc
1051 486 1124 524 est
1142 478 1205 525 de
1222 479 1368 526 exilio
1384 479 1694 540 reducendis,
1715 478 1799 542 qui
1816 489 1930 529 sunt
1947 479 2089 529 eiecti

339 559 391 607 in
407 558 597 618 iniuria,
617 558 668 607 id
686 570 758 607 est
780 568 913 608 extra
932 560 1083 608 limen
1100 559 1298 622 patriae.
1376 562 1626 609 Dividitur
1641 571 1806 610 autem
1825 562 2022 610 exilium
2040 562 2090 611 in

243 651 313 698 29
339 641 566 705 relegatis
593 651 641 690 et
667 641 950 705 deportatis.
1027 643 1295 706 Relegatus
1321 652 1408 703 est,
1432 659 1582 706 quem
1608 643 1743 692 bona
1769 660 1856 692 sua
1881 661 2091 707 sequun-
2114 666 2135 704 5

246 734 314 780 30
339 733 415 773 tur
439 744 447 773 :
474 726 776 787 deportatuS,
801 741 950 787 quem
977 740 1079 773 non
1097 735 1382 787 sequuntur.
1458 725 1755 789 Proscriptio
1773 725 1901 774 exilii
1920 729 2091 790 procul

338 806 610 866 damnatio,
640 807 778 868 quasi
807 822 952 869 porro
987 807 1200 870 scriptio.
1275 808 1402 855 Item
1439 806 1752 870 proscriptus,
1783 807 1898 871 quia
1927 811 2090 872 palam

259 897 314 943 31
339 888 565 951 scriptus.
640 890 903 936 Metallum
930 897 1002 936 est
1034 887 1119 936 ubi
1146 890 1312 937 exules
1338 887 1703 954 depo<r>tantur
1729 891 1792 938 ad
1820 892 2087 940 eruendam

252 978 315 1026 32
337 987 515 1020 venam
552 987 896 1033 marmoraque
931 971 1147 1018 secanda
1185 970 1237 1018 in
1270 972 1457 1019 crustis.
1533 971 1747 1020 Servitus
1787 989 1815 1019 a
1849 974 2090 1021 servando

337 1062 523 1101 vocata.
596 1054 746 1115 Apud
772 1051 1003 1114 antiquos
1024 1050 1157 1101 enim
1184 1052 1268 1114 qui
1289 1051 1339 1100 in
1367 1053 1497 1101 bello
1522 1069 1551 1101 a
1576 1062 1734 1102 morte
1755 1055 2085 1114 servabantur,
2118 1074 2165 1104 10

337 1137 460 1184 servi
492 1135 810 1183 vocabantur.
890 1136 1034 1184 Haec
1067 1143 1140 1182 est
1171 1136 1276 1183 sola
1302 1137 1542 1183 malorum
1572 1134 1793 1183 omnium
1822 1145 2085 1198 postrema,

337 1234 464 1280 quae
491 1216 654 1266 liberis
680 1216 817 1265 omni
844 1216 1087 1280 supplicio
1113 1216 1303 1280 gravior
1329 1226 1402 1266 est
1426 1236 1436 1276 3
1461 1234 1577 1266 nam
1597 1217 1683 1265 ubi
1708 1218 1905 1266 libertas
1930 1218 2087 1282 periit,

249 1309 313 1355 33
338 1317 435 1348 una
472 1299 540 1348 ibi
577 1301 827 1362 perierunt
865 1307 912 1348 et
949 1300 1134 1348 omnia.
1208 1299 1449 1348 Mortium
1486 1316 1601 1348 vero
1632 1301 1810 1348 diversi
1846 1317 2001 1359 casus,
2032 1318 2088 1349 ex

337 1381 519 1445 quibus
545 1398 662 1431 crux
689 1385 765 1431 vel
791 1382 1083 1445 patibulum,
1114 1383 1165 1429 in
1195 1399 1295 1444 quo
1322 1381 1550 1430 homines
1575 1383 1782 1444 adpensi
1810 1382 2089 1430 cruciantur

248 1477 313 1524 34
337 1466 413 1513 vel
439 1466 691 1527 patiuntur
712 1484 724 1525 3
751 1466 885 1513 unde
906 1474 953 1513 et
978 1466 1182 1513 nomina
1208 1465 1406 1514 habent.
1484 1464 1765 1512 Patibulum
1793 1464 1925 1512 enim
1944 1467 2088 1527 vulgo
2118 1486 2162 1525 15

335 1547 471 1594 furca
496 1546 687 1605 dicitur,
718 1546 858 1609 quasi
877 1548 1037 1595 ferens
1063 1556 1226 1610 caput.
1301 1548 1607 1609 Suspensum
1633 1545 1766 1594 enim
1787 1555 1835 1594 et
1856 1548 2088 1609 strangui-

336 1630 490 1676 latum
517 1646 575 1676 ex
601 1645 662 1677 eo
688 1628 934 1676 exanimat
953 1646 965 1688 3
1003 1629 1090 1677 sed
1125 1627 1335 1690 patibuli
1362 1627 1523 1675 minor
1549 1644 1711 1690 poena
1737 1644 1886 1691 quam
1913 1630 2085 1676 crucis.

335 1711 466 1758 Nam
493 1710 771 1774 patibulum
798 1712 1046 1773 adpensos
1067 1711 1230 1758 statim
1259 1711 1520 1768 exanimat,
1541 1726 1657 1757 crux
1682 1719 1847 1758 autem
1869 1710 2087 1758 subfixos

334 1792 419 1841 diu
459 1793 642 1842 cruciat
661 1813 673 1854 3
723 1794 856 1842 unde
890 1801 938 1841 et
971 1791 1022 1840 in
1061 1791 1333 1855 Evangelio
1367 1792 1654 1851 latronibus,
1692 1801 1744 1841 ut
1782 1802 2087 1841 morerentur

334 1885 382 1923 et
416 1877 478 1924 de
512 1875 646 1939 ligno
676 1885 790 1924 ante
817 1874 1079 1923 sabbatum
1107 1875 1487 1936 deponerentur,
1515 1891 1655 1922 crura
1680 1875 1931 1922 confracta
1956 1883 2084 1933 sunt,
2114 1895 2163 1923 20

249 1973 311 2022 35
336 1956 451 2020 quia
477 1956 611 2020 ligno
641 1957 867 2020 suspensi
901 1955 1002 2004 cito
1038 1956 1160 2003 mori
1195 1972 1295 2003 non
1331 1964 1573 2017 poterant.
1649 1956 1707 2003 In
1742 1955 1852 2019 ipso
1887 1972 2087 2019 quoque

334 2057 512 2102 genere
546 2039 681 2088 necis
716 2041 890 2088 differt.
965 2038 1228 2087 Crudelius
1254 2046 1327 2086 est
1354 2038 1485 2085 enim
1512 2036 1561 2084 in
1587 2053 1716 2100 aqua
1741 2037 1965 2100 spiritum
1997 2047 2088 2086 tor-

337 2132 544 2184 quentes
573 2121 803 2185 extingui,
833 2119 1029 2184 ignibus
1056 2118 1143 2179 uri,
1167 2120 1340 2182 frigore
1367 2128 1415 2168 et
1439 2120 1568 2168 fame
1603 2119 1780 2179 necari,
1809 2119 2014 2168 canibus
2041 2119 2087 2168 et

334 2203 503 2252 bestiis
542 2203 735 2267 exponi.
815 2204 946 2251 Nam
980 2203 1106 2249 ferro
1142 2201 1267 2248 mori
1297 2209 1431 2249 aetas
1463 2217 1663 2263 quoque
1698 2202 1854 2250 maior
1886 2203 2085 2264 optavit.

336 2285 544 2334 Gladius
571 2286 702 2334 enim
731 2286 836 2332 sine
870 2284 1089 2346 graviore
1125 2282 1342 2329 cruciatu
1375 2283 1716 2343 conpendiosa
1749 2291 1906 2330 morte
1937 2284 2084 2331 vitam
2113 2305 2131 2332 2
2141 2305 2161 2343 5

242 2370 310 2430 36
334 2368 473 2416 finire
503 2369 651 2416 novit.
731 2367 962 2416 Culleum
991 2374 1065 2414 est
1090 2364 1380 2427 parricidale
1406 2365 1657 2412 vasculum
1693 2364 1757 2413 ab
1791 2366 2084 2426 occulendo,

398 2512 415 2536 1
451 2498 526 2536 Ex.
550 2503 689 2535 autem
712 2497 790 2536 dic.
816 2495 861 2532 K
1036 2507 1059 2532 2
1090 2493 1168 2534 sol.
1193 2500 1258 2532 est
1279 2506 1373 2532 nam
1398 2492 1441 2529 K
1458 2499 1553 2532 ante
1573 2507 1673 2534 corr.
1824 2494 1915 2546 qui]
1937 2496 2034 2545 quia
2058 2496 2093 2535 C

338 2552 599 2604 postliminio
621 2551 705 2589 BT
895 2563 920 2599 3
951 2548 1252 2588 reducentibus
1274 2547 1319 2585 K
1338 2550 1440 2598 (non
1461 2549 1523 2600 A)
1669 2550 1757 2588 sint
1784 2549 1820 2587 T
1942 2551 2090 2590 eiectis

346 2608 493 2646 Tante
512 2620 611 2646 corr.
781 2621 805 2655 4
835 2606 876 2643 in
899 2604 1094 2643 iniuriam
1115 2604 1154 2642 Β
1174 2604 1277 2655 (non
1299 2603 1358 2656 A>
1385 2617 1394 2642 τ
1423 2603 1574 2642 iniuria
1597 2603 1645 2641 C1
1831 2606 1856 2642 6
1887 2606 1984 2655 dep.
2005 2636 2014 2645 .
2039 2636 2049 2646 .
2075 2636 2085 2645 .

339 2676 429 2712 seq.
453 2676 537 2703 om.
564 2660 613 2699 C1
798 2660 926 2699 exilio
950 2659 985 2698 C
1176 2672 1196 2708 7
1225 2671 1292 2708 qu.
1319 2671 1408 2708 por.
1434 2670 1513 2697 scr.
1538 2672 1616 2698 om.
1645 2658 1682 2697 T
1867 2659 2026 2710 scripto
2047 2659 2094 2698 K

340 2716 458 2769 quia]
489 2716 609 2766 quasi
633 2715 667 2754 C
970 2715 995 2752 8
1025 2715 1284 2764 depotantur
1312 2711 1382 2751 K:
1412 2713 1669 2763 deputantur
1699 2712 1841 2752 BCT:
1870 2727 1970 2753 corr.
1995 2714 2086 2756 dett.

339 2787 365 2823 9
396 2773 487 2811 Ser.
513 2785 538 2810 a
558 2771 751 2809 vocando
773 2768 817 2806 K
834 2773 929 2807 ante
946 2782 1046 2809 corr.
1193 2781 1237 2807 11
1269 2767 1378 2805 servi
1399 2780 1490 2807 voc,
1515 2782 1597 2807 om.
1626 2768 1663 2806 T
1785 2768 1874 2807 sola
1896 2783 1979 2809 om.
2010 2769 2060 2807 T1
2080 2785 2090 2809 z

339 2840 503 2866 summa
522 2825 569 2863 K
589 2825 691 2877 (non
711 2824 775 2877 A)
920 2837 968 2873 13
999 2829 1183 2874 pereunt
1205 2823 1346 2861 omnia
1369 2820 1404 2860 C
1529 2824 1610 2873 div.
1634 2828 1732 2862 sunt
1754 2836 1814 2862 ca.
1838 2823 1873 2861 C
1981 2825 2021 2862 in
2044 2838 2082 2873 q.

342 2881 421 2920 CK
439 2881 508 2933 (ex
525 2894 580 2919 ex
602 2879 661 2932 q.)
780 2892 828 2928 14
858 2891 1008 2917 omnes
1037 2877 1073 2916 T
1183 2878 1232 2916 16
1260 2883 1334 2916 Str.
1356 2890 1408 2915 ex
1431 2891 1482 2916 eo
1502 2877 1569 2916 K:
1601 2884 1675 2917 str.
1701 2878 1805 2916 haec
1826 2891 1882 2916 ex
1902 2891 1953 2916 eo
1973 2876 2059 2915 BD
2078 2893 2086 2917 :

340 2938 460 2976 instr.
485 2942 528 2975 et
549 2949 604 2974 ex
624 2947 675 2973 eo
699 2933 748 2972 C1
768 2949 776 2972 :
805 2939 877 2972 Str.
899 2947 949 2972 eo
979 2933 1016 2971 T
1142 2945 1188 2981 17
1220 2933 1436 2971 examinat
1451 2931 1546 2970 CJT
1672 2933 1720 2970 18
1749 2932 1961 2971 examinat
1978 2931 2089 2971 ClTl

340 3004 392 3030 22
422 2991 571 3042 spiritu
597 2989 712 3040 (spu)
735 2987 776 3025 Β
797 3002 805 3027 :
836 2988 974 3037 ipsum
998 2988 1034 3027 C
1181 2992 1408 3036 torquente
1429 2987 1469 3024 A
1477 3001 1554 3027 rev.
1753 2999 1802 3035 23
1837 2987 1980 3036 negari
1997 2985 2092 3025 Ol<

340 3059 391 3095 24
414 3045 554 3097 aetas]
571 3051 612 3085 et
627 3045 705 3084 has
725 3041 762 3080 T
844 3043 1006 3093 aptavit
1026 3041 1071 3079 K
1085 3056 1094 3081 ε
1123 3041 1334 3092 optaverit
1358 3039 1521 3082 Tertull.
1539 3040 1661 3094 Apol.
1681 3055 1708 3092 9
1819 3052 1869 3091 25
1890 3042 2086 3091 graviore

339 3100 430 3152 (wi)
454 3100 574 3139 BCK
593 3115 601 3139 ι
631 3099 792 3138 maiore
821 3097 858 3136 T
1011 3099 1063 3136 26
1093 3096 1324 3135 masculum
1347 3099 1393 3133 ut
1411 3096 1490 3136 vid.
1520 3095 1558 3133 T
