2176 3424
548 93 1176 141 ETYMOLOGIARVM
1220 94 1346 139 LIB.
1389 95 1434 138 X

118 221 332 283 phrasin,
362 222 497 283 quod
532 220 591 268 sit
631 220 735 269 sine
776 237 905 270 suco.
983 223 1214 284 Sepultus
1249 220 1409 269 dictus
1436 231 1509 269 est
1544 237 1604 269 eo
1638 223 1774 284 quod
1801 221 1861 269 sit

117 303 221 350 sine
248 301 544 366 palpatione,
568 303 642 350 vel
680 301 784 351 sine
816 292 974 366 pulsu,
1004 302 1055 351 id
1081 310 1153 351 est
1180 302 1284 351 sine
1316 310 1469 350 motu.
1545 302 1659 350 Saio
1684 303 1747 351 ab
1768 303 1861 351 exi-
1884 307 1985 364 263

114 385 278 446 gendo
305 383 479 432 dictus.
542 385 688 432 Sutor
712 401 740 432 a
766 385 967 432 suendis
993 384 1205 447 pellibus
1236 384 1534 432 nominatus.
1596 384 1855 443 Subulcus‚

114 480 374 528 porcorum
401 473 566 528 pastor
585 483 597 525 3
635 464 761 513 sicut
786 465 1045 523 bubulcus,
1073 482 1102 513 a
1127 482 1243 513 cura
1266 465 1434 514 boum.

67 563 88 608 5
954 549 998 594 T

179 630 349 688 Tutor,
375 629 457 690 qui
483 627 723 691 pupillum
751 636 926 687 tuetur,
952 629 1048 675 hoc
1074 637 1147 676 est
1173 629 1417 688 intuetur,
1455 629 1518 675 de
1544 643 1645 689 quo
1670 626 1722 674 in
1746 643 1860 674 con-
1881 633 1986 690 264

111 708 372 756 suetudine
406 708 588 771 vulgari
619 708 826 757 dicitur:
870 708 1033 770 ‘Quid
1068 726 1147 757 me
1182 711 1390 757 mones?
1462 711 1526 756 Et
1563 718 1775 757 tutorem
1812 718 1859 756 et

110 791 450 852 paedagogum
478 792 595 838 olim
623 791 795 838 obrui.'
879 793 1054 838 Testes
1086 791 1182 839 diei
1217 792 1353 852 quod
1393 799 1691 839 testamento
1724 789 1859 838 adhi-
1881 797 1984 855 265

110 871 214 919 beri
235 873 393 920 solent
411 890 423 931 3
462 871 585 919 sicut
613 871 896 934 signatores,
925 874 1062 934 quod
1097 881 1449 920 testamentum
1481 871 1690 935 signent.
1764 874 1858 920 Te·
1880 879 1988 925 266

37 976 86 1002 10
109 951 271 1010 tricus,
299 969 441 1000 mons
472 952 523 999 in
554 952 747 1001 Sabinis
781 953 1091 1015 asperrimus.
1166 955 1314 1002 Vnde
1351 963 1398 1002 et
1429 955 1592 1002 tristes
1627 954 1856 1002 homines

107 1033 304 1082 tetricos
330 1034 554 1082 dicimus.
627 1034 939 1094 Tacsturnus,
969 1037 1018 1083 in
1045 1037 1259 1084 tacendo
1285 1035 1563 1085 diuturnus.
1631 1036 1857 1084 Trutina-
1883 1040 1984 1096 267

107 1123 194 1173 tor,
224 1115 539 1175 examinator,
567 1133 625 1164 ex
650 1115 819 1164 iudicii
844 1116 965 1164 libra
991 1118 1304 1180 perpendens
1336 1127 1498 1178 recta,
1535 1117 1856 1166 translatione

105 1213 133 1244 a
159 1196 351 1256 trutina,
381 1214 507 1259 quae
542 1207 614 1246 est
638 1198 834 1260 gemina
859 1201 1138 1262 ponderum
1164 1201 1344 1248 lanceS.
1407 1198 1596 1247 Tristis.
1665 1202 1856 1258 Tenax,
1880 1198 1985 1244 268

106 1280 296 1326 nummi
323 1281 560 1341 cupidior,
589 1282 724 1342 quod
751 1289 928 1328 teneat.
1023 1283 1281 1329 Interdum
1321 1291 1368 1329 et
1402 1283 1636 1343 pertinax.
1714 1279 1854 1346 [Tru-
1879 1281 1988 1339 269

35 1383 80 1423 15
106 1359 367 1426 culentus.]
452 1363 663 1421 Torvus,
687 1361 932 1422 terribilis,
957 1379 1017 1411 eo
1048 1364 1184 1424 quod
1211 1362 1270 1410 sit
1296 1372 1426 1410 torto
1452 1365 1588 1410 vultu
1615 1372 1663 1410 et
1689 1363 1853 1411 turbu·

103 1443 238 1490 lento
262 1451 478 1505 aspectu,
508 1452 588 1490 ut:
632 1447 794 1491 ‘torva
812 1445 1014 1501 leaena,'
1040 1453 1088 1492 et
1115 1443 1268 1507 (Virg.
1292 1446 1416 1492 Aen.
1439 1460 1481 1505 3,
1503 1443 1624 1508 677)
1650 1464 1656 1491 :

320 1524 580 1572 Cernimus
617 1526 868 1573 adstantes
907 1524 1207 1588 nequiquam
1246 1524 1433 1573 lumine
1470 1534 1621 1573 torvo.

103 1603 368 1665 Turbidus,
397 1605 636 1654 terribilis.
713 1609 875 1665 Teter,
935 1607 1000 1656 ob
1060 1608 1270 1655 obscura
1330 1606 1691 1670 tenebrosaque
1740 1606 1853 1656 vita.
1878 1613 1979 1662 270

103 1687 417 1746 Teterrimus,
447 1704 535 1749 pro
569 1689 671 1735 fero
705 1687 926 1736 nimium.
1002 1691 1208 1737 Tetrum
1240 1689 1372 1736 enim
1404 1697 1592 1737 veteres
1627 1705 1715 1751 pro
1749 1690 1852 1737 fero

28 1786 79 1815 20
103 1769 342 1828 dixerunt,
380 1778 431 1817 ut
471 1769 662 1817 Ennius
702 1769 852 1827 <Ann.
885 1771 1035 1834 607):
1074 1774 1259 1819 ‘tetros
1298 1771 1621 1833 elephantos.’
1694 1770 1851 1818 Terri-

102 1849 227 1909 bilis,
272 1849 388 1914 quia
429 1860 662 1900 terrorem
706 1851 855 1900 habet
897 1860 945 1901 et
988 1852 1199 1901 timetur.
1291 1851 1673 1914 Tergiversator,
1713 1854 1850 1915 quod
1873 1865 1960 1914 271

102 1931 323 1981 animum
350 1934 488 1995 quasi
516 1942 706 1996 tergum
732 1942 886 1982 vertat
912 1935 1009 1982 huc
1036 1943 1084 1982 et
1109 1934 1238 1993 illue,
1268 1950 1360 1981 nec
1380 1930 1567 1999 [facile]
1604 1933 1761 1996 qualis
1789 1933 1850 1981 sit

101 2012 410 2077 intellegitur.
482 2017 808 2063 Temulentus
846 2033 873 2063 a
913 2024 1112 2074 temeto,
1148 2016 1198 2063 id
1242 2023 1314 2063 est
1351 2014 1484 2074 vino,
1519 2014 1696 2064 dictus.
1770 2017 1850 2063 Ti·
1872 2034 1970 2083 272

101 2097 278 2156 midus,
302 2098 438 2159 quod
463 2096 632 2145 timeat
658 2097 757 2156 diu,
777 2096 827 2146 id
849 2106 921 2145 est
947 2096 1185 2160 sanguine
1203 2115 1215 2157 3
1253 2114 1369 2145 nam
1386 2096 1532 2146 timor
1558 2097 1849 2161 sanguinem

16 2195 75 2235 '²5
99 2179 240 2240 gelat,
266 2178 348 2241 qui
376 2188 575 2227 coactus
601 2178 754 2242 gignit
780 2180 1022 2228 timorem.
1085 2178 1279 2241 Turpis,
1304 2180 1440 2241 quod
1467 2178 1526 2227 sit
1553 2178 1774 2229 informis
1802 2189 1849 2229 et
1873 2193 1970 2242 273

99 2267 303 2322 torpeat.

945 2345 991 2389 V

166 2422 265 2482 Vir,
294 2440 322 2471 a
357 2422 546 2472 virtute.
620 2423 781 2484 Vtilis,
816 2425 880 2472 ab
921 2424 1109 2471 utendo
1144 2422 1274 2470 bene
1311 2440 1412 2483 sua,
1441 2427 1516 2473 vel
1549 2427 1687 2488 quod
1721 2426 1848 2475 bene
1870 2433 1968 2482 274

98 2503 219 2566 quid
245 2513 381 2553 utere
406 2504 559 2568 possit
581 2523 594 2565 ,-
631 2504 757 2553 sicut
782 2504 971 2563 docilis,
1000 2505 1137 2567 quod
1171 2503 1339 2553 doceri
1376 2508 1544 2568 possit.
1617 2510 1791 2566 Verus,
1819 2524 1847 2555 a
1870 2518 1969 2567 275

158 2648 174 2674 1
207 2634 259 2673 sit
280 2648 360 2675 om.
387 2634 422 2673 C
556 2649 580 2673 2
601 2636 668 2674 vel
689 2635 812 2684 pulsu
833 2636 879 2673 K
893 2650 902 2674 :
932 2649 969 2674 v.
994 2647 1026 2674 S.
1051 2649 1090 2685 p.
1117 2642 1182 2675 est
1205 2637 1240 2675 C
1377 2637 1477 2675 Salo
1497 2638 1539 2676 Β
1561 2653 1569 2676 :
1601 2638 1729 2688 Sagio
1751 2638 1845 2678 dett.

97 2702 122 2739 3
153 2703 178 2728 a
198 2690 361 2728 suendo
382 2689 451 2728 K:
480 2690 736 2729 abesuendis
766 2689 804 2727 T
908 2693 935 2729 6
960 2691 1184 2730 suetudine
1207 2689 1259 2730 C1
1368 2692 1393 2728 8
1424 2692 1525 2730 dicti
1549 2692 1584 2732 C
1722 2705 1771 2731 10
1802 2692 1845 2730 in

97 2743 256 2782 samnis
274 2742 316 2781 Β
337 2745 441 2795 (non
459 2744 502 2795 Ι)
619 2757 663 2783 11
697 2744 871 2784 diurnus
892 2744 962 2784 K:
995 2745 1156 2784 diurnis
1178 2746 1296 2797 (corr.
1321 2745 1439 2796 -nus)
1466 2745 1501 2784 C
1627 2760 1676 2785 12
1706 2746 1782 2797 ex]
1803 2753 1846 2786 et

98 2798 143 2836 K
157 2798 259 2849 (non
279 2797 342 2848 Α)
459 2811 507 2848 13
537 2799 649 2837 laces
673 2799 722 2837 Cl
742 2798 844 2849 (non
863 2799 924 2847 Α)
1012 2800 1164 2838 Tristis
1184 2813 1267 2840 om.
1289 2799 1334 2837 K
1356 2801 1460 2852 (non
1480 2800 1542 2851 A)
1633 2814 1680 2850 14
1710 2801 1843 2853 quod]

99 2865 223 2902 quem
238 2852 278 2890 B
299 2852 403 2903 (non
423 2852 467 2904 I)
551 2853 675 2892 Truc.
694 2853 784 2892 hab.
799 2853 1020 2893 ABCIU:
1049 2867 1132 2893 om.
1149 2853 1252 2893 KT1
1274 2869 1283 2894 :
1312 2855 1435 2895 Truc.
1458 2855 1642 2894 crudelis
1662 2856 1845 2894 inmanis

99 2919 225 2946 seuus
253 2906 307 2944 T2
473 2909 523 2945 16
553 2907 618 2960 ut]
642 2913 684 2946 et
712 2907 749 2944 T
878 2909 998 2948 turba
1020 2909 1072 2948 le.
1097 2909 1143 2947 K
1321 2910 1369 2948 18
1400 2909 1453 2947 ob
1473 2923 1556 2949 om.
1587 2909 1645 2948 T:
1673 2910 1726 2948 ab
1745 2909 1849 2949 BCI

102 2974 157 2999 20
176 2966 290 3000 teros
306 2961 522 3002 elevantos
542 2961 590 3000 K
601 2962 703 3013 (non
720 2961 841 3000 MAI
843 2965 858 3014 )
951 2963 1200 3002 Terribilem
1215 2961 1311 3001 KM
1327 2964 1428 3016 (non
1449 2964 1538 3014 AI)
1649 2976 1700 3002 22
1722 2963 1844 3004 facile

104 3014 197 3056 hab.
220 3014 350 3054 BIT:
378 3029 462 3055 om.
483 3017 610 3057 ACK
716 3028 768 3065 23
800 3017 1072 3067 intellegatur
1091 3017 1139 3058 K
1150 3018 1254 3070 (non
1269 3017 1332 3069 A)
1446 3024 1654 3058 autemeto
1675 3018 1718 3058 id
1738 3031 1785 3059 es
1815 3019 1853 3058 T

105 3083 157 3119 24
188 3069 259 3108 diu
279 3075 512 3122 suspectum
692 3080 744 3121 29
775 3072 864 3112 doc.
891 3073 960 3122 qui
982 3073 1048 3112 do.
1078 3072 1116 3110 T
1218 3073 1372 3113 docere
1394 3072 1442 3111 C¹
