2176 3424
495 137 1120 190 ETYMOLOGIARVM
1160 146 1290 192 LIB.
1330 147 1480 194 VIII.
1519 147 1563 194 xi

158 262 260 311 sine
302 265 562 315 formidine
611 269 772 318 cordis
821 271 1016 321 obiciat.
1092 276 1227 324 Mars
1275 285 1442 325 autem
1492 280 1624 342 apud
1673 281 1896 329 Thracos

156 345 398 394 Gradivus
436 346 626 409 dicitur,
668 366 730 398 eo
772 354 908 414 quod
944 353 994 401 in
1031 354 1162 404 bello
1204 359 1409 419 gradum
1447 358 1656 408 inferant
1692 362 1774 423 qui
1813 379 1898 425 pu-

151 436 317 489 gnant,
344 437 427 480 aut
452 432 588 492 quod
613 430 800 495 inpigre
823 434 1116 497 gradiantur.
1157 438 1440 501 Apollinem
1467 440 1689 503 quamvis
1715 441 1898 491 divina·
1917 467 1978 516 53

154 516 308 556 torem
334 519 380 557 et
406 510 655 560 medicum
682 516 875 575 vellent,
903 515 1063 580 ipsum
1090 527 1257 569 tamen
1281 523 1428 570 etiam
1455 524 1620 571 Solem
1652 523 1894 584 dixerunt,

106 610 127 648 5
154 588 290 651 quasi
315 592 488 639 solum.
566 595 734 657 Ipsum
762 597 922 657 Titan,
952 600 1091 662 quasi
1118 619 1272 650 unum
1298 620 1355 652 ex
1381 603 1587 664 Titanis,
1616 607 1698 668 qui
1729 608 1895 655 adver-

153 687 232 718 sus
277 673 448 722 Iovem
485 692 586 724 non
621 676 749 726 fecit.
825 681 996 743 Ipsum
1034 684 1310 745 Phoebum,
1339 685 1478 748 quasi
1504 688 1768 750 ephebum,
1797 690 1894 737 hoc
1917 705 1981 754 54

151 762 224 800 est
248 755 627 807 adolescentem.
702 762 850 810 Vnde
874 772 922 811 et
948 765 1020 811 sol
1046 782 1166 827 puer
1189 765 1416 830 pingitur,
1445 785 1506 817 eo
1531 772 1666 832 quod
1691 770 1896 820 cottidie

152 833 332 883 oriatur
378 846 426 885 et
472 855 600 887 nova
646 842 755 890 luce
810 856 1050 895 nascatur.
1140 849 1370 911 Pythium
1425 867 1624 914 quoque
1677 854 1893 902 eundem

151 916 433 978 Apollinem
472 921 633 968 vocari
669 924 805 972 aiunt
841 943 869 973 a
912 929 1138 990 Pythone
1175 929 1430 981 inmensae
1467 933 1611 982 molis
1648 943 1890 998 serpente,

81 1025 127 1053 10
151 997 286 1046 cuius
329 1016 429 1048 non
472 1003 624 1065 magis
667 1022 858 1055 venena
907 1026 1055 1071 quam
1102 1012 1392 1075 magnitudo
1435 1015 1660 1064 terrebat.
1736 1019 1891 1065 Hunc
1914 1027 1975 1076 55

149 1080 329 1141 Apollo
363 1082 645 1145 sagittarum
683 1086 860 1137 ictibus
897 1100 1118 1141 sternens
1155 1094 1370 1144 nominis
1401 1114 1601 1160 quoque
1635 1098 1791 1161 spolia
1824 1116 1891 1147 re-

148 1162 367 1223 portavit,
404 1174 456 1212 ut
494 1167 696 1228 Pythius
723 1182 990 1221 vocaretur.
1062 1177 1210 1224 Vnde
1246 1186 1294 1225 et
1330 1178 1396 1226 ob
1432 1178 1622 1243 insigne
1658 1180 1890 1230 victoriae

147 1242 321 1304 Pythia
346 1262 480 1294 sacra
504 1249 800 1300 celebranda
824 1253 1092 1304 constituit.
1144 1257 1357 1307 Dianam
1380 1277 1579 1325 quoque
1603 1279 1886 1326 germanam
1912 1270 1980 1327 55

145 1323 247 1371 eius
274 1324 493 1376 similiter
517 1330 684 1378 lunam
718 1342 766 1381 et
792 1333 976 1384 viarum
1011 1338 1287 1400 praesidem
1321 1341 1471 1391 aiunt.
1547 1346 1694 1393 Vnde
1728 1355 1776 1394 et
1803 1345 1889 1394 vir-

31 1406 41 1442 ?
72 1433 117 1474 15
143 1403 307 1466 ginem
341 1411 524 1469 volunt,
554 1414 689 1473 quod
726 1413 802 1462 via
844 1416 964 1465 nihil
1007 1418 1173 1481 pariat.
1249 1425 1313 1471 Et
1350 1423 1464 1473 ideo
1501 1426 1652 1475 ambo
1690 1427 1887 1491 sagittas

144 1487 324 1537 habere
350 1491 611 1554 finguntur,
640 1498 775 1557 quod
809 1497 914 1561 ipsa
947 1502 1047 1550 duo
1082 1501 1239 1552 sidera
1272 1507 1335 1554 de
1368 1509 1506 1556 caelo
1539 1509 1703 1558 radios
1728 1527 1885 1574 usque

144 1569 206 1616 ad
248 1579 395 1620 terras
433 1573 670 1624 emittant.
749 1578 961 1630 Dianam
998 1592 1165 1633 autem
1192 1597 1417 1637 vocatam
1456 1591 1595 1653 quasi
1634 1595 1880 1654 Duanam,

144 1652 278 1711 quod
304 1654 418 1702 luna
443 1665 491 1704 et
516 1658 596 1705 die
630 1667 677 1707 et
710 1671 857 1710 nocte
890 1677 1137 1727 appareat.
1212 1671 1379 1732 Ipsam
1406 1680 1454 1719 et
1482 1673 1721 1723 Lucinam
1747 1677 1880 1724 adse·
1906 1697 1968 1746 57

143 1743 322 1793 verant,
351 1751 411 1784 eo
444 1740 579 1799 quod
612 1741 786 1791 luceat.
861 1747 1087 1796 Eandem
1122 1759 1170 1798 et
1203 1750 1434 1814 Triviam,
1465 1771 1524 1804 eo
1558 1758 1694 1819 quod
1729 1757 1882 1807 tribus

70 1838 118 1866 20
140 1814 366 1876 fungatur
390 1818 566 1880 figuris.
643 1824 721 1871 De
746 1842 842 1887 qua
868 1829 1109 1891 Vergilius
1137 1830 1283 1896 (Aen.
1307 1851 1351 1894 4,
1374 1836 1489 1900 511)
1514 1856 1522 1885 :

644 1905 759 1954 Tria
794 1906 990 1972 virginis
1027 1930 1111 1961 ora
1150 1914 1356 1977 Dianae,

139 1976 254 2038 quia
289 1981 462 2028 eadem
502 1985 655 2044 Luna,
692 1989 867 2037 eadem
907 1992 1081 2054 Diana,
1121 1999 1296 2047 eadem
1334 2001 1626 2064 Proserpina
1662 2014 1879 2054 vocatur.

140 2058 237 2106 Sed
262 2075 374 2108 cum
402 2064 542 2112 Luna
568 2067 764 2129 fingitur
787 2069 1044 2132 (Prudent.
1071 2094 1089 2123 1
1112 2094 1220 2127 con.
1244 2082 1426 2143 Symm.
1453 2083 1599 2148 363):
1899 2082 1963 2140 58

1003 2157 1246 2208 Sublustri
1283 2164 1510 2225 splendet
1544 2166 1742 2216 amictu.

67 2247 113 2286 25
339 2240 452 2273 cum
489 2228 745 2280 subcincta
781 2234 893 2284 iacit
930 2239 1159 2301 calamos,
1202 2244 1412 2294 Latonia
1448 2246 1581 2310 virgo
1620 2259 1723 2300 est:

338 2323 451 2356 curn
488 2312 696 2363 subnixa
732 2318 871 2366 sedet
907 2320 1045 2382 solio,
1086 2326 1316 2375 Plutonia
1351 2327 1543 2379 coniux.

139 2385 346 2435 Latonia
370 2399 535 2440 autem
563 2394 738 2458 Diana,
766 2416 827 2448 eo
855 2405 992 2464 quod
1027 2406 1247 2458 Latonae
1271 2409 1414 2459 fuerit
1443 2411 1554 2460 filia.
1628 2414 1874 2475 Cererem,
1899 2429 1967 2477 59

196 2530 210 2555 1
247 2530 358 2558 mors
378 2521 417 2559 Β
622 2533 761 2568 tracos
788 2530 848 2571 T:
877 2546 1030 2582 gracos
1051 2536 1101 2574 C1
1123 2551 1132 2576 ε
1162 2551 1313 2587 grecos
1335 2542 1421 2580 ΒΚ
1628 2559 1652 2583 2
1673 2547 1876 2594 gradivus

135 2586 191 2611 an
213 2576 366 2621 grand·
385 2577 514 2617 z‘ncert.
547 2580 607 2619 T:
637 2585 838 2632 gradibus
859 2587 909 2626 Cl
1055 2591 1241 2633 inferunt
1259 2594 1357 2633 ΒΤ1
1379 2602 1427 2635 ut
1445 2598 1525 2637 vid.
1683 2614 1708 2649 3
1738 2602 1872 2641 domi—

135 2634 325 2668 natorem
346 2630 392 2668 K
410 2632 512 2682 (uon
534 2634 596 2686 A)
790 2655 814 2690 4
844 2643 975 2682 velint
997 2645 1042 2683 K
1238 2662 1262 2698 5
1293 2652 1441 2703 quasi]
1465 2666 1547 2702 qua
1572 2654 1610 2693 T
1797 2659 1870 2696 ad-

134 2695 301 2721 versum
323 2685 403 2724 BC
565 2703 585 2738 7
617 2692 938 2736 adulescentum
967 2699 1027 2738 T:
1057 2703 1175 2750 quasi
1196 2705 1261 2744 ad.
1285 2705 1331 2742 K
1507 2721 1533 2756 9
1563 2709 1702 2760 Apoll.
1725 2725 1805 2750 om.
1830 2713 1874 2750 K

134 2736 236 2783 (non
256 2737 321 2790 A)
446 2755 536 2782 voc.
557 2745 632 2796 ai.]
652 2756 804 2789 vocant
823 2751 870 2789 K
882 2753 983 2803 (non
1004 2755 1067 2805 A)
1210 2770 1259 2797 10
1286 2762 1461 2801 veneria
1478 2762 1527 2801 Cl
1637 2766 1874 2805 terrebatur

133 2789 179 2828 K
196 2791 298 2841 (non
315 2794 378 2844 A)
562 2812 606 2837 11
638 2802 816 2843 iactibus
844 2806 916 2846 K:
944 2808 1124 2849 histibus
1144 2813 1185 2850 A
1407 2818 1534 2857 huius
1555 2833 1667 2860 nom.
1690 2833 1786 2869 quo,
1813 2821 1867 2859 C:

134 2846 199 2884 his
219 2860 314 2896 quo.
338 2862 490 2890 nomen
512 2859 554 2891 et
573 2854 619 2892 K
637 2856 739 2907 (non
759 2859 823 2908 A)
957 2876 1004 2913 13
1029 2865 1181 2915 Pythia
1204 2880 1286 2909 om.
1308 2869 1352 2908 K
1373 2871 1474 2921 (non
1493 2873 1560 2924 A)
1676 2887 1722 2924 14
1753 2875 1868 2914 simi-

134 2898 230 2939 liter
248 2915 329 2941 om.
351 2904 397 2942 K
413 2906 514 2956 (non
534 2909 598 2958 A)
765 2926 910 2955 varum
939 2917 976 2956 T
1132 2921 1252 2961 aiunt
1271 2937 1352 2964 om.
1377 2925 1423 2963 K
1443 2927 1544 2978 (non
1566 2928 1628 2978 A)
1758 2930 1863 2980 virg.

135 2966 226 2993 eam
245 2957 324 2996 vol.
347 2959 445 3008 quia
464 2961 510 2999 K
527 2963 628 3015 (non
649 2966 712 3014 A)
830 2982 877 3019 15
898 2972 1044 3013 volunt
1064 2989 1147 3016 om.
1172 2976 1229 3015 Bl
1341 2980 1484 3020 ambas
1508 2982 1605 3020 C1T
1711 2987 1765 3022 16
1786 2985 1864 3024 fin-

134 3015 239 3056 gunt
261 3011 336 3050 CT
438 3016 521 3055 duo
540 3031 620 3058 om.
644 3019 701 3057 Β1
817 3026 866 3063 18
886 3025 942 3065 lu.
965 3028 1033 3067 die
1055 3029 1101 3067 K
1208 3045 1260 3071 20
1273 3033 1467 3086 ,fingatur
1490 3036 1568 3074 CK
1675 3050 1726 3075 02
1747 3039 1864 3089 quia]

134 3063 204 3111 qui
227 3064 305 3103 CT
447 3083 499 3121 24
529 3073 752 3115 sublustris
772 3090 836 3128 sp.
864 3081 936 3122 C1:
968 3096 1061 3122 cum
1083 3085 1202 3124 lustri
1224 3099 1289 3138 sp.
1310 3088 1377 3128 B:
1405 3090 1628 3130 sublustris
1650 3093 1810 3141 pendet
1835 3094 1873 3132 T

133 3118 306 3172 amictu]
322 3134 388 3162 am
405 3124 459 3162 131
545 3129 598 3165 26
616 3141 675 3168 se.
692 3137 734 3170 et
750 3144 811 3171 so.
835 3134 869 3172 C
949 3149 999 3186 27
1020 3138 1161 3178 latona
1182 3140 1220 3180 T
1295 3156 1365 3192 qu.
1381 3144 1533 3183 latonis
1548 3145 1593 3183 K
1677 3146 1733 3186 fil.
1753 3147 1807 3188 su.
1826 3149 1867 3188 Β
