2176 3424
320 135 949 186 ETYMOLOGIARVM
990 134 1119 180 LIB.
1159 132 1299 177 XVI.
1339 128 1462 187 xxvi,
1500 127 1622 175 xxvii

99 286 216 316 num
255 250 479 316 habuerit
515 264 817 322 adiunctum,
858 261 1072 311 eminam
1115 261 1433 317 demonstrat,
1473 274 1622 321 quam
1662 256 1839 306 Graeci

99 351 293 412 cotylen
319 358 508 397 vocant.
584 348 644 405 ξε.
674 345 737 393 Xi
763 347 1008 393 Graecum
1044 342 1083 390 si
1115 339 1360 404 acceperit
1388 339 1611 387 iunctum
1641 340 1682 386 E
1713 338 1839 386 Lati—

98 450 228 492 nam,
251 429 489 494 significat
509 426 784 477 sextarium.
845 425 910 482 ξο.
940 424 990 474 Si
1011 426 1056 474 O
1076 422 1306 473 Latinum
1326 420 1632 478 adiunctum,
1653 419 1838 468 indicat
1861 419 1895 464 6

96 513 410 570 acitabulum‚
449 511 584 574 quod
622 507 798 558 Graeci
838 505 1051 555 oxifalon
1085 513 1277 554 vocant.
1359 493 1433 562 (ἦ.
1464 505 1552 564 My
1590 503 1837 551 Graecum

51 619 72 658 5
97 592 405 658 superposito
431 594 477 641 N
506 590 737 639 Latinum
754 587 994 653 significat
1015 587 1161 636 mina.
1228 588 1272 634 T
1277 588 1321 633 Λ.
1350 587 1394 632 Τ
1422 586 1652 633 Latinum
1673 583 1723 631 in
1742 585 1839 632 fine

97 677 285 726 habens
307 675 479 724 Labda
498 676 741 723 Graecum
759 670 1000 734 significat
1021 671 1274 718 talentum.
1326 670 1413 715 X⁰.
1431 664 1573 731 (Chi)
1591 667 1837 715 Graecum

97 757 145 806 in
172 759 343 807 dextro
367 754 569 804 brachio
595 752 829 817 superiori
856 753 901 802 O
923 750 1081 800 littera
1107 751 1373 799 coniuncta
1398 747 1539 796 cenix
1565 756 1653 795 est.

151 901 175 925 2
205 887 372 926 eotilem
394 885 459 923 B:
488 884 661 935 gotilem
683 883 788 931 (den
804 885 834 932 ἓ)
864 881 925 920 T:
955 881 1123 920 cotilam
1138 880 1198 918 K:
1229 879 1292 918 vel
1307 878 1483 928 κοτύλην
1553 891 1576 916 e
1599 876 1775 915 latinum
1798 876 1839 915 Β

96 956 120 992 3
149 947 208 992 ξΟ
227 940 312 979 ΒΤ
329 941 468 992 (etiam
490 938 577 983 ΚΖ)
636 939 717 978 adi.
733 936 926 975 habuerit
947 937 1033 975 ind.
1051 934 1095 972 K
1114 937 1215 985 (non
1240 933 1335 985 CU)
1437 946 1460 981 4
1491 932 1738 970 acitabolum
1753 931 1843 969 KT

97 998 140 1035 Μ
167 1003 383 1047 χειφναεσν.
411 996 466 1041 Ν)
487 993 597 1032 codd.
714 993 771 1030 Mi
800 991 863 1030 T:
893 1005 974 1030 om.
996 989 1083 1028 ΒΚ
1222 1002 1245 1038 5
1275 987 1548 1038 superposita
1568 1000 1594 1024 n
1615 986 1746 1024 latina
1767 985 1832 1028 K:

97 1051 362 1101 superposita
386 1050 422 1088 N
446 1049 573 1087 latino
601 1047 636 1086 T
786 1059 883 1085 mna
904 1045 990 1084 BT
1141 1048 1206 1081 ΑΛ
1231 1043 1341 1082 ΒΚ;
1378 1041 1411 1081 'R
1443 1041 1480 1080 T
1630 1045 1659 1079 T
1680 1041 1806 1079 Arev.
1829 1057 1835 1080 :

95 1120 118 1144 a
138 1105 208 1144 K:
239 1119 320 1144 om.
343 1103 428 1142 BT
532 1103 680 1142 latinas
703 1101 748 1139 K
919 1102 944 1138 6
974 1100 1094 1139 lauda
1116 1098 1222 1137 BT:
1251 1098 1405 1136 lautam
1429 1097 1474 1134 K
1580 1109 1772 1145 graecam
1796 1094 1841 1133 K

96 1173 142 1198 ao
164 1159 294 1198 KUT
311 1160 428 1210 <post
445 1158 672 1207 superiori)
692 1162 793 1201 (non
819 1157 869 1198 C)
977 1155 1055 1193 Chi
1080 1153 1162 1203 (vel
1179 1153 1237 1201 X)
1260 1167 1342 1192 om.
1364 1152 1474 1192 codd.
1582 1163 1603 1199 7
1634 1151 1775 1190 iuncta
1795 1148 1840 1187 K

95 1218 198 1265 (non
222 1214 313 1263 CH)
427 1214 555 1251 kenix
574 1211 615 1250 Β
