2228 3444
1126 196 1399 245 ISIDORI

379 340 446 373 Dc
474 327 657 373 factum
685 334 757 374 est
785 325 1038 375 diluvium.
1115 321 1444 391 [IIMCCXLII].
1518 322 1655 391 [Noe
1681 342 1795 374 vero
1813 341 1847 373 D
1867 342 1980 374 cum
2008 334 2136 374 esset

380 423 622 455 annorum
659 407 830 471 genuit
865 417 960 456 tres
987 406 1126 466 filios,
1157 408 1284 468 Sem,
1315 408 1475 457 Cham
1503 415 1551 456 et
1579 409 1768 470 Iaphet.
1843 407 1998 458 Cuius
2033 423 2132 456 sex—

381 489 657 539 centesimo
694 491 822 539 vitae
859 506 992 538 anno
1029 490 1214 537 factum
1251 498 1324 538 est
1361 488 1615 538 diluvium.
1708 492 1831 539 Sunt
1867 499 2033 538 autem
2069 490 2133 537 ab

384 573 550 620 Adam
571 589 730 635 usque
750 573 814 620 ad
835 571 1173 620 cataclismum
1195 573 1312 620 anni
1339 570 1599 638 IIMCCLII].
1665 571 1930 622 Secunda
1956 573 2135 622 aetas.

331 668 362 717 5
386 655 502 702 Sem
547 651 686 720 [cum
736 663 865 703 esset
906 670 1151 702 annorum
1191 651 1243 719 c]
1283 670 1398 702 ann.
1444 669 1481 701 11
1518 663 1630 717 post
1680 654 1920 703 diluvium
1968 653 2137 718 genuit
2162 671 2183 710 5

386 738 601 796 Arfaxat,
636 753 665 784 a
695 753 795 799 quo
836 735 1091 787 Chaldaei.
1166 733 1509 802 [IIMCCXLIV].
1580 738 1781 785 Arfaxat
1814 753 1927 785 ann.
1956 752 2137 785 cxxxv

385 818 554 882 genuit
589 820 714 879 Sala,
743 836 772 867 a
806 836 906 881 quo
942 820 1212 867 Samaritae
1243 828 1291 868 et
1330 820 1459 867 Indi.
1537 815 1952 886 [IIMCCCLXXIX]
2027 821 2138 868 Sala

326 909 361 955 6
384 918 497 949 ann.
535 915 679 949 CXXX
712 901 882 964 genuit
915 901 1102 960 Heber,
1130 918 1159 949 a
1193 918 1293 964 quo
1329 901 1564 950 Hebraei.
1640 899 1889 967 [IIMDIX].
1965 901 2139 950 Heber

385 999 499 1031 ann.
541 999 743 1031 CXXXIV
779 983 948 1047 genuit
987 984 1147 1032 FaleC.
1235 982 1404 1031 Turris
1447 982 1734 1032 aedificatur
1762 981 1878 1049 [hoc
1916 993 2137 1046 tempore

386 1064 572 1113 divisae
610 1074 724 1114 sunt
758 1065 954 1128 linguae
981 1074 1028 1113 et
1062 1081 1147 1127 per
1181 1064 1351 1113 orbem
1379 1073 1533 1114 terrae
1559 1066 1688 1114 facta
1714 1075 1786 1114 est
1812 1064 2052 1128 dispersio
2090 1064 2138 1113 in
2167 1081 2215 1108 10

386 1147 732 1196 aedificatione
785 1146 966 1213 turris].
1042 1145 1393 1214 [IIMDCXLIII].
1469 1149 1614 1196 Falec
1651 1165 1762 1196 ann.
1792 1163 1936 1196 CXXX
1972 1147 2141 1210 genuit

391 1232 577 1293 Ragau.
643 1229 724 1277 Dii
751 1229 964 1293 primum
991 1231 1271 1278 adorantur.
1337 1227 1762 1296 [IIMDCCLXXIII]
1828 1232 2000 1293 Ragau
2026 1247 2138 1278 ann.

389 1327 574 1359 CXXXII
592 1311 762 1375 genuit
779 1314 941 1361 Seruc.
985 1313 1212 1375 Regnum
1231 1311 1748 1375 inchoatScytharum.
1790 1309 2140 1379 [IIMDCCCCV].

335 1403 362 1451 7
391 1395 540 1441 Seruc
566 1411 676 1441 ann.
704 1409 847 1442 CXXX
868 1394 1037 1457 genuit
1060 1395 1275 1442 Nachor.
1359 1395 1590 1456 Regnum
1612 1393 1967 1457 Aegypti0rum
1989 1393 2141 1442 nasci—

390 1486 479 1523 tur.
545 1474 863 1542 [nmxxxv]=
929 1477 1130 1525 Nachor
1155 1492 1267 1524 ann.
1290 1490 1455 1523 LXXIX
1482 1476 1651 1539 genuit
1671 1478 1848 1525 Thara.
1910 1479 2141 1539 Regnum
2171 1496 2215 1535 15

390 1554 701 1616 Assyriorum
726 1564 773 1603 et
789 1554 1084 1604 Siciniorum
1104 1554 1328 1604 exoritur.
1375 1552 1669 1621 [IIIMCXIV]
1718 1557 1762 1603 T
1766 1557 1882 1603 hara
1901 1572 2013 1603 ann.
2035 1570 2141 1603 LXX

388 1635 557 1699 genuit
575 1635 844 1684 Abraham.
896 1639 1176 1685 Zoroastres
1195 1636 1436 1699 magicam
1454 1636 1677 1699 repperit.
1735 1635 2138 1703 [IIIMCLXXXIV].

337 1717 366 1764 8
390 1717 587 1766 Tertia
607 1720 790 1766 aetas».
855 1719 1106 1767 Abraham
1129 1735 1244 1766 ann.
1268 1733 1296 1766 c
1322 1718 1490 1781 genuit
1513 1719 1652 1767 Isaac
1670 1728 1718 1768 et
1741 1721 1970 1778 Ismahel,
1994 1736 2022 1767 a
2042 1736 2141 1782 quo

394 1799 722 1849 Ismahelitae.
767 1798 1205 1866 [IIIMCCLXXXIV]
1237 1802 1377 1848 Isaac
1396 1817 1508 1848 ann.
1531 1816 1597 1848 LX
1613 1800 1781 1863 genuit
1803 1801 1970 1851 Iacob.
2010 1801 2145 1864 Argi-

393 1898 564 1930 vorum
587 1898 790 1944 regnum
811 1883 1024 1930 inchoat.
1102 1880 1494 1947 [IIIMCCCXLIV].
1571 1883 1725 1931 Iacob
1749 1900 1862 1931 ann.
1884 1897 1952 1931 xc
1976 1879 2145 1944 genuit
2172 1897 2222 1925 20

395 1965 597 2026 Ioseph.
673 1964 964 2012 Phoroneus
1003 1962 1240 2012 Graeciae
1278 1964 1408 2026 leges
1446 1964 1598 2012 dedit.
1674 1960 2143 2029 [IIIMCCCCXXXIV].

333 2055 368 2101 9
396 2047 580 2109 Ioseph
605 2062 719 2094 ann.
748 2061 829 2094 CX.
905 2045 1113 2094 Graecia
1140 2053 1328 2108 segetes
1348 2045 1531 2094 habere
1556 2047 1733 2109 coepit.
1811 2042 2144 2112 [IIIMDXLIV].

396 2128 743 2177 Hebraeorum
774 2126 846 2194 [in
867 2125 1118 2194 Aegypto]
1146 2129 1351 2176 servitus
1376 2144 1489 2175 ann.
1519 2142 1688 2176 CXLIV.
1763 2130 1972 2176 Athlans
1998 2136 2146 2175 astro-

394 2209 574 2272 logiam
592 2209 793 2258 invenit.
857 2207 1347 2275 [IIIMDCLXXXVIII].
1413 2211 1614 2272 Moyses
1633 2227 1746 2258 ann.
1771 2225 1851 2258 XL.
1927 2210 2146 2258 Hebraei

309 2303 367 2339 10
393 2294 576 2341 litteras
602 2292 786 2340 habere
812 2301 1098 2355 coeperunt.
1164 2289 1611 2357 [IIIMDCCXXV111].
1677 2294 1826 2340 Iosue
1843 2309 1959 2339 ann.
1980 2306 2145 2339 XXVII.
2175 2309 2220 2348 25

394 2373 711 2422 EriCthonius
746 2375 797 2420 in
822 2375 973 2422 Troia
1000 2370 1231 2439 [primus]
1260 2374 1545 2435 quadrigam
1574 2373 1741 2422 iunxit.
1806 2370 2145 2439 [IIIMDCCLV].

394 2455 702 2504 Gothonihel
719 2471 928 2503 ann.XL.
956 2457 1164 2505 Catmus
1182 2454 1365 2503 litteras
1377 2454 1740 2504 Graecisdedit.
1773 2453 2148 2521 [IIIMDCCXCV].

450 2598 474 2633 5
516 2598 608 2623 cum
645 2598 705 2624 es,
740 2599 807 2624 an.
847 2599 869 2624 c
905 2586 995 2624 hab.
1033 2584 1135 2624 CK:
1177 2599 1260 2625 om.
1295 2585 1421 2623 BTU
1529 2590 1625 2634 post
1660 2585 1731 2624 dil.
1765 2599 1848 2625 om.
1890 2586 1927 2624 T
1956 2586 2057 2635 (non
2093 2585 2149 2633 U)

398 2652 419 2688 7
453 2639 573 2690 Sala]
595 2641 744 2678 cainan
767 2639 813 2676 K
938 2655 962 2679 a
991 2653 1074 2690 quo
1097 2670 1105 2679 .
1134 2671 1142 2680 .
1165 2671 1173 2679 .
1202 2641 1296 2679 Indi
1316 2654 1400 2679 om.
1423 2640 1464 2678 Β
1483 2654 1491 2678 :
1521 2641 1670 2678 cainan
1692 2653 1785 2679 cum
1808 2646 1921 2679 esset
1942 2653 2148 2678 annorum

394 2706 510 2733 cxxx
531 2695 679 2743 genuit
696 2695 827 2733 salam
845 2708 868 2732 a
882 2708 965 2744 quo
985 2725 993 2734 .
1018 2726 1024 2734 .
1049 2726 1056 2734 .
1083 2694 1238 2733 Indi'K
1343 2708 1369 2743 9
1399 2701 1500 2733 turr.
1525 2696 1617 2733 aed.
1641 2694 1785 2734 BCU:
1815 2701 1915 2734 tunc
1936 2701 2037 2734 turr.
2054 2696 2146 2734 aed.

403 2747 461 2787 T:
490 2749 570 2787 hoc
591 2754 721 2799 temp.
746 2781 755 2789 .
778 2780 788 2789 .
814 2780 824 2790 .
847 2751 888 2787 in
910 2751 1003 2788 aed.
1026 2755 1128 2788 turr.
1154 2748 1200 2786 K
1327 2760 1371 2786 11
1406 2749 1531 2788 Falec
1549 2755 1688 2788 autem
1709 2762 1778 2788 an.
1799 2749 1840 2787 Β
1973 2762 2021 2788 12
2051 2754 2150 2787 tunc

394 2804 573 2853 primum
589 2803 646 2841 dii
664 2805 895 2843 adorantur
908 2803 970 2841 K2
986 2804 1086 2852 (om.
1103 2803 1183 2855 K1)
1261 2803 1412 2852 Ragau
1428 2835 1436 2843 .
1455 2834 1464 2843 .
1484 2833 1493 2843 .
1517 2804 1665 2854 Scyth.
1686 2817 1765 2842 om.
1785 2802 1845 2840 K1
1937 2816 1986 2853 13
2007 2814 2152 2853 cxxxv

396 2857 458 2895 K2
596 2871 683 2907 reg.
709 2864 808 2898 tunc
830 2858 911 2897 inc.
939 2858 1032 2897 CK2
1173 2858 1399 2907 inquoatus
1420 2858 1622 2897 citharum
1646 2855 1693 2897 Cl
1879 2870 1927 2907 14
1958 2858 2050 2898 Ser.
2074 2890 2082 2898 .
2108 2889 2116 2897 .
2141 2890 2150 2898 .

398 2926 513 2952 nasc.
533 2925 617 2953 om.
642 2912 703 2949 Κ1
814 2913 1026 2964 nascitur]
1047 2913 1185 2952 incoat
1214 2912 1252 2950 T
1266 2917 1361 2951 ante
1378 2926 1482 2954 corr.
1626 2925 1673 2962 17
1704 2913 1798 2951 Zor.
1819 2917 1952 2953 artem
1975 2925 2084 2962 mag.
2108 2912 2154 2950 K

401 2969 450 3005 18
480 2980 565 3017 quo
581 2973 624 3006 et
643 2967 739 3006 Ism.
762 2967 798 3006 C
907 2981 956 3018 19
984 2967 1086 3017 Arg.
1105 2981 1194 3017 reg.
1211 2967 1266 3006 in.
1284 2980 1364 3006 om.
1381 2966 1472 3006 AK
1490 2967 1590 3019 (non
1610 2966 1736 3006 Bern.
1759 2966 1878 3017 extr.)
1991 2981 2045 3006 20
2076 2967 2149 3019 xc]

398 3023 483 3061 LXI.
508 3022 574 3061 U:
604 3034 660 3061 xL
687 3021 743 3060 T:
777 3034 862 3060 va
878 3021 957 3061 CK
1065 3036 1116 3060 22
1142 3022 1216 3073 cx]
1239 3033 1363 3060 CV1111
1386 3021 1432 3058 K
1502 3023 1613 3072 capit
1636 3021 1684 3059 C¹
1779 3034 1832 3071 23
1862 3021 1904 3059 in
1923 3020 2028 3070 Aeg.
2053 3022 2148 3061 hab.

397 3076 442 3113 K
447 3077 487 3114 U
501 3091 510 3115 ε
532 3090 612 3116 om.
629 3077 708 3117 BC
715 3075 751 3114 T
855 3077 1072 3116 servitutis
1093 3076 1128 3115 C
1252 3089 1303 3125 24
1321 3088 1376 3115 XL
1399 3076 1510 3115 rexit
1529 3076 1727 3126 populum
1750 3075 1883 3115 Hebr.
1906 3076 2028 3116 Bern.
2054 3081 2150 3115 extr.

398 3135 500 3181 (non
520 3132 632 3183 ΛΠ)
770 3142 821 3180 25
853 3131 998 3182 xxvu]
1021 3143 1140 3174 xcvn
1160 3130 1206 3168 K
1312 3133 1365 3169 26
1394 3131 1554 3183 primus
1573 3130 1667 3170 hab.
1693 3129 1796 3170 CK:
1825 3143 1904 3169 om.
1926 3129 2015 3168 BT
