2176 3424
1055 111 1326 160 ISIDORI

246 255 291 288 11
316 249 363 288 et
400 240 661 303 scriptores
698 249 916 288 utuntur.
992 242 1251 289 Oleomela
1287 242 1502 289 nascitur
1538 240 1587 288 in
1626 242 1861 303 Palmyra,
1900 239 2064 301 Syriae

315 321 512 372 civitate
530 341 543 382 3
579 339 636 371 ex
673 339 734 371 eo
771 322 837 370 ita
870 323 1116 384 appellata
1146 323 1282 384 quod
1315 339 1374 370 ex
1403 331 1578 370 trunco
1608 324 1770 371 oleum
1803 324 1987 372 defluat
2011 323 2060 369 in

235 417 291 451 12
315 403 639 453 crassitudine
676 405 847 463 mellis,
878 420 1051 467 sapore
1082 403 1231 452 suavi.
1314 410 1343 456 †
1361 403 1620 453 Pomelida
1639 410 1668 458 †
1695 405 1841 453 sorbo
1875 403 2059 464 similis,

315 485 578 535 mediocris
614 486 758 534 arbor
801 495 848 534 et
892 487 1010 534 flore
1053 484 1323 534 candidulo
1343 504 1354 545 3
1401 485 1533 534 dicta
1569 488 1705 548 quod
1745 487 1959 536 dulcedo
2001 487 2061 534 sit

314 567 418 616 eius
455 570 640 616 fructus
680 576 728 616 et
770 576 918 616 acuto
963 584 1137 630 sapore
1176 566 1438 616 conmixta.
1531 570 1675 616 Haec
1716 568 1860 617 arbor
1902 577 2060 617 aetate
2084 582 2106 622 5

235 660 289 705 13
313 650 456 697 durat
487 649 672 713 exigua.
748 651 980 712 Melopos
1014 649 1158 698 arbor
1183 648 1234 696 in
1262 648 1428 697 Africa
1467 649 1653 697 Punica
1681 651 1847 712 lingua
1871 658 2056 708 vocata,

313 748 371 779 ex
396 747 494 793 qua
518 730 717 793 profluit
743 732 904 779 lentus
931 746 1092 789 sucus,
1115 729 1199 792 qui
1218 746 1246 777 a
1266 731 1377 778 loco
1402 730 1741 779 ammoniacus
1764 730 2056 779 nominatur.

233 821 289 867 14
316 814 529 875 Mespila
558 814 703 861 arbor
733 814 945 876 spinosa,
974 814 1134 860 fructu
1159 811 1479 861 similitudine
1508 814 1764 873 malorum,
1793 814 1880 861 sed
1913 814 2059 875 paulo
2172 833 2176 863 ι

313 894 553 955 breviori3
596 896 731 943 unde
768 904 816 943 et
851 895 1108 957 appellata,
1149 895 1286 956 quod
1329 893 1508 956 pilulae
1543 895 1803 943 formulam
1846 895 2062 943 habeant

234 983 288 1032 15
312 975 415 1024 eius
441 993 604 1038 poma.
679 976 818 1025 Pirus
843 985 1018 1024 vocata
1050 977 1243 1024 videtur
1268 978 1404 1038 quod
1440 975 1490 1024 in
1516 975 1639 1039 ignis
1665 975 1880 1040 speciem
1905 977 2062 1024 defor-
2086 988 2135 1017 10

311 1066 443 1106 mata
469 1067 541 1107 est
559 1077 572 1119 3
597 1075 712 1106 nam
733 1059 829 1106 hoc
853 1074 1008 1121 genus
1025 1056 1162 1121 pomi
1186 1057 1249 1105 ab
1268 1059 1435 1120 amplo
1460 1056 1631 1120 incipit
1650 1066 1697 1106 et
1722 1057 1772 1105 in
1797 1066 2059 1121 angustum

311 1139 431 1199 finit,
474 1139 599 1188 sicut
638 1139 777 1203 ignis.
866 1141 1006 1188 Pirus
1048 1148 1213 1187 autem
1257 1139 1413 1198 arbor,
1461 1141 1643 1188 fructus
1683 1140 1787 1188 eius
1825 1139 1928 1203 pira
1970 1148 2056 1188 est.

312 1221 466 1271 Cuius
493 1224 677 1270 multae
704 1223 906 1284 species,
936 1237 994 1270 ex
1025 1220 1206 1284 quibus
1237 1221 1522 1271 Crustumia
1551 1230 1665 1270 sunt
1693 1223 1797 1285 pira
1833 1238 1892 1270 ex
1923 1231 2060 1284 parte

310 1303 550 1363 rubentia,
573 1304 636 1351 ab
662 1303 848 1366 oppido
875 1302 1164 1354 Crustumio
1188 1304 1457 1351 nominata.
1531 1306 1687 1351 Poma
1711 1302 1801 1366 piri
1826 1302 2058 1351 iumentis

226 1385 286 1432 16
309 1384 536 1448 inposita,
564 1387 639 1434 vel
666 1385 704 1433 si
730 1402 901 1449 pauca,
930 1387 1246 1433 vehementer
1278 1401 1487 1434 onerosa
1516 1402 1622 1435 esse
1652 1387 1895 1434 dicuntur.
1969 1386 2054 1435 Ce-
2083 1398 2132 1440 15

308 1484 444 1516 rasus
470 1485 499 1516 a
524 1468 710 1518 Ceraso
735 1468 856 1516 urbe
885 1467 1027 1516 Ponti
1046 1476 1233 1516 vocata.
1285 1469 1414 1517 Nam
1437 1469 1670 1516 Lucullus
1688 1484 1802 1515 cum
1819 1466 2057 1517 Cerasum

309 1548 556 1597 civitatem
585 1549 731 1598 Ponti
757 1551 982 1608 delesset,
1006 1551 1103 1598 hoc
1127 1565 1283 1612 genus
1309 1548 1445 1612 pomi
1465 1548 1581 1597 inde
1600 1549 1798 1598 advexit
1823 1558 1870 1598 et
1894 1566 1922 1598 a
1948 1548 2059 1598 civi-

307 1639 407 1679 tate
439 1631 678 1680 cerasium
712 1631 989 1694 appellavit.
1061 1631 1225 1679 Arbor
1260 1639 1426 1679 autem
1456 1647 1665 1690 cerasus,
1692 1648 1898 1694 pomum
1932 1648 2058 1680 cera-

308 1713 434 1762 sium
461 1713 652 1762 dicitur.
728 1716 845 1762 Hoc
872 1715 1020 1762 etiam
1050 1723 1098 1763 et
1122 1722 1237 1762 ante
1271 1715 1533 1761 Lucullum
1569 1722 1671 1762 erat
1703 1713 1753 1761 in
1786 1713 1940 1773 Italia,
1969 1715 2056 1763 sed

308 1796 518 1856 durum3
555 1797 690 1844 unde
730 1804 777 1844 et
820 1812 1026 1844 cornum
1066 1797 1367 1858 appellatum
1410 1804 1497 1844 est.
1572 1798 1662 1844 Est
1702 1803 1868 1845 autem
1910 1796 2055 1844 arbor
2079 1812 2134 1841 20

306 1886 420 1940 apta
445 1877 702 1926 hastilibus
727 1898 735 1925 :
772 1879 906 1927 unde
932 1877 1174 1941 Vergilius
1201 1877 1398 1942 (Georg.
1422 1895 1462 1936 2,
1483 1876 1601 1941 448)
1627 1896 1636 1925 :

913 1962 1055 2008 Bona
1090 1960 1223 2008 bello
1257 1975 1449 2008 cornus.

231 2057 284 2106 17
309 2040 455 2089 Ficus
484 2041 657 2091 Latine
681 2059 710 2090 a
734 2041 1038 2091 fecunditate
1059 2051 1260 2090 vocatur
1282 2059 1294 2102 3
1318 2042 1521 2090 feracior
1546 2050 1618 2089 est
1642 2039 1772 2089 enim
1799 2040 2055 2089 arboribus

306 2125 494 2171 ceteris.
586 2126 716 2172 Nam
756 2133 928 2187 terque
967 2132 1238 2187 quaterque
1275 2140 1362 2186 per
1400 2122 1617 2186 singulos
1660 2139 1815 2171 annos
1856 2132 2055 2186 generat

305 2206 531 2264 fructum,
568 2215 718 2268 atque
754 2207 907 2254 altero
951 2214 1312 2254 maturescente
1349 2206 1470 2253 alter
1509 2204 1742 2253 oboritur.
1831 2203 1967 2252 Hinc
2006 2213 2053 2252 et
2078 2219 2126 2261 25

305 2286 492 2335 caricae
520 2304 549 2334 a
578 2287 721 2350 copia
750 2287 1047 2336 nominatae.
1131 2286 1278 2335 Ficus
1316 2286 1559 2349 Aegyptia
1594 2285 1852 2335 fecundior
1888 2287 2050 2344 fertur,

304 2367 443 2416 cuius
468 2368 656 2431 lignum
682 2369 733 2417 in
762 2387 942 2433 aquam
980 2369 1186 2418 missurn
1218 2368 1332 2417 ilico
1369 2368 1612 2432 mergitur,
1642 2377 1689 2417 et
1720 2384 1832 2416 cum
1859 2367 1909 2415 in
1933 2367 2052 2415 limo

302 2449 590 2513 aliquandiu
615 2450 830 2511 iacuerit,
859 2451 1043 2500 deinde
1075 2452 1125 2498 in
1151 2449 1461 2514 superficiem
1493 2449 1762 2499 sustollitur
1785 2465 1923 2498 versa
1947 2448 2053 2498 vice

359 2593 376 2618 1
410 2579 634 2620 Oleomela
655 2580 746 2618 DK
760 2595 768 2619 :
801 2580 1015 2619 Olomella
1041 2579 1094 2620 T:
1128 2579 1362 2618 Elaeomeli
1383 2578 1506 2619 Arev.
1716 2578 1919 2628 palmaria
1938 2578 2048 2618 codd.

301 2649 325 2685 3
356 2635 679 2674 crassitudinem
702 2635 745 2672 D
928 2636 1092 2685 saporis
1114 2635 1157 2674 D
1341 2647 1469 2673 suave
1490 2632 1550 2671 Kl
1751 2632 1966 2672 Pomedila
1991 2633 2048 2671 T:

303 2689 508 2740 Epimelis
530 2689 654 2730 Arev.
839 2704 864 2740 4
893 2691 1018 2729 arber
1044 2690 1082 2728 T
1231 2689 1410 2728 candido
1430 2688 1476 2726 K
1628 2687 1830 2740 dulcedo]
1853 2687 1988 2727 dulcis
2006 2687 2052 2726 K

301 2748 328 2783 6
358 2743 533 2795 exigua]
554 2744 799 2793 exstinguat
820 2745 864 2783 D
979 2745 1164 2784 Melosos
1183 2745 1252 2796 (ex
1268 2745 1361 2782 -ssos
1383 2748 1430 2782 ut
1446 2742 1526 2783 vid.
1557 2741 1612 2794 T)
1634 2742 1743 2782 codd.
1925 2755 1947 2790 7
1977 2742 2047 2791 qui

303 2813 352 2838 ea
371 2801 423 2839 lo.
444 2800 488 2838 D
638 2800 664 2837 8
695 2799 892 2849 Mespilia
917 2799 955 2837 T
1070 2800 1232 2838 fructus
1252 2798 1343 2836 DK
1482 2810 1529 2847 13
1557 2797 1794 2848 grustumia
1817 2796 1884 2848 (ex
1899 2797 2047 2848 ·miae)

304 2860 402 2893 sunt
422 2855 466 2893 D
570 2867 619 2903 14
649 2866 718 2903 po.
740 2854 832 2904 pira
853 2853 940 2892 DT
1008 2854 1185 2893 iumenti
1205 2853 1251 2891 K
1363 2865 1408 2902 17
1441 2853 1616 2892 delisset
1637 2851 1679 2889 D
1792 2864 1842 2900 19
1870 2852 1948 2890 hec
1973 2883 1981 2890 .
2004 2882 2013 2891 .
2038 2882 2046 2890 .

305 2916 427 2948 erant
448 2938 458 2949 .
479 2938 488 2948 .
511 2939 522 2950 .
548 2909 654 2948 dura
674 2908 719 2946 K
883 2922 950 2948 an.
975 2908 1160 2947 loculum
1181 2907 1226 2946 D
1382 2921 1436 2946 20
1464 2908 1578 2947 unde
1601 2936 1610 2945 .
1635 2938 1644 2947 .
1670 2937 1680 2946 .
1701 2919 1796 2956 app.
1819 2910 1884 2944 est
1905 2919 1986 2946 om.
2016 2906 2054 2945 T

304 2976 354 3002 21
385 2963 593 3003 asitilibus
613 2963 656 3002 D
832 2977 884 3012 24
915 2976 992 3014 per
1011 2963 1190 3013 singulis
1209 2962 1335 3001 annis
1357 2961 1395 2999 T
1564 2972 1616 3010 25
1645 2961 1782 3000 altero
1801 2959 1987 2999 aboritur
2003 2959 2049 2999 D

304 3020 356 3056 26
383 3019 531 3068 copiae
551 3018 618 3057 D:
649 3017 775 3056 Caria
799 3016 919 3056 Goetz
939 3019 981 3056 in
1010 3017 1120 3057 Thes.
1148 3017 1278 3056 Gloss.
1431 3030 1480 3066 27
1512 3029 1576 3055 cu.
1598 3016 1668 3065 lig.
1691 3016 1733 3053 in
1755 3028 1903 3064 aquam
1928 3016 2042 3066 (corr.

304 3074 427 3124 aqua)
451 3074 521 3111 diu
542 3074 620 3112 iac.
644 3072 688 3110 D
