2176 3424
382 113 1013 164 ETYMOLOGIARVM
1052 114 1181 161 LIB.
1222 114 1420 160 XVIII.
1458 111 1508 173 ii,
1533 112 1583 160 iii

107 261 221 292 nam
257 243 646 307 magnitudinem
679 244 985 292 accederent.
1059 243 1186 291 Inde
1220 250 1268 291 et
1300 243 1466 291 colore
1498 242 1607 289 rufo
1633 240 1851 304 perlinie-
1876 243 1911 289 6

107 406 336 455 carnifice
369 405 793 469 contingebantur,
821 404 872 453 id
907 420 1015 452 esse
1048 403 1287 452 indicium
1321 413 1374 452 ut
1406 406 1471 453 ad
1504 412 1695 452 tantum
1728 403 1856 452 fasti-

106 489 240 552 gium
274 489 426 537 evecti
462 486 813 536 mediocritatis
848 487 1095 534 humanae
1119 494 1566 535 commonerentur.
1642 486 1854 534 Duobus
1877 507 1906 556 7

61 594 83 633 5
107 579 272 619 autem
308 570 571 633 generibus
608 570 798 618 deletur
833 567 1072 617 exercitus
1091 586 1103 628 3
1143 576 1228 616 aut
1264 566 1602 626 internicione,
1642 576 1726 615 aut
1762 566 1856 615 dis-

109 652 350 718 persione.
444 649 700 700 Sallustius
747 648 902 713 (Hist.
954 650 1067 712 frag.
1119 649 1211 698 inc.
1265 648 1330 714 6),
1384 649 1631 708 ‘Hostes,'
1679 647 1852 711 inquit,

112 732 373 796 ‘oppressi,
423 741 506 780 aut
555 730 732 794 dilapsi
779 732 970 779 forent.'
1055 732 1135 780 Sic
1184 739 1232 779 et
1280 740 1545 793 utrumque
1594 729 1852 793 Vergilius.

111 813 448 863 Internicione
475 812 621 877 (Aen.
647 829 686 871 1,
708 812 820 876 69):

579 893 970 956 Submersasque
1006 892 1161 941 obrue
1198 892 1388 956 puppis.

38 1001 87 1030 10
113 975 430 1039 Dispersione
458 976 601 1040 (Aen.
629 992 667 1034 1,
691 974 804 1039 70):

367 1061 469 1106 Aut
505 1073 594 1120 age
630 1056 849 1105 diversos
885 1064 934 1105 et
970 1054 1148 1104 dissice
1185 1071 1391 1118 corpora
1427 1063 1595 1118 ponto.

110 1139 277 1203 Spolia
310 1139 557 1188 hostium:
612 1140 807 1202 praeda,
847 1138 1125 1196 manubiae,
1165 1137 1381 1197 exuviae,
1420 1145 1596 1200 partes.
1671 1136 1860 1184 Praeda
1885 1143 1914 1189 8

109 1239 138 1270 a
163 1223 449 1284 praedando
468 1230 654 1270 vocata.
720 1219 1005 1278 Manubiae,
1029 1235 1088 1268 eo
1109 1220 1245 1282 quod
1267 1217 1496 1267 manibus
1517 1218 1855 1267 detrahuntur.

115 1305 256 1352 Haec
289 1312 337 1351 et
370 1303 574 1352 exuviae
608 1303 671 1351 ab
706 1303 934 1351 exuendo
967 1300 1145 1361 dictae,
1173 1300 1289 1364 quia
1313 1309 1569 1349 exuuntur.
1643 1301 1787 1347 Haec
1812 1307 1860 1347 et

41 1408 86 1450 15
113 1393 272 1446 partes
309 1402 338 1433 a
374 1384 477 1448 pari
513 1383 755 1432 divisione
793 1400 880 1446 pro
918 1398 1236 1446 personarum
1275 1383 1524 1444 qualitate,
1552 1389 1600 1430 et
1633 1380 1859 1428 laborum

112 1465 238 1514 iusta
264 1466 530 1515 decisione.
606 1467 774 1528 Spolia
805 1473 970 1514 autem
1005 1480 1033 1512 a
1067 1463 1249 1526 palleis,
1279 1462 1419 1526 quasi
1445 1461 1682 1525 expallia3
1719 1459 1859 1509 victis

113 1547 243 1596 enim
270 1549 604 1597 detrahuntur.

250 1631 332 1677 DE
357 1644 539 1678 SIGNIS.
603 1630 749 1691 Signa
768 1627 1009 1676 bellorum
1032 1628 1261 1676 dicuntur
1286 1626 1423 1688 quod
1449 1641 1507 1674 ex
1526 1623 1601 1672 his
1622 1623 1862 1673 exercitus
1888 1635 1947 1674 111

115 1720 162 1759 et
187 1710 440 1774 pugnandi
474 1720 522 1759 et
554 1708 784 1758 victoriae
819 1709 1036 1771 receptui
1066 1708 1245 1770 accipit
1271 1706 1547 1770 symbolon.
1624 1707 1754 1754 Nam
1779 1714 1863 1753 aut·

41 1816 91 1844 20
115 1808 200 1854 per
247 1808 420 1841 vocem
470 1792 633 1850 tubae,
683 1800 766 1839 aut
813 1807 899 1854 per
946 1789 1207 1852 symbolon
1255 1788 1552 1836 admonetur
1607 1787 1860 1835 exercitus.

118 1872 390 1936 Legionum
418 1871 703 1935 principalia
730 1873 894 1935 signa:
933 1870 1142 1934 aquilae,
1169 1871 1409 1918 dracones
1436 1878 1484 1918 et
1509 1870 1649 1931 pilae.
1711 1867 1865 1930 Aqui·
1888 1885 1917 1919 2

115 1957 190 2003 lae
216 1956 342 2014 ideo,
371 1957 507 2017 quod
533 1955 708 2003 eadem
733 1954 834 2001 avis
863 1951 994 2001 Iovis
1020 1953 1069 1999 in
1094 1950 1240 1999 armis
1266 1949 1487 2014 auspicio
1513 1949 1668 1998 fuerit.
1731 1951 1863 1998 Nam

117 2037 237 2084 dum
275 2036 407 2085 idem
447 2035 578 2084 Iovis
615 2037 848 2084 adversus
885 2035 1088 2081 Titanas
1125 2031 1527 2095 proficisceretur,
1566 2030 1782 2094 aquilam
1819 2030 1864 2079 ei

118 2118 168 2164 in
192 2118 413 2180 auspicio
446 2116 729 2180 apparuisse
761 2117 922 2164 ferunt
940 2131 953 2175 ;
990 2130 1139 2176 quam
1175 2114 1255 2162 ille
1290 2129 1378 2175 pro
1411 2111 1596 2161 indicio
1632 2111 1864 2160 victoriae

46 2216 93 2257 25
118 2208 373 2262 acceptam
409 2200 589 2248 tutelae
623 2213 740 2246 suae
773 2196 1068 2259 auspicatus,
1100 2211 1209 2243 eam
1249 2193 1428 2258 legioni
1466 2193 1659 2257 signum
1697 2193 1835 2243 dedit
1853 2211 1865 2253 3

119 2297 219 2343 quo
266 2282 449 2329 factum
498 2289 571 2329 est
618 2289 671 2327 ut
718 2280 953 2341 deinceps
1002 2276 1213 2325 militum
1263 2275 1411 2339 signis
1460 2274 1861 2324 committeretur.

121 2361 274 2412 Cuius
300 2361 524 2411 meminit
549 2363 780 2410 Lucanus
806 2359 976 2409 dicens
1002 2358 1070 2422 (1,
1094 2357 1142 2423 7>
1164 2377 1173 2406 ε

180 2505 197 2530 1
230 2491 360 2531 rubeo
389 2491 446 2530 T2
530 2490 837 2541 perliniebatur
858 2488 957 2527 C1K
1066 2502 1090 2527 2
1120 2503 1144 2528 a
1166 2501 1250 2527 om.
1279 2488 1317 2527 T
1422 2502 1446 2537 4
1477 2487 1613 2539 hum.]
1637 2487 1869 2527 nomineK

121 2559 145 2595 5
175 2552 313 2585 autem
333 2559 415 2585 om.
438 2545 483 2583 K
606 2559 626 2594 7
659 2545 869 2594 utrimque
890 2544 936 2582 K
1055 2556 1080 2593 9
1108 2544 1289 2582 obruere
1314 2543 1351 2581 T
1479 2555 1524 2582 11
1557 2555 1684 2592 agere
1707 2542 1758 2581 di.
1779 2541 1836 2579 Β1
1857 2556 1865 2581 :

122 2601 422 2650 agendiversos
469 2601 528 2639 T:
574 2613 654 2649 age
693 2600 884 2638 diversas
924 2597 970 2635 K
1207 2599 1322 2637 disce
1369 2598 1404 2636 T
1648 2609 1790 2646 pongo
1836 2596 1873 2634 T

127 2668 175 2693 12
205 2655 384 2705 Expolia
403 2654 444 2693 B
621 2667 669 2704 13
698 2653 742 2704 a]
763 2654 815 2692 ad
838 2652 894 2689 Β1
1047 2652 1160 2692 Man.
1184 2659 1333 2692 vocata
1354 2652 1505 2703 (delet.)
1527 2665 1577 2690 eo
1598 2652 1644 2690 K
1795 2651 1866 2690 de-

123 2711 294 2748 trahunt
314 2709 354 2746 B
506 2721 554 2760 14
584 2714 626 2747 et
639 2721 720 2748 om.
737 2708 771 2746 C
881 2708 1036 2746 dictum
1056 2706 1105 2744 Cl
1261 2719 1308 2756 15
1340 2706 1570 2758 divisione]
1589 2705 1808 2744 decisione
1824 2704 1870 2743 K

128 2766 177 2803 16
206 2763 318 2815 dec.]
340 2763 547 2803 divisione
575 2762 630 2800 T2
650 2762 711 2814 (vi
732 2776 830 2802 corr.
854 2762 897 2800 in
920 2765 1021 2814 ras.)
1198 2761 1382 2812 Expolia
1397 2760 1438 2798 B
1613 2761 1724 2810 palla
1745 2760 1808 2798 eis
1836 2759 1873 2797 T

123 2819 242 2868 quasi
262 2832 345 2857 om.
371 2818 422 2858 Cl
563 2830 611 2867 19
641 2817 855 2867 pugnandi
876 2823 917 2855 et
936 2830 1020 2855 om.
1042 2814 1132 2854 ΚΝ
1145 2815 1246 2865 (non
1271 2816 1330 2869 U)
1497 2829 1550 2855 20
1579 2813 1724 2865 tubae]
1746 2814 1868 2853 nobis

125 2871 215 2911 KN
227 2873 329 2925 (non
354 2873 411 2923 U)
588 2872 896 2911 admonebatur
918 2871 954 2910 C
972 2871 1074 2923 (non
1091 2869 1136 2908 N
1141 2870 1198 2921 U)
1400 2883 1447 2908 21
1481 2875 1524 2908 et
1543 2869 1654 2919 pilae
1675 2882 1758 2908 om.
1781 2867 1872 2906 KN

129 2928 231 2977 (non
256 2927 316 2980 U)
485 2940 537 2966 22
568 2926 657 2966 Iovi
677 2925 874 2965 Schwarz
981 2925 1214 2976 auspicium
1235 2924 1280 2963 K
1445 2937 1497 2973 23
1527 2925 1806 2974 proficeretur
1823 2922 1870 2961 K

129 2982 234 3032 prof.
256 2995 321 3031 aq.
344 2994 472 3032 usque
488 2981 546 3020 ad
562 2980 631 3020 alii
653 2980 818 3020 Graeco
840 2983 918 3031 (υς.
939 2980 984 3030 3)
1006 2980 1154 3019 desunt
1172 2979 1214 3018 in
1241 2978 1298 3016 W
1573 2991 1626 3028 24
1655 2978 1698 3018 in
1720 2991 1803 3018 om.
1824 2977 1871 3016 K

128 3035 312 3086 auspicia
330 3035 546 3087 aperuisse
569 3034 619 3074 Cl
730 3047 781 3085 25
812 3035 991 3085 legionis
1020 3033 1057 3072 T
