2176 3424
1082 131 1353 180 ISIDORI

169 268 246 319 37,
276 258 339 318 38
365 257 574 306 fuerunt.
650 258 891 308 Caesarea
928 260 1278 324 Cappadociae
1304 299 1313 309 .
1345 300 1354 310 .
1383 300 1393 311 .
1421 264 1630 312 Tarsum
1668 263 1872 315 Ciliciae
1910 267 2108 315 Danaes

365 340 526 402 proles
558 342 767 389 Perseus
801 340 1092 392 aedificavit.
1167 345 1246 392 De
1279 361 1376 407 qua
1409 344 1604 394 civitate
1641 346 1731 395 fuit
1761 348 1942 396 Paulus
1977 351 2109 412 Apo-

366 422 523 471 stolus
572 421 705 487 (Act.
723 425 897 487 Apost.
921 441 996 484 22,
1018 423 1100 489 3);
1162 426 1376 475 ‘Natus'
1425 426 1598 490 inquit,
1645 430 1827 478 ‘Tarso
1875 429 2107 480 Ciliciae!

366 503 586 566 Quidam
645 504 793 554 etiam
851 507 989 555 locus
1050 506 1224 557 Indiae
1282 510 1465 557 Tarsus
1523 519 1736 560 vocatur.
1833 511 2108 561 Seleuciam

366 587 582 635 Isauriae
621 586 847 636 condidit
888 588 1136 649 Seleucus,
1179 589 1263 653 qui
1305 599 1354 640 et
1391 590 1724 642 Antiochiam.
1799 595 1901 642 Ilus
1942 603 2107 643 autem
2133 617 2153 657 5

270 682 339 729 39
363 668 623 732 Apollonis
656 668 782 717 filius
817 669 867 718 in
902 670 1111 734 Phrygia
1145 671 1293 720 Ilium
1326 672 1565 722 condidit.
1638 677 1915 724 Amazones
1949 677 2110 739 Ephe-

363 769 471 800 sum
499 751 548 800 in
568 753 688 800 Asia
713 761 1101 803 construxerunt.
1152 756 1376 805 Theseus
1402 773 1516 805 vero
1541 758 1797 820 Smyrnam
1824 758 2106 818 construxit,

367 850 495 897 quae
534 836 761 883 Homero
798 844 975 897 poetae
1011 836 1166 899 patria
1203 837 1359 887 extitit
1377 857 1390 900 3
1437 848 1485 887 et
1521 848 1696 887 vocata
1732 840 1938 903 Smyrna
1973 842 2109 903 quod

271 929 341 977 40
367 917 471 966 eius
520 932 722 978 campos
772 918 950 965 Ermus
999 917 1174 968 fluvius
1224 928 1368 968 secat.
1447 919 1757 969 Dioscoriam
1807 922 2108 971 Colchorum

366 995 539 1044 urbem
564 993 832 1057 Amphitus
862 1004 910 1044 et
945 996 1146 1045 Cercius
1176 996 1371 1061 aurigae
1404 998 1621 1048 Castoris
1656 1008 1705 1048 et
1731 999 1944 1048 Pollucis
1970 1000 2110 1048 fabri·
2135 1017 2176 1046 rc

364 1085 609 1136 caverunt,
640 1093 697 1124 ex
731 1093 901 1125 eorum
927 1079 1130 1127 nomine
1164 1095 1272 1128 eam
1307 1080 1748 1144 cognominantes3
1782 1098 1899 1129 nam
1934 1082 2110 1131 Castor

280 1174 337 1220 41
363 1169 411 1207 et
442 1160 615 1207 Pollux
649 1160 837 1208 Graece
872 1162 1153 1224 Διόσκουροι
1184 1163 1506 1224 appellantur.
1582 1162 1877 1212 Nicomedia
1908 1180 1936 1212 a
1963 1165 2109 1212 Nico-

365 1242 516 1291 medo
542 1258 654 1304 rege
681 1241 942 1305 Bithyniae
966 1242 1225 1293 aedificata
1251 1253 1335 1292 est.
1414 1244 1645 1308 Bithynia
1675 1244 1876 1293 condita
1900 1261 1929 1293 a
1955 1246 2110 1295 Phoe-

270 1337 336 1384 42
363 1323 486 1382 nice,
515 1340 642 1386 quae
678 1323 888 1386 primum
917 1324 1243 1389 Mariandyna
1268 1326 1548 1376 vocabatur.
1622 1326 2108 1391 Constantinopolim

363 1406 537 1454 urbem
554 1405 796 1455 Thraciae
817 1406 1174 1457 Constantinus
1194 1425 1252 1457 ex
1271 1410 1475 1458 nomine
1493 1424 1582 1458 suo
1599 1408 1821 1467 instituit,
1839 1410 1994 1458 solam
2013 1411 2109 1458 Ro·
2138 1426 2176 1466 15

365 1504 477 1537 mae
503 1487 686 1537 meritis
713 1498 761 1537 et
786 1489 1009 1552 potentia
1032 1491 1375 1554 adaequatam.
1431 1493 1580 1539 Hanc
1614 1490 1867 1539 conditam
1893 1491 2106 1554 primum

359 1586 387 1619 a
413 1569 655 1619 Pausania
680 1587 791 1634 rege
817 1571 1182 1634 Spartanorum,
1212 1581 1259 1622 et
1285 1581 1510 1622 vocatam
1538 1572 1841 1636 Byzantium,
1869 1574 1946 1622 vel
1971 1574 2109 1636 quod

361 1660 552 1700 tantum
578 1660 713 1715 patet
738 1652 863 1702 inter
887 1652 1196 1703 Adriaticum
1222 1671 1356 1704 mare
1389 1664 1436 1703 et
1463 1654 1833 1719 Propontidem,
1861 1656 1937 1703 vel
1972 1656 2108 1718 quod

363 1735 423 1784 sit
457 1735 823 1798 receptaculum
858 1744 1011 1786 terrae
1046 1736 1293 1799 marisque
1327 1736 1495 1800 copiis.
1569 1737 1716 1786 Vnde
1748 1746 1796 1785 et
1833 1752 1943 1785 eam
1981 1737 2110 1786 Con-

361 1816 605 1867 stantinus
630 1816 934 1882 aptissimam
959 1819 1174 1868 condere
1200 1818 1447 1878 iudicavit,
1476 1827 1529 1867 ut
1554 1828 1602 1868 et
1627 1819 1989 1883 receptaculum
2015 1817 2109 1867 sibi
2133 1834 2172 1863 2<

362 1908 488 1949 terra
520 1899 740 1964 marique
774 1900 924 1950 fieret.
998 1901 1146 1950 Vnde
1180 1910 1227 1950 et
1252 1917 1385 1949 nunc
1412 1900 1628 1949 Romani
1662 1899 1853 1963 imperii
1886 1901 2028 1949 sedes
2062 1909 2109 1949 et

273 2003 340 2050 43
363 1983 513 2033 totius
549 1991 697 2046 caput
733 1990 806 2032 est
841 1981 1056 2043 orientiS,
1096 1981 1222 2032 sicut
1258 1991 1306 2031 et
1343 1984 1506 2031 Roma
1541 1981 1826 2031 occidentis,
1903 1980 2107 2044 Epirum

270 2082 339 2130 44
362 2065 531 2115 civitas
550 2064 792 2114 Thraciae
817 2065 1019 2115 condita
1044 2074 1117 2114 est
1140 2081 1169 2114 a
1189 2066 1375 2128 Pyrrho
1401 2073 1449 2114 et
1473 2063 1835 2128 cognominata.
1886 2064 2108 2112 Athenas

361 2148 411 2196 in
451 2148 667 2197 Hellade
711 2148 929 2211 Cecrops
971 2146 1211 2206 condidit,
1250 2155 1298 2195 et
1340 2164 1399 2196 ex
1441 2163 1530 2195 suo
1572 2145 1774 2194 nomine
1818 2144 2108 2209 Cecropiam

362 2225 649 2275 nominavit.
740 2227 889 2274 Hanc
925 2225 1278 2289 Amphictyon,
1317 2225 1451 2274 idem
1488 2224 1573 2287 qui
1609 2224 1659 2272 in
1696 2223 1904 2274 Graecia
1939 2223 2107 2272 tertius
2133 2244 2166 2283 25

362 2317 472 2371 post
509 2307 786 2370 Cecropem
824 2306 1055 2371 regnavit,
1085 2306 1342 2355 Minervae
1379 2305 1584 2355 sacravit
1620 2315 1668 2354 et
1705 2322 1890 2354 nomen
1925 2304 2108 2353 civitati

362 2391 584 2438 Athenas
611 2389 748 2438 dedit
766 2407 779 2449 3
815 2406 930 2437 nam
959 2388 1186 2438 Minerva
1210 2391 1400 2438 Graece
1424 2388 1599 2452 Ἀθήνη
1625 2388 1814 2436 dicitur.
1888 2389 2035 2436 Vnde
2061 2398 2108 2436 et

421 2534 438 2559 1
472 2520 629 2559 suerint
660 2519 718 2558 B1
883 2520 1081 2559 Cessaria
1111 2519 1235 2560 Bern.
1258 2519 1406 2570 fraga:
1436 2519 1690 2557 Caesaream
1723 2518 1789 2558 B:
1821 2517 2048 2557 Cesaream
2078 2517 2115 2556 T

363 2590 388 2626 3
417 2575 505 2626 inq.
527 2576 567 2613 in
590 2575 687 2615 Tar.
705 2573 740 2613 C
753 2573 857 2627 (non
877 2575 1148 2625 Bermfrag.)
1243 2587 1267 2623 4
1297 2574 1411 2612 india
1431 2579 1471 2612 et
1487 2574 1658 2612 tharsus
1685 2572 1723 2610 T
1807 2574 1834 2611 6
1863 2572 2061 2623 apollinis
2076 2572 2111 2611 C

366 2634 468 2684 (non
501 2628 626 2669 Bern.
645 2629 784 2681 frag.)
953 2644 974 2680 7
1006 2630 1206 2668 smirnam
1241 2628 1300 2668 C:
1329 2628 1546 2668 ismirnam
1584 2627 1621 2665 T
1645 2627 1769 2668 Bern.
1792 2627 1904 2678 frag.
1932 2628 2008 2679 (m.
2035 2627 2104 2678 1):

362 2686 564 2725 zmirnam
581 2684 628 2722 K
753 2686 778 2723 8
807 2685 963 2724 smirna
982 2682 1061 2722 BC
1067 2683 1105 2723 T
1119 2698 1128 2724 :
1155 2683 1315 2723 zmirna
1335 2682 1381 2720 K
1505 2696 1532 2733 9
1561 2682 1686 2721 ermis
1706 2681 1753 2719 K
1860 2681 2105 2720 Dioscoram

364 2741 430 2780 K:
462 2739 767 2778 Dioscuriaden
794 2740 940 2791 (-cor-)
970 2738 1111 2778 Solinz'
1128 2737 1240 2778 codd.
1430 2750 1477 2776 10
1507 2736 1781 2787 amphitiatus
1811 2735 1882 2774 K:
1912 2736 2104 2774 amfiatus

364 2795 406 2834 Β
499 2793 656 2834 certius
675 2794 717 2831 Β
738 2808 746 2832 :
777 2795 945 2834 circitus
967 2792 1026 2833 C:
1055 2791 1299 2833 circitiusK
1317 2808 1325 2832 :
1355 2792 1507 2831 circius
1535 2791 1573 2831 T
1672 2790 1835 2841 pollicis
1859 2789 1910 2829 C1
2001 2789 2103 2828 fabr.

365 2857 408 2890 et
440 2863 495 2889 ex
535 2848 573 2887 T
734 2861 784 2899 14
814 2849 1052 2887 mirandina
1085 2847 1197 2887 codd.
1369 2859 1415 2896 17
1446 2847 1624 2897 pausina
1656 2844 1744 2883 ΒΚ
1749 2844 1803 2883 T:
1833 2856 2022 2894 pausana
2057 2843 2105 2883 C¹

364 2905 590 2944 bizantium
612 2902 724 2943 codd.
839 2905 888 2942 18
908 2904 1021 2953 quod
1042 2902 1177 2953 possit
1198 2901 1247 2940 Cl
1264 2916 1272 2940 ε
1303 2901 1403 2951 quia
1423 2901 1477 2940 sit
1496 2902 1538 2939 B
1649 2913 1698 2949 19
1727 2904 1900 2949 recepta
1912 2899 2045 2937 celum
2074 2898 2112 2936 T

366 2959 553 3009 marique
586 2957 711 2997 CKT
815 2963 857 2996 et
893 2971 985 2997 eam
1019 2957 1112 2996 CT:
1153 2962 1195 2995 et
1226 2956 1292 2996 B:
1327 2969 1421 2995 eam
1456 2956 1502 2994 K
1661 2966 1715 2992 20
1743 2959 1785 2993 et
1815 2959 1860 2992 ut
1891 2952 1958 2992 B:
1990 2958 2034 2991 ut
2071 2953 2110 2992 T

363 3013 420 3052 ibi
441 3020 581 3053 terrae
597 3012 643 3050 K
749 3024 801 3051 22
831 3012 878 3051 si.
902 3012 985 3054 Ro.
1008 3018 1073 3051 est
1093 3024 1182 3053 occ.
1209 3010 1248 3048 T
1349 3024 1401 3060 24
1431 3010 1591 3049 elladas
1610 3007 1721 3049 codd.
1836 3018 1888 3058 25
1917 3007 2102 3046 anfixion

364 3068 389 3108 i.
410 3067 541 3108 B1K:
561 3067 754 3106 anfixion
769 3068 809 3106 id
829 3073 893 3105 est
911 3066 970 3106 C:
1001 3066 1282 3107 anfixionides
1306 3063 1343 3103 T
1447 3065 1499 3103 26
1518 3063 1696 3102 civitatis
1713 3063 1748 3102 C
1855 3075 1904 3111 27
1927 3075 2020 3101 nam
2038 3093 2044 3100 .
2063 3092 2073 3103 .
2091 3093 2100 3103 .
2171 3112 2174 3114 ,

361 3123 443 3163 dic.
466 3136 548 3162 om.
579 3122 618 3161 T

2151 3328 2176 3424 mma
2172 3313 2176 3315 .
2170 3297 2176 3300 .
2164 3272 2176 3285 ψ
2168 3224 2176 3229 .
