2228 3444
1100 201 1373 250 ISII)ORI

271 351 336 402 47
361 333 650 397 generaliter
675 334 884 396 scriptae
919 340 1048 380 sunt.
1123 331 1337 380 Iacobus
1373 339 1420 380 et
1448 333 1699 381 Iohannes
1730 341 1777 381 et
1813 333 1964 381 Iudas
2001 349 2111 381 suas

269 425 337 487 48
360 415 657 479 scripserunt
709 414 970 478 Epistolas.
1045 416 1200 462 Actus
1260 414 1614 476 Apostolorum
1675 413 1943 476 primordia
1997 413 2112 463 fidei

360 497 670 548 Christianae
695 497 745 545 in
770 495 999 560 gentibus
1026 504 1075 545 et
1099 495 1345 544 nascentis
1364 494 1618 544 Ecclesiae
1642 495 1895 544 historiam
1922 495 2110 559 digerit.

358 583 577 629 Actuum
603 580 961 643 Apostolorum
996 577 1285 641 scriptorem
1321 579 1509 626 Lucam
1536 594 1643 627 esse
1669 579 2033 641 evangelistam,
2061 579 2112 625 in

359 679 460 725 quo
486 678 634 726 opere
669 660 916 709 nascentis
953 659 1207 708 Ecclesiae
1239 659 1445 708 infantia
1477 659 1666 720 texitur,
1695 669 1743 709 et
1775 661 2111 723 apostolorum
2138 678 2158 718 5

265 764 336 814 49
359 744 562 793 historia
587 745 835 792 retinetur.
908 743 1058 791 Vnde
1083 751 1131 790 et
1157 744 1312 790 Actus
1339 744 1694 805 Apostolorum
1721 741 1912 790 dicitur.
1981 744 2114 804 Apo-

358 826 577 890 calypsin
603 825 783 874 librum
819 825 1072 872 Iohannes
1106 823 1405 887 evangelista
1438 823 1628 887 scripsit
1661 840 1722 873 eo
1748 833 1984 887 tempore,
2013 841 2113 887 quo

358 910 424 958 ob
451 907 688 972 evangelii
716 905 1136 971 praedicationem
1171 908 1222 954 in
1254 905 1463 955 insulam
1496 908 1742 955 Pathmon
1769 905 1973 955 traditur
1998 908 2113 956 rele-

356 1001 513 1054 gatus.
587 988 925 1053 Apocalypsin
951 998 1117 1037 autem
1143 1005 1201 1038 ex
1227 989 1420 1038 Graeco
1446 990 1495 1036 in
1523 990 1753 1036 Latinum
1788 987 2020 1037 revelatio
2045 987 2113 1035 in-

361 1081 664 1136 terpretatur.
739 1071 1000 1121 Revelatio
1034 1071 1167 1120 enirn
1202 1070 1381 1120 dicitur
1415 1072 1745 1120 manifestatio
1777 1088 1947 1120 eorum
1986 1088 2111 1134 quae
2140 1090 2188 1118 το

356 1154 654 1203 abscondita
673 1164 824 1213 erant,
845 1155 977 1202 iuxta
998 1156 1132 1216 quod
1160 1162 1208 1202 et
1234 1153 1338 1216 ipse
1359 1154 1610 1202 Iohannes
1631 1154 1750 1201 dicit
1769 1152 1832 1218 (1,
1859 1153 1931 1218 1):
1962 1157 2113 1217 ‘Apo-

358 1239 577 1301 calypsin
606 1239 720 1286 Iesu
748 1236 945 1296 Christi,
975 1253 1123 1299 quam
1151 1237 1289 1285 dedit
1322 1235 1390 1284 illi
1427 1238 1564 1284 Deus
1590 1237 1753 1299 palam
1779 1237 1937 1285 facere
1964 1236 2112 1284 servis

268 1331 334 1381 50
359 1318 488 1367 suis.'
561 1318 632 1366 Hi
658 1328 771 1367 sunt
798 1318 1058 1382 scriptores
1085 1335 1333 1367 sacrorum
1368 1317 1618 1378 librorum,
1649 1317 1733 1380 qui
1766 1334 1852 1381 per
1877 1319 2108 1382 Spiritum

358 1410 584 1450 sanctum
610 1403 870 1464 loquentes
896 1402 960 1450 ad
980 1399 1310 1449 eruditionem
1337 1409 1553 1449 nostram
1575 1408 1623 1449 et
1639 1409 1901 1463 praecepta
1916 1400 2112 1450 vivendi

280 1492 335 1540 51
358 1492 407 1532 et
447 1482 683 1531 credendi
721 1485 939 1546 regulam
976 1482 1387 1545 conscripserunt.
1464 1485 1659 1531 Praeter
1695 1483 1819 1530 haec
1854 1481 1948 1530 alia
1981 1483 2114 1530 volu-
2144 1503 2184 1542 15

359 1565 492 1613 mina
517 1566 800 1629 apocrypha
826 1573 1189 1628 nuncupantur.
1263 1566 1563 1627 Apocrypha
1597 1572 1762 1612 autem
1789 1563 1934 1624 dicta,
1963 1563 2014 1612 id
2040 1574 2113 1612 est

358 1657 558 1708 secreta,
585 1648 701 1711 quia
749 1649 797 1694 in
848 1646 1057 1695 dubium
1095 1648 1313 1695 veniunt.
1389 1648 1479 1694 Est
1526 1644 1659 1694 enim
1708 1662 1878 1694 eorum
1920 1647 2114 1694 occulta

358 1730 493 1794 origo
520 1747 612 1779 nec
638 1738 773 1793 patet
801 1729 1042 1790 Patribus,
1060 1746 1089 1777 a
1115 1729 1295 1792 quibus
1322 1744 1478 1791 usque
1503 1729 1567 1776 ad
1593 1743 1684 1776 nos
1703 1726 1967 1776 auctoritas
1984 1744 2113 1776 vera-

356 1812 488 1860 cium
515 1811 864 1874 scripturarum
890 1810 1160 1859 certissima
1185 1820 1233 1859 et
1259 1809 1513 1859 notissima
1539 1809 1852 1858 successione
1876 1809 2109 1872 pervenit.

271 1909 335 1958 52
359 1895 420 1942 In
462 1893 520 1942 iis
556 1892 850 1957 apocryphis
889 1892 978 1941 etsi
1013 1891 1259 1941 invenitur
1294 1891 1458 1954 aliqua
1494 1890 1683 1951 veritas,
1712 1900 1878 1940 tamen
1914 1900 2113 1955 propter
2138 1909 2189 1938 20

359 1978 513 2025 multa
545 1977 666 2024 falsa
699 1976 834 2023 nulla
867 1984 941 2023 est
967 1976 1016 2022 in
1054 1976 1123 2023 eis
1160 1973 1402 2022 canonica
1433 1972 1697 2021 auctoritas
1715 1991 1727 2034 3
1764 1989 1891 2036 quae
1921 1981 2052 2021 recte
2085 1990 2113 2021 a

357 2057 683 2122 prudentibus
720 2056 1000 2105 iudicantur
1036 2073 1138 2104 non
1175 2073 1280 2105 esse
1319 2072 1489 2104 eorum
1525 2056 1787 2115 credenda,
1816 2053 1994 2118 quibus
2032 2056 2114 2103 ad-

267 2156 330 2205 53
354 2140 647 2189 scribuntur.
722 2141 850 2187 Nam
896 2140 1051 2186 multa
1093 2147 1141 2186 et
1189 2138 1281 2186 sub
1324 2135 1610 2185 nominibus
1653 2137 2018 2200 prophetarum,
2065 2145 2112 2185 et

351 2221 623 2271 recentiora
649 2220 740 2269 sub
776 2219 1065 2268 nominibus
1098 2221 1437 2282 apostolorum
1471 2219 1534 2267 ab
1569 2218 1827 2266 haereticis
1861 2219 2110 2282 proferun-

349 2315 439 2365 tur,
460 2321 586 2367 quae
607 2302 774 2352 omnia
802 2302 894 2350 sub
920 2300 1123 2349 nomine
1148 2302 1540 2364 apocryphorum
1561 2299 1850 2348 auctoritate
1868 2299 2109 2349 canonica
2136 2321 2154 2348 2
2163 2321 2185 2360 5

355 2386 578 2450 diligenti
605 2385 968 2434 examinatione
994 2393 1183 2432 remota
1209 2393 1335 2432 sunt.

275 2480 335 2519 ΙΙΙ
496 2471 578 2516 DE
613 2481 991 2516 BIssLroTHECIs.
1067 2466 1379 2514 Bibliotheca
1410 2482 1439 2513 a
1473 2466 1665 2514 Graeco
1695 2480 1879 2512 nomen
1903 2463 2106 2527 accepit,

359 2566 418 2599 eo
455 2552 592 2613 quod
629 2549 696 2597 ibi
734 2550 1065 2597 recondantur
1107 2547 1228 2596 libri.
1304 2549 1435 2596 Nam
1470 2548 1681 2610 βιβλίων
1714 2546 1962 2606 librorum,
1994 2546 2110 2610 θήκη

307 2645 338 2681 2
359 2631 593 2696 repositio
618 2631 974 2694 interpretatur.
1009 2629 1370 2679 Bibliothecam
1388 2628 1580 2678 Veteris
1599 2627 1907 2677 Testamenti
1929 2629 2110 2676 Esdras

413 2777 438 2812 4
467 2763 509 2801 in
527 2774 610 2811 quo
624 2774 756 2811 opera
778 2773 968 2801 nasc.et:.
991 2761 1100 2799 texit
1129 2759 1166 2797 T
1326 2770 1350 2808 5
1389 2759 1546 2808 tegitur
1568 2758 1619 2797 C1
1783 2760 1810 2797 6
1839 2758 1952 2796 unde
1973 2764 2054 2797 act.
2081 2757 2115 2795 C

359 2819 385 2856 8
415 2818 468 2856 ob
490 2830 574 2856 om.
590 2814 679 2852 ΒΚ
682 2815 719 2854 Ο
832 2816 1154 2866 praedicatione
1171 2813 1300 2865 (pre-)
1319 2812 1364 2850 Κ
1367 2814 1404 2852 Ο
1532 2813 1671 2852 insula
1687 2812 1799 2852 codd.
1911 2813 2108 2862 pathmos

363 2871 495 2923 (-tm-)
517 2869 641 2909 BCK
802 2871 906 2920 fort.
927 2870 971 2908 in
993 2871 1132 2909 insula
1153 2869 1328 2908 Pathmo
1511 2868 1710 2919 religatus
1730 2866 1811 2906 BC
1829 2867 1929 2919 (—tas
1953 2866 2018 2917 C¹)
2048 2865 2086 2904 T
2100 2881 2110 2906 ε

361 2928 558 2976 alligatus
577 2925 662 2964 ΚΟ
805 2937 849 2962 11
884 2925 977 2975 ipsa
1000 2924 1049 2964 Cl
1209 2937 1256 2963 12
1285 2935 1411 2974 quem
1433 2922 1483 2961 C1
1633 2935 1683 2972 13
1712 2921 1801 2962 libr.
1825 2933 1932 2960 sacr.
1954 2921 2046 2961 libr.
2077 2920 2115 2958 T

364 2995 412 3030 14
441 2983 493 3021 ad
515 2994 598 3020 om.
620 2980 667 3018 K
805 2991 852 3028 15
884 2980 1077 3019 credenti
1101 2979 1151 3018 C1
1283 2990 1330 3026 17
1362 2990 1506 3016 earum
1525 2976 1651 3016 BCK
1778 2975 1942 3015 occulta
1961 2988 2045 3015 om.
2067 2975 2109 3013 B

363 3038 412 3074 18
441 3036 576 3088 patet]
602 3041 673 3086 pat
696 3034 746 3074 C1
856 3034 900 3085 a]
922 3048 946 3072 e
966 3033 1008 3072 Β
1119 3047 1170 3072 22
1201 3045 1347 3072 eorum
1368 3045 1451 3071 om.
1486 3030 1523 3070 T
1638 3044 1690 3081 23
1719 3030 1868 3082 proph.
1893 3059 1903 3070 .
1929 3060 1939 3070 .
1963 3060 1973 3071 .
1993 3042 2107 3070 nom.

364 3105 453 3130 om.
475 3090 516 3128 Β
646 3103 697 3139 24
729 3088 910 3128 rectiora
930 3089 975 3127 K
1103 3091 1156 3128 26
1186 3087 1502 3127 exanimatione
1526 3085 1575 3126 Cl
1715 3086 1768 3124 28
1796 3085 2110 3124 recondeantur

362 3143 459 3184 C¹T
565 3157 618 3195 29
650 3143 757 3183 Bibl.
782 3157 864 3182 om.
888 3142 934 3183 K
