2228 3444
370 164 642 214 ISIDORI
682 164 1316 214 ETYMOLOGIARVM
1357 167 1486 213 LIB.
1527 169 1618 215 VI.

146 304 270 354 sunt,
291 312 379 357 pro
396 311 495 343 uno
511 294 830 358 accipiuntur.
902 295 1099 345 Tertius
1121 294 1239 363 [est]
1257 298 1381 346 ordo
1407 297 1887 361 Hagiographorum,
1914 307 1943 356 7

144 375 195 424 id
235 385 308 424 est
346 385 515 425 sancta
553 376 885 438 scribentium,
922 377 973 425 in
1010 395 1111 441 quo
1149 387 1263 427 sunt
1298 378 1407 427 libri
1445 396 1640 439 novem,
1677 397 1887 443 quorum

145 457 329 521 primus
354 456 462 507 'Iob
485 477 497 518 3
532 461 779 508 secundus
814 459 1103 509 Psalterium
1122 479 1135 522 3
1172 459 1342 510 tertius
1381 462 1615 521 Masloth‚
1644 464 1781 525 quod
1815 471 1888 511 est

145 539 408 588 Proverbia
434 541 711 591 Salomonis
732 560 746 603 3
779 551 979 605 quartus
1001 543 1260 604 Coheleth,
1281 545 1417 607 quod
1438 553 1510 593 est
1531 543 1856 593 Ecclesiastes
1873 562 1884 603 3

96 639 116 678 5
143 620 342 684 quintus
378 621 452 671 Sir
475 622 715 684 hassirim,
755 626 891 688 quod
931 634 1003 674 est
1045 624 1313 675 Canticum
1346 625 1652 675 canticorum
1670 644 1684 687 3
1721 635 1886 675 sextus

145 703 323 752 Daniel
342 722 355 764 3
391 704 628 768 septimus
663 705 818 756 Dibre
843 706 1091 768 haiamim,
1122 710 1258 771 quod
1285 717 1356 757 est
1382 708 1531 757 verba
1556 708 1762 768 dierum,
1792 709 1887 758 hoc

141 793 215 834 est
241 786 654 850 Paralipomenon
672 807 684 849 3
721 798 922 838 octavus
944 791 1127 839 Esdras
1150 809 1163 850 3
1197 807 1359 839 nonus
1382 792 1566 840 Hester
1587 809 1600 851 3
1636 790 1721 854 qui
1740 790 1886 840 simul

141 883 315 916 omnes
347 868 578 932 quinque,
598 879 713 919 octo
739 880 787 920 et
813 888 992 920 novem
1020 873 1144 921 fiunt
1170 872 1340 936 viginti
1366 873 1482 933 duo,
1510 872 1636 922 sicut
1661 872 1885 937 superius

140 949 466 1012 conprehensi
482 961 610 1000 sunt.
684 952 902 1014 Quidam
919 963 1085 1003 autem
1109 955 1247 1003 Ruth
1264 963 1312 1004 et
1333 953 1532 1013 Cinoth‚
1553 957 1690 1018 quod
1711 954 1886 1005 Latine
1911 957 1941 1004 8

68 1048 117 1076 10
140 1029 318 1079 dicitur
343 1033 653 1083 Lamentatio
685 1035 937 1095 Ieremiae,
968 1036 1333 1100 Hagiographis
1365 1036 1601 1097 adiciunt,
1630 1046 1678 1087 et
1714 1037 1883 1101 viginti

139 1121 370 1175 quattuor
388 1115 641 1164 volumina
657 1117 966 1166 Testamenti
982 1118 1175 1167 Veteris
1195 1118 1394 1178 faciunt,
1407 1118 1541 1168 iuxta
1559 1119 1730 1184 viginti
1748 1130 1883 1183 quat-

137 1199 247 1239 tuor
271 1192 487 1242 seniores
514 1194 598 1258 qui
623 1204 737 1244 ante
764 1205 1089 1259 conspectum
1112 1197 1209 1246 Dei
1234 1197 1492 1247 adsistunt.
1568 1200 1786 1260 Quartus
1808 1207 1881 1248 est
1907 1211 1941 1259 9

135 1274 268 1334 apud
285 1291 376 1323 nos
393 1277 516 1325 ordo
535 1277 727 1326 Veteris
746 1278 1055 1327 Testamenti
1072 1296 1243 1328 eorum
1260 1279 1497 1328 librorum
1518 1280 1602 1343 qui
1619 1280 1670 1328 in
1685 1298 1879 1330 canone

138 1355 391 1405 Hebraico
429 1374 530 1406 non
581 1368 708 1407 sunt.
797 1362 1023 1421 Quorum
1067 1360 1252 1424 primus
1290 1361 1571 1424 Sapientiae
1606 1363 1729 1412 liber
1777 1374 1850 1413 est
1871 1382 1885 1424 3

65 1455 108 1495 15
134 1438 380 1486 secundus
402 1440 777 1490 Ecclesiasticus
797 1460 810 1502 3
834 1441 1002 1491 tertius
1023 1442 1244 1491 Thobias
1265 1461 1278 1503 3
1304 1453 1504 1506 quartus
1524 1446 1694 1494 Iudith
1714 1464 1724 1505 3
1747 1445 1885 1509 quin-

134 1527 210 1566 tus
228 1528 275 1567 et
291 1530 453 1570 sextus
473 1524 926 1573 Macchabaeorum
937 1543 951 1586 3
977 1542 1101 1588 quos
1122 1524 1235 1574 licet
1257 1525 1432 1574 Iudaei
1452 1526 1578 1576 inter
1596 1530 1879 1591 apocrypha

135 1611 373 1663 separant,
403 1603 610 1653 ecclesia
637 1614 802 1654 tamen
831 1605 1014 1656 Christi
1039 1606 1164 1656 inter
1189 1606 1382 1657 divinos
1401 1608 1552 1658 libros
1587 1618 1635 1658 et
1668 1611 1877 1659 honorat

133 1690 180 1728 et
217 1685 478 1744 praedicat.
554 1688 614 1734 In
650 1689 795 1736 Novo
825 1698 992 1737 autem
1025 1691 1349 1739 Testamento
1382 1692 1483 1740 duo
1514 1702 1628 1741 sunt
1665 1691 1877 1742 ordines.
1903 1701 1960 1735 10

135 1762 326 1812 Primus
352 1767 675 1829 evangelicus,
705 1768 753 1816 in
789 1787 888 1832 quo
920 1779 1033 1819 sunt
1069 1772 1368 1833 Matthaeus,
1399 1775 1613 1834 Marcus,
1645 1777 1804 1823 Lucas
1831 1785 1879 1823 et

59 1865 110 1892 20
137 1845 398 1895 Iohannes.
474 1850 731 1899 Secundus
758 1852 1071 1914 apostolicus,
1101 1852 1150 1901 in
1183 1871 1281 1916 quo
1316 1865 1429 1903 sunt
1462 1858 1641 1905 Paulus
1668 1855 1718 1904 in
1745 1866 1879 1920 quat-

133 1928 404 1976 tuordecim
456 1930 704 1994 Epistolis,
752 1936 922 1982 Petrus
967 1934 1016 1982 in
1065 1935 1273 1995 duabus,
1321 1938 1572 1986 Iohannes
1616 1937 1667 1986 in
1706 1937 1873 1998 tribus,

133 2009 345 2058 Iacobus
363 2020 411 2059 et
429 2013 579 2062 Iudas
601 2012 651 2061 in
669 2014 884 2076 singulis,
906 2018 1060 2064 Actus
1082 2019 1449 2079 Apostolorum,
1470 2029 1518 2068 et
1538 2019 1873 2083 Apocalypsin

131 2090 382 2140 Iohannis.
471 2096 674 2144 Summa
724 2106 890 2145 autem
932 2097 1185 2161 utriusque
1223 2101 1532 2149 Testamenti
1582 2101 1758 2151 trifarie
1806 2103 1875 2151 di·
1899 2117 1945 2151 11

129 2171 388 2235 stinguitur
409 2194 417 2223 ε
451 2175 502 2224 id
528 2186 601 2226 est
626 2177 677 2226 in
703 2178 919 2240 historia,
949 2179 1000 2228 in
1026 2181 1260 2241 moribus,
1290 2183 1340 2230 in
1365 2182 1607 2246 allegoria.
1683 2186 1873 2234 Rursus

57 2265 103 2306 25
127 2252 219 2302 ista
235 2255 324 2304 tria
344 2258 603 2308 multifarie
624 2259 932 2309 dividuntur:
959 2261 1010 2310 id
1027 2271 1100 2311 θεῖ
1121 2262 1241 2326 quid
1261 2280 1289 2311 a
1311 2266 1436 2324 Deo,
1456 2264 1576 2328 quid
1593 2265 1656 2314 ab
1673 2265 1874 2330 angelis,

127 2337 204 2384 vel
239 2337 303 2386 ab
356 2339 641 2389 hominibus
677 2352 870 2405 gestum
903 2342 1192 2407 dictumque
1231 2347 1325 2393 sit·
1373 2346 1494 2408 quid
1543 2364 1572 2394 a
1622 2348 1875 2410 prophetis

1313 2385 1325 2406 3

127 2418 405 2470 nuntiatum
423 2422 485 2470 de
507 2422 704 2472 Christo
730 2434 778 2473 et
803 2441 1008 2489 corpore
1034 2425 1136 2475 eius
1155 2445 1168 2487 3
1194 2427 1314 2490 quid
1339 2429 1402 2476 de
1429 2427 1630 2477 diabolo
1656 2438 1704 2478 et
1723 2447 1873 2479 mem-

184 2562 201 2586 1
235 2557 332 2588 sunt
351 2550 528 2602 ideoque
549 2566 626 2603 pro
648 2553 694 2591 K
711 2554 816 2606 (non
838 2555 899 2606 A)
1105 2557 1310 2607 accipitur
1337 2557 1387 2595 Tl
1573 2565 1636 2598 est
1657 2560 1746 2600 hab.
1771 2560 1870 2599 BC:

126 2617 206 2642 om.
231 2603 363 2643 KTU
530 2621 554 2658 3
580 2614 676 2660 post
694 2611 901 2650 secundus
922 2610 1017 2650 add.
1040 2612 1331 2661 saphertallim
1353 2613 1395 2651 id
1416 2619 1480 2652 est
1509 2613 1563 2651 Τ2
1690 2615 1869 2654 masloth

124 2658 271 2697 BCK:
302 2660 457 2700 maloth
486 2661 524 2700 T
641 2664 770 2714 quod]
795 2665 836 2703 id
856 2664 902 2702 K
1076 2681 1101 2715 4
1130 2668 1351 2706 adcoeleth
1372 2667 1518 2706 BKT1
1538 2683 1547 2707 :
1578 2669 1769 2708 adceolet
1791 2670 1842 2708 Cl
1862 2684 1870 2708 :

124 2712 379 2753 adcoheleth
408 2715 461 2752 T2
611 2729 634 2766 5
666 2719 855 2758 sirasirin
876 2719 1022 2759 BCT:
1054 2722 1258 2760 sirasirim
1279 2722 1325 2759 K
1477 2724 1640 2762 cantica
1661 2730 1770 2762 cant.
1792 2724 1874 2762 BC

124 2768 151 2804 6
181 2767 460 2808 dabraeiamin
493 2772 534 2809 Β
555 2786 563 2810 :
607 2773 865 2811 dabreiamin
905 2774 1009 2814 CT:
1054 2776 1304 2814 dabriiamin
1339 2775 1385 2813 K
1495 2792 1516 2827 7
1551 2778 1686 2817 Paral.
1721 2778 1789 2828 qui
1825 2784 1868 2815 et

125 2821 363 2861 Chronicon
384 2831 465 2864 oct.
489 2825 530 2862 Β
748 2841 774 2877 9
814 2829 956 2867 cinoth
977 2829 1118 2868 BCT:
1150 2832 1308 2880 cynoth
1329 2830 1376 2868 K
1583 2832 1717 2883 quod]
1739 2833 1807 2882 qui
1828 2831 1870 2869 Β

129 2888 176 2924 14
204 2890 287 2915 non
304 2885 400 2917 sunt
415 2879 529 2919 hebr.
549 2879 596 2918 K
707 2894 753 2930 15
774 2883 860 2921 tobi
877 2884 988 2923 codd.
1109 2886 1157 2921 16
1177 2898 1258 2934 quo
1277 2886 1436 2924 scilicet
1453 2886 1563 2925 DT:
1585 2899 1690 2936 quos
1706 2887 1868 2925 scilicet

127 2929 200 2969 C¹:
229 2944 314 2980 quo
331 2932 429 2972 licet
449 2933 513 2974 B:
544 2948 650 2984 quos
671 2937 797 2974 etiarn
818 2937 870 2975 H
886 2938 989 2989 (non
1019 2937 1152 2987 Trz'n.)
1269 2953 1316 2990 17
1337 2947 1537 2990 separent
1557 2941 1603 2978 K
1711 2941 1869 2981 Christi

124 2997 207 3024 om.
231 2985 275 3023 K
293 2988 397 3035 (non
410 2988 471 3039 A)
588 3003 636 3039 19
666 2991 768 3030 Luc.
790 2991 880 3030 Ioh.
905 2992 942 3030 T
1047 3006 1098 3031 22
1126 2992 1276 3043 Apost.
1295 2995 1431 3044 Apoc.
1453 2994 1532 3034 CK
1640 3008 1690 3045 23
1715 2995 1866 3035 Iohan-

124 3039 188 3077 nis
204 3053 287 3079 om.
310 3041 389 3079 BC
495 3057 545 3092 24
576 3057 678 3085 rnor.
702 3051 743 3083 et
765 3045 806 3084 in
827 3046 893 3085 all.
919 3046 965 3084 K
1072 3060 1123 3096 25
1143 3048 1221 3087 ista
1241 3049 1343 3100 tria]
1363 3050 1539 3088 historia
1559 3048 1605 3087 K
1710 3050 1763 3089 ad
1785 3052 1866 3090 deo

125 3093 179 3130 Β1
201 3095 254 3132 ad
275 3108 371 3144 ang.
397 3097 447 3134 Cl
556 3101 607 3137 26
629 3099 717 3151 vel]
740 3101 828 3150 quit
856 3099 893 3139 T
910 3102 954 3153 (i.
970 3115 999 3142 e.
1022 3102 1140 3154 quid)
1237 3104 1393 3143 dictum
1415 3105 1469 3143 sit
1497 3103 1534 3142 T
1639 3117 1688 3153 27
1720 3105 1863 3156 nunt.]

126 3149 454 3198 pronuntiantur
479 3150 516 3189 T
