2228 3444
151 2907 296 2933 eorum
318 2895 614 2936 instrumentis
633 2896 714 2935 BC

151 3002 194 3040 in
213 3002 352 3043 futuro
372 3005 418 3042 K

150 3056 327 3095 malibus
347 3058 392 3096 K

639 143 993 192 CAPITVLA
1043 143 1422 194 LIBRORVM

277 278 315 306 x.
341 264 414 307 De
451 263 577 308 libris
613 265 911 310 conficiendis
946 274 990 309 et
1033 266 1037 324 Ι

394 337 575 382 illorum
597 339 850 383 vocabulis.

254 410 310 453 xi.
337 411 410 454 De
442 412 694 456 canonibus
726 413 984 469 evangelio-

314 519 318 522 .
394 498 508 528 rum.

237 555 310 599 xii.
336 556 410 600 De
461 557 717 602 canonibus
774 559 991 604 concilio-

392 645 507 675 rum.

217 701 308 746 xiii.
334 705 407 748 De
430 705 560 761 cyclo
584 705 806 762 paschali.

217 775 305 818 xiv.
332 778 405 821 De
438 778 624 836 reliquis
646 777 986 823 festivitatibus.

234 863 305 892 xv.
331 851 403 894 De
425 850 601 895 officiis.

521 980 614 1023 VII

278 1063 305 1107 i.
332 1063 404 1108 De
429 1067 545 1110 Deo.

264 1135 306 1180 ii.
333 1138 405 1181 De
430 1139 547 1182 Filio
573 1141 674 1184 Dei.

246 1209 306 1253 iii.
332 1212 406 1254 De
431 1212 601 1268 Spiritu
625 1215 810 1259 Sancto.

253 1283 308 1327 iv.
335 1285 409 1328 De
430 1285 595 1329 eadem
617 1287 855 1334 Trinitate.

267 1372 308 1400 v.
334 1358 407 1401 De
428 1359 616 1414 angelis.

247 1429 303 1474 vi.
330 1432 402 1475 De
417 1431 679 1477 hominibus
690 1435 980 1493 quiquodam

389 1507 631 1562 praesagio
678 1509 868 1554 nomina
906 1524 981 1554 ac-

386 1588 621 1635 ceperunt.

231 1649 306 1694 vii.
331 1652 403 1695 De
425 1653 715 1708 patriarchis.

211 1723 302 1767 viii.
327 1724 401 1769 De
423 1727 671 1782 prophetis.

247 1796 301 1839 ix.
327 1798 399 1841 De
423 1801 656 1855 apostolis.

262 1885 301 1912 x.
329 1872 401 1914 De
433 1872 620 1929 reliquis
651 1873 696 1917 in
727 1876 980 1932 Evangelio

384 1944 663 1990 nominibus.

246 2016 301 2059 xi.
328 2018 400 2060 De
421 2020 712 2075 martyribus.

229 2089 304 2132 xii.
330 2091 402 2133 De
425 2091 615 2135 clericis.

215 2161 305 2204 xiii.
330 2163 403 2207 De
426 2165 678 2208 monachis.

217 2233 303 2278 xiv.
331 2237 403 2280 De
427 2237 589 2281 ceteris
640 2239 842 2282 fidelium
897 2254 979 2283 no-

438 2310 484 2353 in
504 2310 607 2354 bus.

475 2423 660 2467 VIIIA

277 2509 303 2551 i.
329 2510 402 2552 De
424 2510 620 2554 ecclesia
641 2518 685 2554 et
709 2526 959 2568 synagoga.

263 2581 307 2624 ii.
332 2582 405 2626 De
428 2582 648 2638 religione
670 2592 713 2627 et
737 2585 841 2628 fide.

242 2652 302 2696 iii.
329 2655 402 2698 De
423 2655 602 2699 haeresi
626 2663 671 2700 et
694 2656 908 2701 schisma.

245 2725 302 2770 iv.
327 2728 399 2770 De
410 2727 676 2772 haeresibus
690 2730 977 2776 Iudaeorum.

1173 282 1213 312 v.
1242 270 1314 312 De
1368 269 1638 314 haeresibus
1685 271 1907 315 Christia-

1314 355 1494 386 norum.

1404 443 1519 486 VIII
1548 445 1583 486 B

1202 521 1228 564 i.
1256 523 1328 566 De
1351 522 1639 581 philosophis
1662 524 1881 580 gentium.

1189 593 1231 638 ii.
1255 596 1330 638 De
1353 595 1511 651 poetis.

1165 667 1224 710 iii.
1250 669 1325 711 De
1350 668 1554 724 Sibyllis.

1170 740 1226 783 iv.
1253 742 1326 784 De
1349 743 1512 797 magis.

1186 828 1227 855 v.
1253 815 1327 857 De
1349 814 1559 870 paganis.

1167 883 1224 927 vi.
1250 885 1323 928 De
1347 884 1418 928 dis
1439 884 1661 940 gentium.

1453 979 1522 1021 IX

1199 1055 1225 1098 i.
1252 1057 1323 1099 De
1347 1054 1513 1111 linguis
1537 1056 1760 1111 gentium.

1181 1127 1223 1170 ii.
1250 1130 1321 1171 De
1343 1129 1548 1184 gentium
1571 1128 1822 1172 vocabulis.

1166 1200 1225 1243 iii.
1253 1202 1325 1244 De
1348 1202 1502 1257 regnis
1527 1201 1804 1258 militiaeque
1822 1216 1901 1245 vo-

1304 1274 1494 1317 cabulis.

1164 1346 1319 1405 iv.rDe
1341 1347 1533 1390 civibus.

1177 1435 1217 1462 v.
1244 1421 1316 1463 De
1339 1420 1655 1464 adfinitatibus
1679 1428 1722 1463 et
1746 1421 1900 1475 gradi-

1304 1494 1402 1537 bus.

1173 1565 1230 1609 vi.
1257 1568 1329 1610 De
1352 1567 1532 1622 agnatis
1557 1574 1602 1611 et
1625 1567 1851 1622 cognatis.

1159 1640 1233 1684 vii.
1260 1642 1331 1684 De
1355 1640 1592 1695 coniugiis.

1139 1713 1227 1756 viii.
1253 1715 1327 1755 De
1425 1712 1612 1770 reliquis
1703 1712 1897 1756 nomini-

1302 1787 1399 1830 bus.
1468 1784 1572 1844 <Χ>

1445 1888 1513 1930 ΧΙ

1192 1967 1218 2012 i.
1246 1969 1319 2010 De
1363 1967 1550 2010 homine
1593 1975 1636 2010 et
1687 1965 1896 2023 partibus

1301 2055 1413 2083 eius.

1176 2113 1217 2156 ii.
1245 2114 1317 2156 De
1339 2113 1568 2156 aetatibus
1591 2113 1807 2156 hominis.

1160 2185 1219 2229 iii.
1246 2187 1320 2230 De
1342 2187 1582 2243 portentiS.

1165 2258 1221 2301 iv.
1250 2260 1322 2303 De
1339 2258 1690 2302 transformatis.

1389 2356 1552 2415 (XII)

1176 2453 1216 2480 v.
1246 2440 1318 2482 De
1337 2439 1582 2494 pecoribus
1598 2446 1641 2482 et
1666 2437 1893 2481 iumentis.

1157 2511 1215 2554 vi.
1244 2513 1316 2554 De
1339 2510 1510 2555 bestiis.

1145 2584 1220 2630 vii.
1246 2585 1317 2627 De
1339 2583 1527 2628 minutis
1549 2583 1873 2627 animantibus.

1128 2657 1219 2701 viii.
1247 2659 1321 2701 De
1344 2656 1645 2714 serpentibus.

1165 2729 1220 2772 ix.
1246 2732 1319 2774 De
1343 2729 1590 2773 vermibus·

204 2852 244 2880 x.
269 2853 351 2882 om.
377 2841 432 2881 T:
467 2842 540 2882 xii.
560 2843 625 2881 De
643 2842 711 2881 lib.
730 2843 840 2884 conf.
901 2843 990 2885 xiii.
1018 2844 1082 2882 De
1104 2843 1302 2882 librorum
1323 2857 1412 2882 voc.
1475 2843 1558 2883 xiv.
1578 2842 1832 2881 Delibrariis
1853 2848 1896 2880 et

820 2897 902 2936 VII
923 2899 978 2939 vi.
1001 2911 1156 2937 nomen
1177 2897 1223 2936 K

1330 2898 1416 2937 xiii.
1435 2910 1516 2936 om.
1541 2897 1587 2935 K
1697 2896 1757 2933 IX
1778 2896 1804 2936 i.
1828 2895 1896 2936 vii.

153 2948 218 2988 De
248 2948 346 2999 ling.
369 2956 487 3000 gent.
547 2951 630 2991 viii.
653 2951 784 2991 Cuius
815 2953 929 2992 modi
959 2953 1104 3003 lingua
1133 2952 1249 2991 Deus
1275 2953 1317 2990 in
1340 2952 1548 3002 principio
1568 2951 1622 2989 sit
1642 2950 1809 2990 locutus
1829 2950 1896 2987 vel

261 3139 363 3180 1182

522 3005 606 3045 viii.
630 3019 711 3045 om.
733 3005 820 3046 BC.
878 3008 938 3046 Et
955 3011 1014 3047 est
1032 3020 1166 3046 revera
1185 3007 1251 3045 lib.
1272 3004 1317 3043 X

1489 3005 1550 3044 XI
1578 3004 1699 3057 (XII)
1719 3004 1787 3043 vii.
1809 3005 1896 3044 ani-
