2176 3424
322 86 949 134 ETYMOLOGIARVM
991 87 1120 133 LIB.
1160 87 1300 133 XIX.
1340 83 1498 142 xxxiii,
1525 84 1664 133 xxxiv

35 246 42 255 ι
121 215 256 276 quod
282 215 454 262 heroes
479 213 742 262 utebantur
760 231 772 273 3
809 214 897 262 sed
922 215 1018 261 tale
1043 223 1115 262 est
1141 223 1194 262 ut
1220 223 1266 262 et
1295 216 1343 260 in
1377 215 1550 262 dextro
1576 223 1623 262 et
1649 213 1698 261 in
1726 216 1866 262 laevo

121 294 382 343 conveniat
397 295 538 358 pede.
613 297 804 342 Baxeae
822 293 1199 343 calciamentum
1221 297 1577 343 comoedorum
1604 304 1719 354 erat,
1743 294 1868 343 sicut
1890 299 1925 345 6

121 376 483 440 tragoediorum
509 375 716 424 coturni.
791 377 932 437 Quos
966 375 1168 438 quidam
1201 378 1349 425 etiarn
1376 378 1576 425 calones
1600 378 1865 440 appellant,

122 476 182 507 eo
224 460 360 521 quod
403 475 460 506 ex
499 457 646 507 salice
684 459 855 507 fierent
876 476 888 519 3
942 475 1057 506 nam
1092 458 1282 517 Graeci,
1323 468 1377 506 ut
1413 458 1643 519 diximus,
1680 458 1867 522 lignum

78 566 100 605 5
123 546 243 589 κᾶλα
267 540 525 589 vocabant.
598 541 797 589 Talares
833 539 985 588 calcei
1022 540 1154 588 socci
1192 549 1325 601 sunt,
1356 539 1441 603 qui
1475 539 1592 590 inde
1626 539 1869 588 nominati
1893 545 1921 594 7

121 622 518 684 videntur.quod
548 637 606 669 ea
639 622 790 684 figura
819 623 915 669 sint
949 630 1001 669 ut
1041 621 1330 685 contingant
1366 624 1552 682 talum,
1589 623 1713 670 sicut
1750 621 1866 669 sub-

122 706 311 762 tolares,
341 705 477 766 quod
514 702 605 750 sub
643 704 742 751 talo
779 702 890 762 sint,
921 704 1061 766 quasi
1091 695 1375 753 subtalares.
1450 703 1723 767 Obstrigilli
1753 712 1867 752 sunt
1891 705 1921 751 8

123 785 206 849 qui
246 803 331 848 per
372 786 562 848 plantas
593 783 787 832 consuti
818 793 943 844 sunt,
982 793 1029 833 et
1066 802 1124 834 ex
1161 785 1399 849 superiori
1434 795 1569 848 parte
1606 784 1866 848 corrigium

125 867 329 916 trahitur
365 876 418 914 ut
450 865 879 929 constringantur,
927 867 1060 915 unde
1097 876 1145 915 et
1178 869 1509 916 nominantur.
1585 869 1711 917 Osas
1748 878 1869 930 puto
1893 880 1928 927 9

54 966 106 996 10
126 948 189 997 ab
220 965 274 997 os
303 948 514 1012 primum
544 949 710 1007 factas,
740 958 787 997 et
821 949 1043 1011 quamvis
1074 966 1207 997 nunc
1242 966 1300 997 ex
1336 948 1433 998 alio
1463 967 1660 1013 genere,
1686 966 1869 998 nomen

124 1040 290 1079 tamen
315 1029 573 1093 pristinum
600 1029 827 1078 retinent.
900 1030 1075 1079 Mullei
1095 1030 1278 1079 similes
1299 1041 1412 1079 sunt
1428 1041 1747 1080 coturnorum
1765 1033 1872 1080 solo
1894 1042 1954 1078 ιο

123 1115 237 1172 alto,
266 1111 502 1175 superiori
527 1122 692 1161 autem
723 1122 858 1174 parte
893 1129 1007 1160 cum
1038 1112 1190 1162 osseis
1221 1115 1297 1162 vel
1327 1116 1494 1162 aeneis
1526 1113 1779 1174 malleolis,
1808 1116 1871 1163 ad

125 1211 249 1258 quos
275 1196 376 1243 lora
401 1193 755 1257 deligabantur.
821 1193 953 1242 Dicti
974 1204 1086 1242 sunt
1111 1204 1276 1243 autem
1297 1213 1325 1243 a
1345 1197 1508 1244 colore
1528 1195 1691 1256 rubro,
1712 1197 1870 1259 qualis

125 1286 198 1325 est
234 1275 370 1324 mulli
407 1275 566 1339 piscis.
640 1278 812 1324 Soleae
851 1285 964 1324 sunt
1002 1275 1183 1339 quibus
1218 1285 1409 1325 tantum
1448 1279 1634 1340 pedum
1673 1279 1871 1340 plantae
1895 1292 1941 1326 11

54 1379 102 1420 15
127 1367 373 1421 teguntur,
407 1357 568 1406 dictae
608 1375 637 1405 a
680 1359 786 1406 solo
831 1359 1030 1421 pedum.
1121 1360 1249 1406 Item
1290 1360 1453 1407 soleae
1495 1358 1769 1408 materiales
1813 1377 1871 1408 ex

127 1439 327 1488 materia
346 1457 491 1488 coreo
516 1439 710 1488 intecta.
775 1439 935 1499 Socci,
960 1439 1098 1488 cuius
1124 1439 1473 1489 diminutivum
1499 1443 1679 1500 socelli,
1706 1443 1869 1504 appel·
1892 1452 1949 1487 12

125 1521 208 1569 lati
240 1521 356 1570 inde
393 1523 528 1585 quod
566 1538 764 1570 saccum
795 1521 1024 1581 habeant,
1062 1521 1111 1568 in
1145 1538 1245 1584 quo
1278 1539 1388 1585 pars
1428 1524 1625 1585 plantae
1659 1522 1870 1572 inicitur.

126 1603 406 1653 Calliculae.
469 1603 668 1667 Caligae
694 1604 769 1651 vel
794 1619 823 1651 a
847 1604 973 1651 callo
999 1604 1185 1666 pedum
1212 1605 1387 1662 dictae,
1411 1606 1488 1653 vel
1509 1604 1624 1667 quia
1644 1606 1867 1667 ligantur.

128 1687 258 1733 Nam
295 1684 428 1733 socci
464 1701 566 1733 non
602 1684 825 1747 ligantur,
856 1686 942 1732 sed
980 1694 1170 1732 tantum
1207 1684 1611 1734 intromittuntur.
1688 1687 1871 1735 Cernui
1895 1702 1950 1749 13

54 1797 107 1826 20
128 1766 259 1815 socci
301 1776 414 1815 sunt
453 1766 557 1816 sine
600 1768 720 1815 solo.
794 1765 1059 1830 Lingulati,
1097 1784 1221 1830 quos
1256 1784 1346 1816 nos
1386 1767 1579 1816 foliatos
1619 1785 1869 1817 vocamus.

127 1848 317 1899 Clavati
354 1846 518 1914 [quasi
554 1847 760 1909 claviati‚
800 1865 860 1896 eo
894 1850 1030 1911 quod
1068 1848 1268 1898 minutis
1306 1851 1468 1910 clavis,
1506 1849 1556 1899 id
1593 1860 1666 1899 est
1699 1852 1873 1910 acutis,

126 1933 230 1979 sola
248 1930 413 1993 caligis
433 1927 748 1996 vinciantur}
822 1933 1038 1978 Perones
1055 1940 1102 1979 et
1123 1931 1490 1994 <s>culponeae
1507 1931 1686 1980 rustica
1699 1929 1872 1980 ⁴calcia-

128 2022 292 2061 menta
335 2022 460 2061 sunt.
552 2014 715 2060 Baxea
755 2012 1078 2061 calciamenta
1117 2012 1376 2062 mulierum
1419 2024 1547 2062 sunt.
1622 2014 1871 2077 Corrigiae

126 2110 154 2142 a
179 2093 321 2143 coriis
347 2103 596 2153 vocantur,
625 2096 700 2142 vel
726 2111 754 2142 a
779 2094 1127 2157 conligatione,
1153 2095 1291 2157 quasi
1319 2094 1557 2158 colligiae.

187 2238 203 2263 1
227 2225 328 2263 utin
345 2225 409 2265 de.
423 2223 502 2263 CN
590 2238 614 2262 2
644 2224 920 2263 calciamenta
940 2224 977 2262 T
1052 2225 1161 2264 sicut
1174 2238 1254 2263 om.
1269 2223 1471 2275 KN(non
1490 2225 1546 2276 U)
1640 2238 1666 2274 3
1696 2226 1870 2265 colones

126 2279 167 2317 Β
276 2292 300 2328 4
330 2279 487 2318 fuerint
506 2278 548 2317 Β
642 2280 757 2328 greci
777 2292 826 2317 ex
850 2292 974 2328 grece
995 2277 1041 2316 K
1157 2292 1181 2328 5
1211 2280 1320 2318 κᾶλα
1344 2280 1471 2330 (cala)
1494 2294 1578 2320 om.
1602 2279 1652 2319 C1
1751 2281 1869 2319 calcii

127 2333 195 2372 K:
225 2333 328 2372 calci
344 2333 431 2372 BT
533 2334 604 2384 qui
626 2341 669 2372 et
690 2334 789 2372 inde
814 2334 848 2372 C
968 2337 994 2372 6
1024 2339 1120 2372 sunt
1144 2335 1178 2373 C
1285 2335 1519 2373 subtalares
1538 2335 1579 2373 B
1708 2348 1728 2383 7
1761 2337 1870 2375 talos

127 2387 248 2426 BCT
390 2394 488 2427 sunt
515 2387 552 2425 T
703 2388 920 2437 Obstigilli
949 2389 1002 2429 T:
1035 2389 1298 2438 Obstringilli
1321 2388 1412 2427 KU
1586 2391 1611 2427 8
1645 2395 1765 2439 parte
1785 2403 1866 2428 om.

126 2442 216 2480 KN
234 2444 337 2493 (non
363 2442 418 2494 U)
532 2442 756 2493 corrigiam
786 2442 908 2482 T2U:
937 2444 995 2481 ·ia
1022 2443 1110 2481 dett.
1285 2458 1333 2482 10
1362 2444 1414 2482 ab
1435 2445 1512 2482 hos
1533 2443 1600 2482 B:
1630 2444 1681 2482 ab
1703 2457 1778 2483 oso
1800 2443 1870 2483 K:

127 2497 180 2535 ab
201 2497 347 2536 ovibus
374 2497 527 2549 T(non
554 2497 612 2549 U)
722 2511 831 2536 nunc
853 2498 936 2536 sint
956 2511 1010 2536 ex
1038 2497 1076 2535 T
1224 2511 1268 2536 11
1303 2498 1485 2537 Mulleae
1510 2498 1558 2537 Cl
1725 2511 1772 2536 12
1802 2499 1871 2537 vel

128 2551 245 2603 aen.]
267 2552 459 2590 auleneis
477 2550 524 2588 K
541 2553 646 2604 (non
665 2551 770 2603 ΝΠ)
902 2565 950 2601 13
978 2553 1070 2591 loro
1097 2551 1145 2590 T¹
1277 2567 1324 2602 14
1356 2553 1482 2592 Solae
1502 2553 1543 2590 Β
1676 2564 1723 2601 15
1752 2554 1870 2592 solae

130 2605 197 2646 B:
226 2606 343 2645 solea
370 2607 406 2645 T
558 2610 606 2646 16
636 2607 800 2646 intexta
820 2607 950 2645 codd.:
978 2620 1080 2646 corr.
1101 2606 1227 2646 Arev.
1357 2609 1529 2647 soccelli
1549 2607 1615 2645 K:
1647 2607 1816 2646 succelli
1841 2607 1878 2645 T

133 2673 179 2710 17
211 2661 344 2712 quod]
366 2675 446 2711 qua
463 2660 521 2698 Βι
739 2662 892 2700 siccum
922 2661 959 2700 T
972 2666 1066 2700 ante
1083 2675 1205 2700 corn:
1234 2674 1401 2701 soccum
1419 2662 1497 2702 BC
1503 2663 1539 2701 T
1553 2676 1602 2701 ex
1618 2676 1740 2701 corn:
1770 2675 1868 2701 corr.

128 2715 252 2756 Arev.
443 2716 605 2756 inititur
643 2715 689 2752 K
880 2717 927 2755 18
957 2730 981 2755 a
1021 2715 1128 2754 collo
1169 2715 1206 2753 T
1393 2730 1440 2766 19
1471 2723 1524 2757 ta.
1564 2717 1788 2755 mittuntur
1823 2717 1870 2756 C¹

129 2770 287 2809 Cornui
325 2770 362 2808 T
528 2784 577 2808 21
609 2771 728 2819 quasi
764 2801 772 2809 .
809 2799 817 2809 .
855 2801 863 2809 .
906 2771 1015 2810 vinc.
1050 2771 1142 2809 hab.
1186 2770 1242 2810 T:
1272 2785 1355 2810 om.
1390 2771 1513 2811 BCK
1636 2771 1802 2810 calibati
1843 2771 1880 2809 T

130 2837 181 2863 22
209 2825 429 2875 culponiae
447 2824 557 2864 BK:
589 2825 781 2875 culponei
805 2825 882 2864 CT
987 2839 1039 2874 24
1063 2825 1209 2869 ,coreis
1228 2825 1314 2863 BT
