<?xml version="1.0" encoding="UTF-8"?>
<!DOCTYPE html PUBLIC "-//W3C//DTD XHTML 1.0 Transitional//EN"
    "http://www.w3.org/TR/xhtml1/DTD/xhtml1-transitional.dtd">
<html xmlns="http://www.w3.org/1999/xhtml" xml:lang="en" lang="en">
 <head>
  <title>
</title>
<meta http-equiv="Content-Type" content="text/html;charset=utf-8" />
  <meta name='ocr-system' content='tesseract 3.04.00' />
  <meta name='ocr-capabilities' content='ocr_page ocr_carea ocr_par ocr_line ocrx_word'/>
</head>
<body>
  <div class='ocr_page' id='page_1' title='image "./isidori01isiduoft/isidori01isiduoft_0521.png"; bbox 0 0 2176 3424; ppageno 0'>
   <div class='ocr_carea' id='block_1_1' title="bbox 399 148 1544 197">
    <p class='ocr_par' dir='ltr' id='par_1_1' title="bbox 399 148 1544 197">
     <span class='ocr_line' id='line_1_1' title="bbox 399 148 1544 197; baseline 0.001 -2"><span class='ocrx_word' id='word_1_1' title='bbox 399 148 1029 197; x_wconf 87' lang='lat' dir='ltr'><strong>ETYMOLOGIARVM</strong></span> <span class='ocrx_word' id='word_1_2' title='bbox 1071 150 1198 196; x_wconf 90' lang='lat' dir='ltr'>LIB.</span> <span class='ocrx_word' id='word_1_3' title='bbox 1240 150 1387 196; x_wconf 89' lang='lat' dir='ltr'><strong>XIII.</strong></span> <span class='ocrx_word' id='word_1_4' title='bbox 1430 149 1544 197; x_wconf 81' lang='lat' dir='ltr'>iii-v</span> 
     </span>
    </p>
   </div>
   <div class='ocr_carea' id='block_1_2' title="bbox 0 276 1898 2557">
    <p class='ocr_par' dir='ltr' id='par_1_2' title="bbox 94 276 1894 506">
     <span class='ocr_line' id='line_1_2' title="bbox 99 276 1894 344; baseline 0.002 -19"><span class='ocrx_word' id='word_1_5' title='bbox 99 292 239 325; x_wconf 90' lang='lat' dir='ltr'>cursu</span> <span class='ocrx_word' id='word_1_6' title='bbox 267 276 480 325; x_wconf 89' lang='lat' dir='ltr'>siderum</span> <span class='ocrx_word' id='word_1_7' title='bbox 507 285 555 325; x_wconf 90' lang='lat' dir='ltr'>et</span> <span class='ocrx_word' id='word_1_8' title='bbox 581 277 694 325; x_wconf 89' lang='lat' dir='ltr'>ratis</span> <span class='ocrx_word' id='word_1_9' title='bbox 721 277 908 340; x_wconf 86' lang='lat' dir='ltr'>legibus</span> <span class='ocrx_word' id='word_1_10' title='bbox 936 278 1143 341; x_wconf 85' lang='lat' dir='ltr'>fixisque</span> <span class='ocrx_word' id='word_1_11' title='bbox 1170 279 1432 326; x_wconf 86' lang='lat' dir='ltr'>firmatum.</span> <span class='ocrx_word' id='word_1_12' title='bbox 1507 280 1765 328; x_wconf 82' lang='lat' dir='ltr'><strong>Interdum</strong></span> <span class='ocrx_word' id='word_1_13' title='bbox 1791 288 1839 328; x_wconf 91' lang='lat' dir='ltr'>et</span> <span class='ocrx_word' id='word_1_14' title='bbox 1863 298 1894 344; x_wconf 88' lang='lat'><strong>3</strong></span> 
     </span>
     <span class='ocr_line' id='line_1_3' title="bbox 96 357 1841 424; baseline 0.003 -19"><span class='ocrx_word' id='word_1_15' title='bbox 96 358 285 406; x_wconf 88' lang='lat' dir='ltr'>caelum</span> <span class='ocrx_word' id='word_1_16' title='bbox 317 374 404 420; x_wconf 88' lang='lat' dir='ltr'>pro</span> <span class='ocrx_word' id='word_1_17' title='bbox 434 374 545 406; x_wconf 90' lang='lat' dir='ltr'>aere</span> <span class='ocrx_word' id='word_1_18' title='bbox 574 357 824 420; x_wconf 86' lang='lat' dir='ltr'>accipitur,</span> <span class='ocrx_word' id='word_1_19' title='bbox 851 359 935 407; x_wconf 89' lang='lat' dir='ltr'>ubi</span> <span class='ocrx_word' id='word_1_20' title='bbox 973 358 1106 408; x_wconf 89' lang='lat' dir='ltr'>venti</span> <span class='ocrx_word' id='word_1_21' title='bbox 1144 368 1191 407; x_wconf 90' lang='lat' dir='ltr'>et</span> <span class='ocrx_word' id='word_1_22' title='bbox 1231 360 1389 409; x_wconf 92' lang='lat' dir='ltr'>nubes</span> <span class='ocrx_word' id='word_1_23' title='bbox 1427 368 1474 409; x_wconf 90' lang='lat' dir='ltr'>et</span> <span class='ocrx_word' id='word_1_24' title='bbox 1510 362 1756 424; x_wconf 81' lang='lat' dir='ltr'>procellae</span> <span class='ocrx_word' id='word_1_25' title='bbox 1792 370 1841 410; x_wconf 88' lang='lat' dir='ltr'>et</span> 
     </span>
     <span class='ocr_line' id='line_1_4' title="bbox 94 438 1070 506; baseline 0.003 -18"><span class='ocrx_word' id='word_1_26' title='bbox 94 438 314 488; x_wconf 82' lang='lat' dir='ltr'>turbines</span> <span class='ocrx_word' id='word_1_27' title='bbox 339 440 475 487; x_wconf 90' lang='lat' dir='ltr'>fiunt.</span> <span class='ocrx_word' id='word_1_28' title='bbox 547 439 806 489; x_wconf 88' lang='lat' dir='ltr'>Lucretius</span> <span class='ocrx_word' id='word_1_29' title='bbox 833 439 899 505; x_wconf 88' lang='lat'>(4,</span> <span class='ocrx_word' id='word_1_30' title='bbox 926 441 1070 506; x_wconf 86' lang='lat'>133):</span> 
     </span>
    </p>

    <p class='ocr_par' dir='ltr' id='par_1_3' title="bbox 352 522 1345 586">
     <span class='ocr_line' id='line_1_5' title="bbox 352 522 1345 586; baseline 0 -16"><span class='ocrx_word' id='word_1_31' title='bbox 352 523 356 526; x_wconf 75' lang='grc'><strong>’</strong></span> <span class='ocrx_word' id='word_1_32' title='bbox 596 522 822 581; x_wconf 86' lang='lat' dir='ltr'>Caelum,</span> <span class='ocrx_word' id='word_1_33' title='bbox 859 524 996 586; x_wconf 91' lang='lat' dir='ltr'>quod</span> <span class='ocrx_word' id='word_1_34' title='bbox 1034 524 1213 571; x_wconf 90' lang='lat' dir='ltr'>dicitur</span> <span class='ocrx_word' id='word_1_35' title='bbox 1249 540 1345 572; x_wconf 84' lang='lat' dir='ltr'>aer.</span> 
     </span>
    </p>

    <p class='ocr_par' dir='ltr' id='par_1_4' title="bbox 42 601 1844 993">
     <span class='ocr_line' id='line_1_6' title="bbox 42 601 1843 670; baseline 0.003 -20"><span class='ocrx_word' id='word_1_36' title='bbox 42 625 64 667; x_wconf 87' lang='lat'><strong>5</strong></span> <span class='ocrx_word' id='word_1_37' title='bbox 94 605 157 651; x_wconf 91' lang='lat' dir='ltr'>Et</span> <span class='ocrx_word' id='word_1_38' title='bbox 195 604 419 651; x_wconf 89' lang='lat' dir='ltr'>Psalm-us</span> <span class='ocrx_word' id='word_1_39' title='bbox 456 601 555 667; x_wconf 85' lang='lat'>(79,</span> <span class='ocrx_word' id='word_1_40' title='bbox 581 621 604 650; x_wconf 91' lang='lat'>2</span> <span class='ocrx_word' id='word_1_41' title='bbox 625 621 638 664; x_wconf 78' lang='lat'>3</span> <span class='ocrx_word' id='word_1_42' title='bbox 682 603 920 669; x_wconf 89' lang='lat'>104‚12):</span> <span class='ocrx_word' id='word_1_43' title='bbox 964 606 1235 653; x_wconf 86' lang='lat' dir='ltr'>‘Volucres</span> <span class='ocrx_word' id='word_1_44' title='bbox 1275 606 1425 654; x_wconf 90' lang='lat' dir='ltr'>caeli&#39;</span> <span class='ocrx_word' id='word_1_45' title='bbox 1461 608 1689 670; x_wconf 87' lang='lat' dir='ltr'>appellat,</span> <span class='ocrx_word' id='word_1_46' title='bbox 1729 623 1843 655; x_wconf 90' lang='lat' dir='ltr'>curn</span> 
     </span>
     <span class='ocr_line' id='line_1_7' title="bbox 91 685 1842 748; baseline 0.003 -16"><span class='ocrx_word' id='word_1_47' title='bbox 91 686 406 733; x_wconf 87' lang='lat' dir='ltr'>manifestum</span> <span class='ocrx_word' id='word_1_48' title='bbox 444 685 504 734; x_wconf 90' lang='lat' dir='ltr'>sit</span> <span class='ocrx_word' id='word_1_49' title='bbox 540 702 653 734; x_wconf 88' lang='lat' dir='ltr'>aves</span> <span class='ocrx_word' id='word_1_50' title='bbox 696 686 747 733; x_wconf 90' lang='lat' dir='ltr'>in</span> <span class='ocrx_word' id='word_1_51' title='bbox 786 703 896 734; x_wconf 90' lang='lat' dir='ltr'>aere</span> <span class='ocrx_word' id='word_1_52' title='bbox 934 688 1096 736; x_wconf 88' lang='lat' dir='ltr'>volare</span> <span class='ocrx_word' id='word_1_53' title='bbox 1115 706 1127 748; x_wconf 82' lang='lat'>3</span> <span class='ocrx_word' id='word_1_54' title='bbox 1176 696 1224 735; x_wconf 93' lang='lat' dir='ltr'>et</span> <span class='ocrx_word' id='word_1_55' title='bbox 1260 704 1352 736; x_wconf 93' lang='lat' dir='ltr'>nos</span> <span class='ocrx_word' id='word_1_56' title='bbox 1389 687 1438 735; x_wconf 94' lang='lat' dir='ltr'>in</span> <span class='ocrx_word' id='word_1_57' title='bbox 1477 691 1842 738; x_wconf 87' lang='lat' dir='ltr'>consuetudine</span> 
     </span>
     <span class='ocr_line' id='line_1_8' title="bbox 91 768 1844 830; baseline 0.003 -16"><span class='ocrx_word' id='word_1_58' title='bbox 91 768 223 815; x_wconf 91' lang='lat' dir='ltr'>hunc</span> <span class='ocrx_word' id='word_1_59' title='bbox 253 784 415 816; x_wconf 89' lang='lat' dir='ltr'>aerem</span> <span class='ocrx_word' id='word_1_60' title='bbox 450 770 639 816; x_wconf 91' lang='lat' dir='ltr'>caelum</span> <span class='ocrx_word' id='word_1_61' title='bbox 676 770 995 830; x_wconf 76' lang='lat' dir='ltr'>appellamus.</span> <span class='ocrx_word' id='word_1_62' title='bbox 1071 771 1203 817; x_wconf 90' lang='lat' dir='ltr'>Nam</span> <span class='ocrx_word' id='word_1_63' title='bbox 1229 786 1343 818; x_wconf 89' lang='lat' dir='ltr'>cum</span> <span class='ocrx_word' id='word_1_64' title='bbox 1371 771 1434 819; x_wconf 91' lang='lat' dir='ltr'>de</span> <span class='ocrx_word' id='word_1_65' title='bbox 1461 787 1634 820; x_wconf 89' lang='lat' dir='ltr'>sereno</span> <span class='ocrx_word' id='word_1_66' title='bbox 1655 773 1732 819; x_wconf 92' lang='lat' dir='ltr'>vel</span> <span class='ocrx_word' id='word_1_67' title='bbox 1757 788 1844 819; x_wconf 93' lang='lat' dir='ltr'>nu-</span> 
     </span>
     <span class='ocr_line' id='line_1_9' title="bbox 88 848 1838 916; baseline 0.003 -20"><span class='ocrx_word' id='word_1_68' title='bbox 88 848 190 897; x_wconf 92' lang='lat' dir='ltr'>bilo</span> <span class='ocrx_word' id='word_1_69' title='bbox 217 849 508 912; x_wconf 88' lang='lat' dir='ltr'>quaerimus,</span> <span class='ocrx_word' id='word_1_70' title='bbox 531 849 800 912; x_wconf 88' lang='lat' dir='ltr'>aliquando</span> <span class='ocrx_word' id='word_1_71' title='bbox 820 850 1043 910; x_wconf 84' lang='lat' dir='ltr'>dicimus,</span> <span class='ocrx_word' id='word_1_72' title='bbox 1069 851 1253 914; x_wconf 91' lang='lat' dir='ltr'>‘qualis</span> <span class='ocrx_word' id='word_1_73' title='bbox 1275 861 1347 900; x_wconf 88' lang='lat' dir='ltr'>est</span> <span class='ocrx_word' id='word_1_74' title='bbox 1367 855 1483 901; x_wconf 88' lang='lat' dir='ltr'>aer?</span> <span class='ocrx_word' id='word_1_75' title='bbox 1501 855 1525 913; x_wconf 79' lang='lat'>²,</span> <span class='ocrx_word' id='word_1_76' title='bbox 1554 855 1838 916; x_wconf 89' lang='lat' dir='ltr'>aliquando,</span> 
     </span>
     <span class='ocr_line' id='line_1_10' title="bbox 94 933 647 993; baseline 0.004 -15"><span class='ocrx_word' id='word_1_77' title='bbox 94 933 267 993; x_wconf 92' lang='lat' dir='ltr'>‘quale</span> <span class='ocrx_word' id='word_1_78' title='bbox 294 941 366 980; x_wconf 88' lang='lat' dir='ltr'>est</span> <span class='ocrx_word' id='word_1_79' title='bbox 393 933 582 980; x_wconf 89' lang='lat' dir='ltr'>caelum</span> <span class='ocrx_word' id='word_1_80' title='bbox 602 934 647 980; x_wconf 89' lang='lat'>?&#39;</span> 
     </span>
    </p>

    <p class='ocr_par' dir='ltr' id='par_1_5' title="bbox 5 1016 1898 1408">
     <span class='ocr_line' id='line_1_11' title="bbox 5 1016 1898 1080; baseline 0.004 -21"><span class='ocrx_word' id='word_1_81' title='bbox 5 1030 65 1058; x_wconf 84' lang='lat'>110</span> <span class='ocrx_word' id='word_1_82' title='bbox 225 1016 307 1061; x_wconf 80' lang='lat' dir='ltr'>DE</span> <span class='ocrx_word' id='word_1_83' title='bbox 342 1029 591 1062; x_wconf 85' lang='lat' dir='ltr'><strong>PARTIBVS</strong></span> <span class='ocrx_word' id='word_1_84' title='bbox 618 1029 786 1063; x_wconf 85' lang='lat' dir='ltr'>CAELI.</span> <span class='ocrx_word' id='word_1_85' title='bbox 863 1017 1051 1063; x_wconf 87' lang='lat' dir='ltr'>Aether</span> <span class='ocrx_word' id='word_1_86' title='bbox 1071 1017 1208 1064; x_wconf 90' lang='lat' dir='ltr'>locus</span> <span class='ocrx_word' id='word_1_87' title='bbox 1229 1025 1302 1064; x_wconf 92' lang='lat' dir='ltr'>est</span> <span class='ocrx_word' id='word_1_88' title='bbox 1322 1016 1372 1064; x_wconf 92' lang='lat' dir='ltr'>in</span> <span class='ocrx_word' id='word_1_89' title='bbox 1399 1033 1499 1080; x_wconf 87' lang='lat' dir='ltr'>quo</span> <span class='ocrx_word' id='word_1_90' title='bbox 1521 1017 1681 1066; x_wconf 89' lang='lat' dir='ltr'>sidera</span> <span class='ocrx_word' id='word_1_91' title='bbox 1705 1026 1833 1078; x_wconf 88' lang='lat' dir='ltr'>sunt,</span> <span class='ocrx_word' id='word_1_92' title='bbox 1861 1022 1898 1060; x_wconf 93' lang='lat' dir='ltr'>V</span> 
     </span>
     <span class='ocr_line' id='line_1_12' title="bbox 88 1094 1836 1163; baseline 0.003 -21"><span class='ocrx_word' id='word_1_93' title='bbox 88 1103 135 1143; x_wconf 88' lang='lat' dir='ltr'>et</span> <span class='ocrx_word' id='word_1_94' title='bbox 171 1094 410 1158; x_wconf 85' lang='lat' dir='ltr'>significat</span> <span class='ocrx_word' id='word_1_95' title='bbox 441 1113 552 1144; x_wconf 90' lang='lat' dir='ltr'>eum</span> <span class='ocrx_word' id='word_1_96' title='bbox 588 1098 751 1159; x_wconf 84' lang='lat' dir='ltr'>ignem</span> <span class='ocrx_word' id='word_1_97' title='bbox 790 1098 874 1159; x_wconf 93' lang='lat' dir='ltr'>qui</span> <span class='ocrx_word' id='word_1_98' title='bbox 905 1114 932 1145; x_wconf 89' lang='lat' dir='ltr'>a</span> <span class='ocrx_word' id='word_1_99' title='bbox 962 1106 1068 1146; x_wconf 90' lang='lat' dir='ltr'>toto</span> <span class='ocrx_word' id='word_1_100' title='bbox 1100 1100 1289 1148; x_wconf 86' lang='lat' dir='ltr'>mundo</span> <span class='ocrx_word' id='word_1_101' title='bbox 1319 1098 1367 1146; x_wconf 91' lang='lat' dir='ltr'>in</span> <span class='ocrx_word' id='word_1_102' title='bbox 1399 1101 1554 1148; x_wconf 90' lang='lat' dir='ltr'>altum</span> <span class='ocrx_word' id='word_1_103' title='bbox 1585 1109 1836 1163; x_wconf 87' lang='lat' dir='ltr'>separatus</span> 
     </span>
     <span class='ocr_line' id='line_1_13' title="bbox 88 1178 1836 1244; baseline 0.003 -20"><span class='ocrx_word' id='word_1_104' title='bbox 88 1186 174 1224; x_wconf 89' lang='lat' dir='ltr'>est.</span> <span class='ocrx_word' id='word_1_105' title='bbox 248 1178 375 1225; x_wconf 90' lang='lat' dir='ltr'>Sane</span> <span class='ocrx_word' id='word_1_106' title='bbox 408 1180 577 1226; x_wconf 87' lang='lat' dir='ltr'>aether</span> <span class='ocrx_word' id='word_1_107' title='bbox 611 1188 682 1226; x_wconf 89' lang='lat' dir='ltr'>est</span> <span class='ocrx_word' id='word_1_108' title='bbox 720 1180 864 1241; x_wconf 90' lang='lat' dir='ltr'>ipsud</span> <span class='ocrx_word' id='word_1_109' title='bbox 900 1181 1216 1240; x_wconf 88' lang='lat' dir='ltr'>elementum,</span> <span class='ocrx_word' id='word_1_110' title='bbox 1254 1183 1422 1230; x_wconf 83' lang='lat' dir='ltr'>aethra</span> <span class='ocrx_word' id='word_1_111' title='bbox 1452 1199 1568 1230; x_wconf 88' lang='lat' dir='ltr'>vero</span> <span class='ocrx_word' id='word_1_112' title='bbox 1602 1183 1836 1244; x_wconf 90' lang='lat' dir='ltr'>splendor</span> 
     </span>
     <span class='ocr_line' id='line_1_14' title="bbox 85 1257 1890 1326; baseline 0.003 -21"><span class='ocrx_word' id='word_1_113' title='bbox 85 1257 308 1317; x_wconf 84' lang='lat' dir='ltr'>aetheris,</span> <span class='ocrx_word' id='word_1_114' title='bbox 346 1268 393 1307; x_wconf 92' lang='lat' dir='ltr'>et</span> <span class='ocrx_word' id='word_1_115' title='bbox 423 1268 496 1308; x_wconf 88' lang='lat' dir='ltr'>est</span> <span class='ocrx_word' id='word_1_116' title='bbox 531 1277 692 1308; x_wconf 88' lang='lat' dir='ltr'>sermo</span> <span class='ocrx_word' id='word_1_117' title='bbox 728 1261 958 1308; x_wconf 89' lang='lat' dir='ltr'>Graecus.</span> <span class='ocrx_word' id='word_1_118' title='bbox 1035 1263 1252 1324; x_wconf 86' lang='lat' dir='ltr'>Sphaera</span> <span class='ocrx_word' id='word_1_119' title='bbox 1283 1263 1404 1312; x_wconf 90' lang='lat' dir='ltr'>caeli</span> <span class='ocrx_word' id='word_1_120' title='bbox 1439 1263 1572 1312; x_wconf 86' lang='lat' dir='ltr'>dicta</span> <span class='ocrx_word' id='word_1_121' title='bbox 1605 1281 1665 1312; x_wconf 94' lang='lat' dir='ltr'>eo</span> <span class='ocrx_word' id='word_1_122' title='bbox 1699 1265 1836 1326; x_wconf 89' lang='lat' dir='ltr'>quod</span> <span class='ocrx_word' id='word_1_123' title='bbox 1860 1277 1890 1311; x_wconf 84' lang='lat'>2</span> 
     </span>
     <span class='ocr_line' id='line_1_15' title="bbox 85 1340 1838 1408; baseline 0.003 -20"><span class='ocrx_word' id='word_1_124' title='bbox 85 1340 273 1403; x_wconf 84' lang='lat' dir='ltr'>species</span> <span class='ocrx_word' id='word_1_125' title='bbox 310 1342 412 1389; x_wconf 88' lang='lat' dir='ltr'>eius</span> <span class='ocrx_word' id='word_1_126' title='bbox 450 1341 499 1389; x_wconf 91' lang='lat' dir='ltr'>in</span> <span class='ocrx_word' id='word_1_127' title='bbox 537 1343 805 1390; x_wconf 91' lang='lat' dir='ltr'>rotundum</span> <span class='ocrx_word' id='word_1_128' title='bbox 843 1345 1050 1392; x_wconf 88' lang='lat' dir='ltr'>formata</span> <span class='ocrx_word' id='word_1_129' title='bbox 1081 1353 1166 1392; x_wconf 89' lang='lat' dir='ltr'>est.</span> <span class='ocrx_word' id='word_1_130' title='bbox 1244 1347 1342 1394; x_wconf 88' lang='lat' dir='ltr'>Sed</span> <span class='ocrx_word' id='word_1_131' title='bbox 1380 1354 1427 1394; x_wconf 92' lang='lat' dir='ltr'>et</span> <span class='ocrx_word' id='word_1_132' title='bbox 1458 1345 1703 1408; x_wconf 88' lang='lat' dir='ltr'>quidquid</span> <span class='ocrx_word' id='word_1_133' title='bbox 1741 1347 1838 1394; x_wconf 91' lang='lat' dir='ltr'>tale</span> 
     </span>
    </p>

    <p class='ocr_par' dir='ltr' id='par_1_6' title="bbox 0 1423 1838 1494">
     <span class='ocr_line' id='line_1_16' title="bbox 0 1423 1838 1494; baseline 0.004 -25"><span class='ocrx_word' id='word_1_134' title='bbox 0 1430 61 1480; x_wconf 68' lang='lat' dir='ltr'>us</span> <span class='ocrx_word' id='word_1_135' title='bbox 86 1431 172 1483; x_wconf 89' lang='lat' dir='ltr'>est,</span> <span class='ocrx_word' id='word_1_136' title='bbox 210 1440 238 1471; x_wconf 92' lang='lat' dir='ltr'>a</span> <span class='ocrx_word' id='word_1_137' title='bbox 274 1423 581 1472; x_wconf 88' lang='lat' dir='ltr'>volubilitate</span> <span class='ocrx_word' id='word_1_138' title='bbox 624 1426 830 1486; x_wconf 86' lang='lat' dir='ltr'>sphaera</span> <span class='ocrx_word' id='word_1_139' title='bbox 868 1442 897 1473; x_wconf 88' lang='lat' dir='ltr'>a</span> <span class='ocrx_word' id='word_1_140' title='bbox 934 1427 1136 1475; x_wconf 87' lang='lat' dir='ltr'>Graecis</span> <span class='ocrx_word' id='word_1_141' title='bbox 1179 1426 1371 1486; x_wconf 85' lang='lat' dir='ltr'>dicitur,</span> <span class='ocrx_word' id='word_1_142' title='bbox 1412 1427 1539 1476; x_wconf 90' lang='lat' dir='ltr'>sicut</span> <span class='ocrx_word' id='word_1_143' title='bbox 1578 1425 1670 1494; x_wconf 87' lang='lat' dir='ltr'>[et]</span> <span class='ocrx_word' id='word_1_144' title='bbox 1709 1430 1838 1491; x_wconf 87' lang='lat' dir='ltr'>pilae</span> 
     </span>
    </p>

    <p class='ocr_par' dir='ltr' id='par_1_7' title="bbox 32 1500 1838 1811">
     <span class='ocr_line' id='line_1_17' title="bbox 32 1500 1837 1571; baseline 0.003 -19"><span class='ocrx_word' id='word_1_145' title='bbox 32 1500 34 1503; x_wconf 59' lang='grc'>’</span> <span class='ocrx_word' id='word_1_146' title='bbox 86 1505 265 1568; x_wconf 87' lang='lat' dir='ltr'>quibus</span> <span class='ocrx_word' id='word_1_147' title='bbox 305 1506 482 1553; x_wconf 89' lang='lat' dir='ltr'>ludunt</span> <span class='ocrx_word' id='word_1_148' title='bbox 524 1505 749 1555; x_wconf 88' lang='lat' dir='ltr'>infantes.</span> <span class='ocrx_word' id='word_1_149' title='bbox 824 1509 955 1556; x_wconf 90' lang='lat' dir='ltr'>Nam</span> <span class='ocrx_word' id='word_1_150' title='bbox 1004 1507 1289 1571; x_wconf 87' lang='lat' dir='ltr'>philosophi</span> <span class='ocrx_word' id='word_1_151' title='bbox 1333 1509 1506 1558; x_wconf 87' lang='lat' dir='ltr'>dicunt</span> <span class='ocrx_word' id='word_1_152' title='bbox 1550 1511 1744 1558; x_wconf 90' lang='lat' dir='ltr'>caelum</span> <span class='ocrx_word' id='word_1_153' title='bbox 1789 1510 1837 1559; x_wconf 94' lang='lat' dir='ltr'>in</span> 
     </span>
     <span class='ocr_line' id='line_1_18' title="bbox 87 1588 1838 1655; baseline 0.003 -21"><span class='ocrx_word' id='word_1_154' title='bbox 87 1588 322 1650; x_wconf 85' lang='lat' dir='ltr'>sphaerae</span> <span class='ocrx_word' id='word_1_155' title='bbox 359 1589 563 1650; x_wconf 84' lang='lat' dir='ltr'>figuram</span> <span class='ocrx_word' id='word_1_156' title='bbox 606 1590 828 1652; x_wconf 87' lang='lat' dir='ltr'>undique</span> <span class='ocrx_word' id='word_1_157' title='bbox 865 1605 972 1638; x_wconf 89' lang='lat' dir='ltr'>esse</span> <span class='ocrx_word' id='word_1_158' title='bbox 1009 1607 1300 1649; x_wconf 84' lang='lat' dir='ltr'>convexum,</span> <span class='ocrx_word' id='word_1_159' title='bbox 1341 1593 1580 1641; x_wconf 89' lang='lat' dir='ltr'>omnibus</span> <span class='ocrx_word' id='word_1_160' title='bbox 1618 1592 1838 1655; x_wconf 86' lang='lat' dir='ltr'>partibus</span> 
     </span>
     <span class='ocr_line' id='line_1_19' title="bbox 85 1671 1836 1732; baseline 0.003 -15"><span class='ocrx_word' id='word_1_161' title='bbox 85 1671 354 1732; x_wconf 87' lang='lat' dir='ltr'>aequalem,</span> <span class='ocrx_word' id='word_1_162' title='bbox 378 1672 762 1719; x_wconf 89' lang='lat' dir='ltr'>concludentem</span> <span class='ocrx_word' id='word_1_163' title='bbox 788 1680 964 1720; x_wconf 89' lang='lat' dir='ltr'>terram</span> <span class='ocrx_word' id='word_1_164' title='bbox 985 1671 1035 1719; x_wconf 88' lang='lat' dir='ltr'>in</span> <span class='ocrx_word' id='word_1_165' title='bbox 1061 1673 1226 1721; x_wconf 88' lang='lat' dir='ltr'>media</span> <span class='ocrx_word' id='word_1_166' title='bbox 1246 1674 1419 1722; x_wconf 89' lang='lat' dir='ltr'>mundi</span> <span class='ocrx_word' id='word_1_167' title='bbox 1441 1676 1572 1723; x_wconf 93' lang='lat' dir='ltr'>mole</span> <span class='ocrx_word' id='word_1_168' title='bbox 1592 1674 1836 1724; x_wconf 87' lang='lat' dir='ltr'>libratam.</span> 
     </span>
     <span class='ocr_line' id='line_1_20' title="bbox 88 1751 1831 1811; baseline 0.005 -13"><span class='ocrx_word' id='word_1_169' title='bbox 88 1753 242 1799; x_wconf 91' lang='lat' dir='ltr'>Hunc</span> <span class='ocrx_word' id='word_1_170' title='bbox 275 1751 459 1800; x_wconf 87' lang='lat' dir='ltr'>moveri</span> <span class='ocrx_word' id='word_1_171' title='bbox 493 1752 678 1811; x_wconf 91' lang='lat' dir='ltr'>dicunt,</span> <span class='ocrx_word' id='word_1_172' title='bbox 712 1761 760 1801; x_wconf 93' lang='lat' dir='ltr'>et</span> <span class='ocrx_word' id='word_1_173' title='bbox 797 1769 908 1801; x_wconf 92' lang='lat' dir='ltr'>cum</span> <span class='ocrx_word' id='word_1_174' title='bbox 941 1763 1079 1802; x_wconf 90' lang='lat' dir='ltr'>motu</span> <span class='ocrx_word' id='word_1_175' title='bbox 1117 1756 1220 1803; x_wconf 90' lang='lat' dir='ltr'>eius</span> <span class='ocrx_word' id='word_1_176' title='bbox 1257 1757 1415 1804; x_wconf 90' lang='lat' dir='ltr'>sidera</span> <span class='ocrx_word' id='word_1_177' title='bbox 1451 1758 1502 1804; x_wconf 92' lang='lat' dir='ltr'>in</span> <span class='ocrx_word' id='word_1_178' title='bbox 1539 1773 1599 1805; x_wconf 86' lang='lat' dir='ltr'>eo</span> <span class='ocrx_word' id='word_1_179' title='bbox 1636 1758 1730 1805; x_wconf 81' lang='lat' dir='ltr'>fixa</span> <span class='ocrx_word' id='word_1_180' title='bbox 1767 1757 1831 1806; x_wconf 87' lang='lat' dir='ltr'>ab</span> 
     </span>
    </p>

    <p class='ocr_par' dir='ltr' id='par_1_8' title="bbox 5 1831 1882 2148">
     <span class='ocr_line' id='line_1_21' title="bbox 5 1831 1829 1902; baseline 0.007 -26"><span class='ocrx_word' id='word_1_181' title='bbox 5 1849 62 1883; x_wconf 56' lang='grc' dir='ltr'>«κο</span> <span class='ocrx_word' id='word_1_182' title='bbox 85 1831 271 1881; x_wconf 91' lang='lat' dir='ltr'>oriente</span> <span class='ocrx_word' id='word_1_183' title='bbox 291 1850 446 1896; x_wconf 91' lang='lat' dir='ltr'>usque</span> <span class='ocrx_word' id='word_1_184' title='bbox 461 1835 524 1882; x_wconf 88' lang='lat' dir='ltr'>ad</span> <span class='ocrx_word' id='word_1_185' title='bbox 541 1834 851 1884; x_wconf 88' lang='lat' dir='ltr'>occidentem</span> <span class='ocrx_word' id='word_1_186' title='bbox 870 1836 1139 1897; x_wconf 86' lang='lat' dir='ltr'>circumire,</span> <span class='ocrx_word' id='word_1_187' title='bbox 1153 1838 1573 1902; x_wconf 89' lang='lat' dir='ltr'>septentrionibus</span> <span class='ocrx_word' id='word_1_188' title='bbox 1585 1840 1829 1889; x_wconf 85' lang='lat' dir='ltr'>breviores</span> 
     </span>
     <span class='ocr_line' id='line_1_22' title="bbox 85 1914 1882 1984; baseline 0.006 -24"><span class='ocrx_word' id='word_1_189' title='bbox 85 1931 225 1977; x_wconf 86' lang='lat' dir='ltr'>gyros</span> <span class='ocrx_word' id='word_1_190' title='bbox 242 1914 374 1963; x_wconf 85' lang='lat' dir='ltr'>iuxta</span> <span class='ocrx_word' id='word_1_191' title='bbox 394 1917 642 1964; x_wconf 89' lang='lat' dir='ltr'>cardinem</span> <span class='ocrx_word' id='word_1_192' title='bbox 665 1919 1025 1980; x_wconf 84' lang='lat' dir='ltr'>peragentibus.</span> <span class='ocrx_word' id='word_1_193' title='bbox 1088 1919 1207 1968; x_wconf 85' lang='lat' dir='ltr'>Axis</span> <span class='ocrx_word' id='word_1_194' title='bbox 1227 1930 1300 1970; x_wconf 88' lang='lat' dir='ltr'>est</span> <span class='ocrx_word' id='word_1_195' title='bbox 1321 1921 1680 1984; x_wconf 87' lang='lat' dir='ltr'>Septentrionis</span> <span class='ocrx_word' id='word_1_196' title='bbox 1698 1923 1827 1971; x_wconf 91' lang='lat' dir='ltr'>linea</span> <span class='ocrx_word' id='word_1_197' title='bbox 1852 1939 1882 1984; x_wconf 89' lang='lat'><strong>3</strong></span> 
     </span>
     <span class='ocr_line' id='line_1_23' title="bbox 82 1999 1827 2064; baseline 0.004 -20"><span class='ocrx_word' id='word_1_198' title='bbox 82 2006 227 2056; x_wconf 89' lang='lat' dir='ltr'>recta,</span> <span class='ocrx_word' id='word_1_199' title='bbox 258 2014 384 2060; x_wconf 90' lang='lat' dir='ltr'>quae</span> <span class='ocrx_word' id='word_1_200' title='bbox 420 2014 506 2060; x_wconf 87' lang='lat' dir='ltr'>per</span> <span class='ocrx_word' id='word_1_201' title='bbox 542 2000 756 2048; x_wconf 91' lang='lat' dir='ltr'>mediam</span> <span class='ocrx_word' id='word_1_202' title='bbox 794 1999 943 2063; x_wconf 88' lang='lat' dir='ltr'>pilam</span> <span class='ocrx_word' id='word_1_203' title='bbox 982 2003 1217 2064; x_wconf 87' lang='lat' dir='ltr'>sphaerae</span> <span class='ocrx_word' id='word_1_204' title='bbox 1253 2005 1413 2052; x_wconf 89' lang='lat' dir='ltr'>tendit</span> <span class='ocrx_word' id='word_1_205' title='bbox 1426 2022 1438 2063; x_wconf 87' lang='lat'>;</span> <span class='ocrx_word' id='word_1_206' title='bbox 1475 2013 1522 2052; x_wconf 93' lang='lat' dir='ltr'>et</span> <span class='ocrx_word' id='word_1_207' title='bbox 1559 2005 1691 2052; x_wconf 89' lang='lat' dir='ltr'>dicta</span> <span class='ocrx_word' id='word_1_208' title='bbox 1726 2004 1827 2053; x_wconf 83' lang='lat' dir='ltr'>axis</span> 
     </span>
     <span class='ocr_line' id='line_1_24' title="bbox 83 2078 1824 2148; baseline 0.005 -22"><span class='ocrx_word' id='word_1_209' title='bbox 83 2080 220 2141; x_wconf 91' lang='lat' dir='ltr'>quod</span> <span class='ocrx_word' id='word_1_210' title='bbox 247 2078 296 2126; x_wconf 91' lang='lat' dir='ltr'>in</span> <span class='ocrx_word' id='word_1_211' title='bbox 323 2096 379 2127; x_wconf 85' lang='lat' dir='ltr'>ea</span> <span class='ocrx_word' id='word_1_212' title='bbox 405 2081 611 2142; x_wconf 87' lang='lat' dir='ltr'>sphaera</span> <span class='ocrx_word' id='word_1_213' title='bbox 636 2090 688 2129; x_wconf 91' lang='lat' dir='ltr'>ut</span> <span class='ocrx_word' id='word_1_214' title='bbox 718 2091 823 2130; x_wconf 90' lang='lat' dir='ltr'>rota</span> <span class='ocrx_word' id='word_1_215' title='bbox 852 2082 1073 2143; x_wconf 86' lang='lat' dir='ltr'>volvitur,</span> <span class='ocrx_word' id='word_1_216' title='bbox 1102 2086 1177 2132; x_wconf 91' lang='lat' dir='ltr'>vel</span> <span class='ocrx_word' id='word_1_217' title='bbox 1204 2084 1319 2147; x_wconf 91' lang='lat' dir='ltr'>quia</span> <span class='ocrx_word' id='word_1_218' title='bbox 1344 2085 1412 2133; x_wconf 91' lang='lat' dir='ltr'>ibi</span> <span class='ocrx_word' id='word_1_219' title='bbox 1440 2087 1711 2148; x_wconf 84' lang='lat' dir='ltr'>plaustrum</span> <span class='ocrx_word' id='word_1_220' title='bbox 1738 2096 1824 2135; x_wconf 87' lang='lat' dir='ltr'>est.</span> 
     </span>
    </p>

    <p class='ocr_par' dir='ltr' id='par_1_9' title="bbox 0 2161 1884 2557">
     <span class='ocr_line' id='line_1_25' title="bbox 0 2161 1884 2231; baseline 0.005 -22"><span class='ocrx_word' id='word_1_221' title='bbox 0 2179 5 2218; x_wconf 49' lang='lat' dir='ltr'>‘f</span> <span class='ocrx_word' id='word_1_222' title='bbox 84 2161 323 2210; x_wconf 89' lang='lat' dir='ltr'>Cardines</span> <span class='ocrx_word' id='word_1_223' title='bbox 350 2171 597 2210; x_wconf 82' lang='lat' dir='ltr'>extremae</span> <span class='ocrx_word' id='word_1_224' title='bbox 622 2172 782 2226; x_wconf 85' lang='lat' dir='ltr'>partes</span> <span class='ocrx_word' id='word_1_225' title='bbox 804 2174 917 2213; x_wconf 91' lang='lat' dir='ltr'>sunt</span> <span class='ocrx_word' id='word_1_226' title='bbox 942 2164 1071 2224; x_wconf 84' lang='lat' dir='ltr'>axis;</span> <span class='ocrx_word' id='word_1_227' title='bbox 1110 2175 1157 2214; x_wconf 93' lang='lat' dir='ltr'>et</span> <span class='ocrx_word' id='word_1_228' title='bbox 1178 2166 1340 2215; x_wconf 89' lang='lat' dir='ltr'>dictae</span> <span class='ocrx_word' id='word_1_229' title='bbox 1359 2166 1584 2216; x_wconf 89' lang='lat' dir='ltr'>cardines</span> <span class='ocrx_word' id='word_1_230' title='bbox 1605 2185 1665 2216; x_wconf 91' lang='lat' dir='ltr'>eo</span> <span class='ocrx_word' id='word_1_231' title='bbox 1690 2171 1827 2231; x_wconf 90' lang='lat' dir='ltr'>quod</span> <span class='ocrx_word' id='word_1_232' title='bbox 1851 2185 1884 2231; x_wconf 94' lang='lat'>4</span> 
     </span>
     <span class='ocr_line' id='line_1_26' title="bbox 0 2244 1881 2313; baseline 0.004 -22"><span class='ocrx_word' id='word_1_233' title='bbox 0 2256 59 2299; x_wconf 67' lang='lat'>⁸25</span> <span class='ocrx_word' id='word_1_234' title='bbox 82 2259 167 2305; x_wconf 88' lang='lat' dir='ltr'>per</span> <span class='ocrx_word' id='word_1_235' title='bbox 192 2259 276 2291; x_wconf 91' lang='lat' dir='ltr'>eos</span> <span class='ocrx_word' id='word_1_236' title='bbox 302 2244 502 2292; x_wconf 89' lang='lat' dir='ltr'>vertitur</span> <span class='ocrx_word' id='word_1_237' title='bbox 521 2246 726 2294; x_wconf 87' lang='lat' dir='ltr'>caelum.</span> <span class='ocrx_word' id='word_1_238' title='bbox 790 2245 898 2294; x_wconf 92' lang='lat' dir='ltr'>Poli</span> <span class='ocrx_word' id='word_1_239' title='bbox 918 2256 1031 2295; x_wconf 89' lang='lat' dir='ltr'>sunt</span> <span class='ocrx_word' id='word_1_240' title='bbox 1051 2247 1219 2296; x_wconf 84' lang='lat' dir='ltr'>circuli</span> <span class='ocrx_word' id='word_1_241' title='bbox 1239 2250 1322 2311; x_wconf 90' lang='lat' dir='ltr'>qui</span> <span class='ocrx_word' id='word_1_242' title='bbox 1340 2258 1542 2297; x_wconf 91' lang='lat' dir='ltr'>currunt</span> <span class='ocrx_word' id='word_1_243' title='bbox 1560 2265 1646 2312; x_wconf 91' lang='lat' dir='ltr'>per</span> <span class='ocrx_word' id='word_1_244' title='bbox 1664 2267 1822 2299; x_wconf 82' lang='lat' dir='ltr'>axem.</span> <span class='ocrx_word' id='word_1_245' title='bbox 1850 2264 1881 2313; x_wconf 90' lang='lat'>5</span> 
     </span>
     <span class='ocr_line' id='line_1_27' title="bbox 86 2327 1827 2395; baseline 0.005 -23"><span class='ocrx_word' id='word_1_246' title='bbox 86 2327 281 2373; x_wconf 91' lang='lat' dir='ltr'>Horum</span> <span class='ocrx_word' id='word_1_247' title='bbox 314 2327 432 2374; x_wconf 87' lang='lat' dir='ltr'>alter</span> <span class='ocrx_word' id='word_1_248' title='bbox 458 2335 530 2374; x_wconf 89' lang='lat' dir='ltr'>est</span> <span class='ocrx_word' id='word_1_249' title='bbox 564 2327 983 2390; x_wconf 88' lang='lat' dir='ltr'>Septentrionalis,</span> <span class='ocrx_word' id='word_1_250' title='bbox 1013 2329 1097 2391; x_wconf 92' lang='lat' dir='ltr'>qui</span> <span class='ocrx_word' id='word_1_251' title='bbox 1128 2347 1403 2393; x_wconf 89' lang='lat' dir='ltr'>numquam</span> <span class='ocrx_word' id='word_1_252' title='bbox 1438 2330 1635 2392; x_wconf 90' lang='lat' dir='ltr'>occidit,</span> <span class='ocrx_word' id='word_1_253' title='bbox 1663 2334 1827 2395; x_wconf 90' lang='lat' dir='ltr'>appel-</span> 
     </span>
     <span class='ocr_line' id='line_1_28' title="bbox 81 2408 1825 2475; baseline 0.006 -21"><span class='ocrx_word' id='word_1_254' title='bbox 81 2408 307 2469; x_wconf 88' lang='lat' dir='ltr'>laturque</span> <span class='ocrx_word' id='word_1_255' title='bbox 335 2410 551 2467; x_wconf 81' lang='lat' dir='ltr'>Boreus3</span> <span class='ocrx_word' id='word_1_256' title='bbox 588 2410 710 2457; x_wconf 91' lang='lat' dir='ltr'>alter</span> <span class='ocrx_word' id='word_1_257' title='bbox 737 2410 990 2470; x_wconf 89' lang='lat' dir='ltr'>Australis,</span> <span class='ocrx_word' id='word_1_258' title='bbox 1012 2410 1097 2473; x_wconf 92' lang='lat' dir='ltr'>qui</span> <span class='ocrx_word' id='word_1_259' title='bbox 1122 2428 1395 2475; x_wconf 89' lang='lat' dir='ltr'>numquam</span> <span class='ocrx_word' id='word_1_260' title='bbox 1423 2412 1629 2473; x_wconf 87' lang='lat' dir='ltr'>videtur,</span> <span class='ocrx_word' id='word_1_261' title='bbox 1658 2424 1706 2463; x_wconf 88' lang='lat' dir='ltr'>et</span> <span class='ocrx_word' id='word_1_262' title='bbox 1727 2418 1825 2463; x_wconf 90' lang='lat' dir='ltr'>Au-</span> 
     </span>
     <span class='ocr_line' id='line_1_29' title="bbox 81 2489 1825 2557; baseline 0.006 -22"><span class='ocrx_word' id='word_1_263' title='bbox 81 2490 344 2537; x_wconf 89' lang='lat' dir='ltr'>stronotius</span> <span class='ocrx_word' id='word_1_264' title='bbox 371 2489 559 2538; x_wconf 88' lang='lat' dir='ltr'>dicitur.</span> <span class='ocrx_word' id='word_1_265' title='bbox 632 2491 695 2538; x_wconf 91' lang='lat' dir='ltr'>Et</span> <span class='ocrx_word' id='word_1_266' title='bbox 721 2492 839 2540; x_wconf 88' lang='lat' dir='ltr'>dicti</span> <span class='ocrx_word' id='word_1_267' title='bbox 865 2491 965 2554; x_wconf 92' lang='lat' dir='ltr'>poli</span> <span class='ocrx_word' id='word_1_268' title='bbox 991 2494 1126 2555; x_wconf 91' lang='lat' dir='ltr'>quod</span> <span class='ocrx_word' id='word_1_269' title='bbox 1162 2492 1257 2541; x_wconf 89' lang='lat' dir='ltr'>sint</span> <span class='ocrx_word' id='word_1_270' title='bbox 1286 2493 1449 2541; x_wconf 85' lang='lat' dir='ltr'>axium</span> <span class='ocrx_word' id='word_1_271' title='bbox 1482 2495 1618 2557; x_wconf 89' lang='lat' dir='ltr'>cycli,</span> <span class='ocrx_word' id='word_1_272' title='bbox 1643 2513 1701 2544; x_wconf 85' lang='lat' dir='ltr'>ex</span> <span class='ocrx_word' id='word_1_273' title='bbox 1734 2514 1825 2544; x_wconf 89' lang='lat' dir='ltr'>usu</span> 
     </span>
    </p>
   </div>
   <div class='ocr_carea' id='block_1_3' title="bbox 43 2619 1832 3156">
    <p class='ocr_par' dir='ltr' id='par_1_10' title="bbox 43 2619 1832 3156">
     <span class='ocr_line' id='line_1_30' title="bbox 138 2619 1826 2678; baseline 0.005 -21"><span class='ocrx_word' id='word_1_274' title='bbox 138 2631 155 2656; x_wconf 90' lang='lat'>1</span> <span class='ocrx_word' id='word_1_275' title='bbox 179 2631 327 2658; x_wconf 84' lang='lat' dir='ltr'>cursus</span> <span class='ocrx_word' id='word_1_276' title='bbox 340 2620 502 2658; x_wconf 86' lang='lat' dir='ltr'>dierum</span> <span class='ocrx_word' id='word_1_277' title='bbox 520 2619 563 2658; x_wconf 89' lang='lat' dir='ltr'><strong><em>K</em></strong></span> <span class='ocrx_word' id='word_1_278' title='bbox 578 2620 679 2668; x_wconf 85' lang='lat' dir='ltr'>(non</span> <span class='ocrx_word' id='word_1_279' title='bbox 698 2621 839 2673; x_wconf 80' lang='lat' dir='ltr'>Pln&#39;ll.)</span> <span class='ocrx_word' id='word_1_280' title='bbox 899 2628 940 2660; x_wconf 88' lang='lat' dir='ltr'>et</span> <span class='ocrx_word' id='word_1_281' title='bbox 962 2628 1037 2662; x_wconf 88' lang='lat' dir='ltr'>rat.</span> <span class='ocrx_word' id='word_1_282' title='bbox 1057 2622 1110 2662; x_wconf 89' lang='lat' dir='ltr'>le.</span> <span class='ocrx_word' id='word_1_283' title='bbox 1125 2623 1166 2662; x_wconf 91' lang='lat' dir='ltr'>fi.</span> <span class='ocrx_word' id='word_1_284' title='bbox 1186 2636 1274 2662; x_wconf 82' lang='lat' dir='ltr'>om.</span> <span class='ocrx_word' id='word_1_285' title='bbox 1288 2623 1334 2662; x_wconf 87' lang='lat' dir='ltr'><em>K</em></span> <span class='ocrx_word' id='word_1_286' title='bbox 1350 2625 1451 2674; x_wconf 78' lang='lat' dir='ltr'>(non</span> <span class='ocrx_word' id='word_1_287' title='bbox 1472 2624 1616 2678; x_wconf 76' lang='lat' dir='ltr'>Phill.)</span> <span class='ocrx_word' id='word_1_288' title='bbox 1687 2628 1826 2666; x_wconf 88' lang='lat' dir='ltr'>firma-</span> 
     </span>
     <span class='ocr_line' id='line_1_31' title="bbox 43 2674 1821 2729; baseline 0.005 -18"><span class='ocrx_word' id='word_1_289' title='bbox 43 2692 46 2694; x_wconf 90' lang='lat'>·</span> <span class='ocrx_word' id='word_1_290' title='bbox 81 2679 265 2712; x_wconf 88' lang='lat' dir='ltr'>mentum</span> <span class='ocrx_word' id='word_1_291' title='bbox 279 2674 324 2712; x_wconf 93' lang='lat' dir='ltr'><em>K</em></span> <span class='ocrx_word' id='word_1_292' title='bbox 333 2674 476 2726; x_wconf 79' lang='lat' dir='ltr'>T(non</span> <span class='ocrx_word' id='word_1_293' title='bbox 490 2674 612 2715; x_wconf 71' lang='lat' dir='ltr'>th‘ll.</span> <span class='ocrx_word' id='word_1_294' title='bbox 633 2675 688 2726; x_wconf 88' lang='lat' dir='ltr'>U)</span> <span class='ocrx_word' id='word_1_295' title='bbox 801 2690 824 2714; x_wconf 89' lang='lat'>2</span> <span class='ocrx_word' id='word_1_296' title='bbox 846 2689 944 2715; x_wconf 87' lang='lat' dir='ltr'>eare</span> <span class='ocrx_word' id='word_1_297' title='bbox 966 2677 1003 2715; x_wconf 93' lang='lat' dir='ltr'><em>T</em></span> <span class='ocrx_word' id='word_1_298' title='bbox 1089 2690 1202 2726; x_wconf 91' lang='lat' dir='ltr'>proc.</span> <span class='ocrx_word' id='word_1_299' title='bbox 1221 2678 1330 2719; x_wconf 90' lang='lat' dir='ltr'>turb.</span> <span class='ocrx_word' id='word_1_300' title='bbox 1353 2679 1405 2716; x_wconf 87' lang='lat' dir='ltr'>Tl</span> <span class='ocrx_word' id='word_1_301' title='bbox 1514 2694 1538 2729; x_wconf 94' lang='lat'><strong>4</strong></span> <span class='ocrx_word' id='word_1_302' title='bbox 1560 2682 1680 2719; x_wconf 87' lang='lat' dir='ltr'>caelo</span> <span class='ocrx_word' id='word_1_303' title='bbox 1701 2682 1821 2722; x_wconf 78' lang='lat' dir='ltr'>Lucr.</span> 
     </span>
     <span class='ocr_line' id='line_1_32' title="bbox 80 2728 1822 2776; baseline 0.005 -10"><span class='ocrx_word' id='word_1_304' title='bbox 80 2741 176 2767; x_wconf 85' lang='lat' dir='ltr'>aera</span> <span class='ocrx_word' id='word_1_305' title='bbox 203 2728 240 2766; x_wconf 92' lang='lat' dir='ltr'><em>T</em></span> <span class='ocrx_word' id='word_1_306' title='bbox 339 2741 387 2767; x_wconf 92' lang='lat'>10</span> <span class='ocrx_word' id='word_1_307' title='bbox 415 2735 512 2767; x_wconf 81' lang='lat' dir='ltr'>sunt</span> <span class='ocrx_word' id='word_1_308' title='bbox 533 2731 608 2768; x_wconf 88' lang='lat' dir='ltr'>sid.</span> <span class='ocrx_word' id='word_1_309' title='bbox 628 2730 731 2768; x_wconf 87' lang='lat' dir='ltr'>caeli</span> <span class='ocrx_word' id='word_1_310' title='bbox 752 2730 792 2768; x_wconf 90' lang='grc' dir='ltr'><em>Β</em></span> <span class='ocrx_word' id='word_1_311' title='bbox 894 2745 938 2769; x_wconf 90' lang='lat'>11</span> <span class='ocrx_word' id='word_1_312' title='bbox 973 2731 1127 2769; x_wconf 90' lang='lat' dir='ltr'>mundo</span> <span class='ocrx_word' id='word_1_313' title='bbox 1147 2745 1227 2772; x_wconf 80' lang='lat' dir='ltr'>om.</span> <span class='ocrx_word' id='word_1_314' title='bbox 1253 2732 1311 2769; x_wconf 93' lang='grc' dir='ltr'>Β1</span> <span class='ocrx_word' id='word_1_315' title='bbox 1418 2747 1466 2772; x_wconf 92' lang='lat'>12</span> <span class='ocrx_word' id='word_1_316' title='bbox 1496 2747 1557 2775; x_wconf 84' lang='lat' dir='ltr'>sa.</span> <span class='ocrx_word' id='word_1_317' title='bbox 1573 2742 1614 2774; x_wconf 93' lang='lat' dir='ltr'>et</span> <span class='ocrx_word' id='word_1_318' title='bbox 1634 2737 1744 2776; x_wconf 86' lang='lat' dir='ltr'>aeth.</span> <span class='ocrx_word' id='word_1_319' title='bbox 1767 2737 1822 2774; x_wconf 91' lang='grc' dir='ltr'>Β1</span> 
     </span>
     <span class='ocr_line' id='line_1_33' title="bbox 79 2782 1820 2841; baseline 0.005 -21"><span class='ocrx_word' id='word_1_320' title='bbox 79 2783 141 2821; x_wconf 84' lang='lat' dir='ltr'>vel</span> <span class='ocrx_word' id='word_1_321' title='bbox 155 2782 269 2834; x_wconf 85' lang='grc' dir='ltr'>αἵθρα</span> <span class='ocrx_word' id='word_1_322' title='bbox 291 2797 300 2821; x_wconf 90' lang='lat'>:</span> <span class='ocrx_word' id='word_1_323' title='bbox 329 2783 502 2822; x_wconf 86' lang='lat' dir='ltr'>aethera</span> <span class='ocrx_word' id='word_1_324' title='bbox 523 2783 633 2824; x_wconf 89' lang='lat' dir='ltr'>codd.</span> <span class='ocrx_word' id='word_1_325' title='bbox 750 2798 796 2834; x_wconf 83' lang='lat'>13</span> <span class='ocrx_word' id='word_1_326' title='bbox 828 2786 929 2836; x_wconf 88' lang='lat' dir='ltr'>dic.]</span> <span class='ocrx_word' id='word_1_327' title='bbox 945 2793 1092 2825; x_wconf 88' lang='lat' dir='ltr'>vocata</span> <span class='ocrx_word' id='word_1_328' title='bbox 1111 2786 1151 2824; x_wconf 91' lang='grc' dir='ltr'><em>Β</em></span> <span class='ocrx_word' id='word_1_329' title='bbox 1266 2801 1314 2836; x_wconf 92' lang='lat'>14</span> <span class='ocrx_word' id='word_1_330' title='bbox 1341 2789 1417 2826; x_wconf 87' lang='lat' dir='ltr'>sed</span> <span class='ocrx_word' id='word_1_331' title='bbox 1438 2802 1507 2837; x_wconf 90' lang='lat' dir='ltr'>qu.</span> <span class='ocrx_word' id='word_1_332' title='bbox 1524 2790 1569 2827; x_wconf 91' lang='lat' dir='ltr'><em>K</em></span> <span class='ocrx_word' id='word_1_333' title='bbox 1681 2802 1727 2838; x_wconf 88' lang='lat'>15</span> <span class='ocrx_word' id='word_1_334' title='bbox 1760 2804 1820 2841; x_wconf 87' lang='lat' dir='ltr'>sp.</span> 
     </span>
     <span class='ocr_line' id='line_1_34' title="bbox 80 2836 1823 2894; baseline 0.005 -18"><span class='ocrx_word' id='word_1_335' title='bbox 80 2836 230 2877; x_wconf 84' lang='lat' dir='ltr'>GraeC.</span> <span class='ocrx_word' id='word_1_336' title='bbox 249 2838 285 2876; x_wconf 93' lang='lat' dir='ltr'><em>T</em></span> <span class='ocrx_word' id='word_1_337' title='bbox 363 2844 404 2876; x_wconf 93' lang='lat' dir='ltr'>et</span> <span class='ocrx_word' id='word_1_338' title='bbox 420 2839 510 2878; x_wconf 77' lang='lat' dir='ltr'>hab.</span> <span class='ocrx_word' id='word_1_339' title='bbox 530 2838 622 2878; x_wconf 89' lang='lat' dir='ltr'>CT:</span> <span class='ocrx_word' id='word_1_340' title='bbox 643 2851 724 2878; x_wconf 83' lang='lat' dir='ltr'>om.</span> <span class='ocrx_word' id='word_1_341' title='bbox 739 2839 825 2878; x_wconf 91' lang='grc' dir='ltr'>ΒΚ</span> <span class='ocrx_word' id='word_1_342' title='bbox 931 2842 979 2879; x_wconf 88' lang='lat'>18</span> <span class='ocrx_word' id='word_1_343' title='bbox 1000 2848 1307 2890; x_wconf 86' lang='lat' dir='ltr'>congruentem</span> <span class='ocrx_word' id='word_1_344' title='bbox 1323 2847 1424 2883; x_wconf 86' lang='lat' dir='ltr'>terr.</span> <span class='ocrx_word' id='word_1_345' title='bbox 1440 2843 1486 2882; x_wconf 90' lang='lat' dir='ltr'><em>K</em></span> <span class='ocrx_word' id='word_1_346' title='bbox 1585 2858 1635 2894; x_wconf 90' lang='lat'>19</span> <span class='ocrx_word' id='word_1_347' title='bbox 1655 2858 1823 2884; x_wconf 81' lang='lat' dir='ltr'>movere</span> 
     </span>
     <span class='ocr_line' id='line_1_35' title="bbox 82 2891 1818 2951; baseline 0.005 -21"><span class='ocrx_word' id='word_1_348' title='bbox 82 2893 231 2943; x_wconf 79' lang='lat' dir='ltr'>(mob-)</span> <span class='ocrx_word' id='word_1_349' title='bbox 249 2891 336 2930; x_wconf 91' lang='grc' dir='ltr'>ΒΚ</span> <span class='ocrx_word' id='word_1_350' title='bbox 444 2906 497 2932; x_wconf 93' lang='grc' dir='ltr'>2ο</span> <span class='ocrx_word' id='word_1_351' title='bbox 525 2898 631 2943; x_wconf 85' lang='lat' dir='ltr'>sept.</span> <span class='ocrx_word' id='word_1_352' title='bbox 646 2895 835 2942; x_wconf 85' lang='lat' dir='ltr'>partibus</span> <span class='ocrx_word' id='word_1_353' title='bbox 853 2896 941 2935; x_wconf 85' lang='lat' dir='ltr'>bre.</span> <span class='ocrx_word' id='word_1_354' title='bbox 959 2895 999 2933; x_wconf 89' lang='lat' dir='ltr'><em>B</em></span> <span class='ocrx_word' id='word_1_355' title='bbox 1110 2909 1158 2933; x_wconf 89' lang='lat'>21</span> <span class='ocrx_word' id='word_1_356' title='bbox 1185 2897 1534 2945; x_wconf 84' lang='lat' dir='ltr'>septentrionalis</span> <span class='ocrx_word' id='word_1_357' title='bbox 1548 2899 1641 2938; x_wconf 79' lang='lat' dir='ltr'>dett.</span> <span class='ocrx_word' id='word_1_358' title='bbox 1662 2900 1727 2951; x_wconf 85' lang='lat' dir='ltr'>(cf.</span> <span class='ocrx_word' id='word_1_359' title='bbox 1744 2900 1818 2940; x_wconf 89' lang='lat' dir='ltr'>III.</span> 
     </span>
     <span class='ocr_line' id='line_1_36' title="bbox 80 2947 1826 3003; baseline 0.006 -19"><span class='ocrx_word' id='word_1_360' title='bbox 80 2949 232 2996; x_wconf 76' lang='lat' dir='ltr'>xxxw)</span> <span class='ocrx_word' id='word_1_361' title='bbox 383 2960 435 2984; x_wconf 85' lang='lat'>22</span> <span class='ocrx_word' id='word_1_362' title='bbox 467 2961 544 2998; x_wconf 89' lang='lat' dir='ltr'>per</span> <span class='ocrx_word' id='word_1_363' title='bbox 565 2949 673 2987; x_wconf 88' lang='lat' dir='ltr'>diam</span> <span class='ocrx_word' id='word_1_364' title='bbox 701 2947 751 2985; x_wconf 82' lang='lat' dir='ltr'>T1</span> <span class='ocrx_word' id='word_1_365' title='bbox 915 2963 967 2999; x_wconf 86' lang='lat'>23</span> <span class='ocrx_word' id='word_1_366' title='bbox 997 2950 1129 3002; x_wconf 88' lang='lat' dir='ltr'>quod]</span> <span class='ocrx_word' id='word_1_367' title='bbox 1148 2951 1243 3000; x_wconf 88' lang='lat' dir='ltr'>quia</span> <span class='ocrx_word' id='word_1_368' title='bbox 1260 2951 1349 2992; x_wconf 89' lang='grc' dir='ltr'>ΒΚ</span> <span class='ocrx_word' id='word_1_369' title='bbox 1457 2953 1499 2991; x_wconf 91' lang='lat' dir='ltr'>in</span> <span class='ocrx_word' id='word_1_370' title='bbox 1517 2966 1566 2991; x_wconf 89' lang='lat' dir='ltr'>ea</span> <span class='ocrx_word' id='word_1_371' title='bbox 1587 2967 1648 3003; x_wconf 84' lang='lat' dir='ltr'>sp.</span> <span class='ocrx_word' id='word_1_372' title='bbox 1673 2966 1754 2994; x_wconf 82' lang='lat' dir='ltr'>om.</span> <span class='ocrx_word' id='word_1_373' title='bbox 1781 2955 1826 2993; x_wconf 90' lang='lat' dir='ltr'><strong><em>K</em></strong></span> 
     </span>
     <span class='ocr_line' id='line_1_37' title="bbox 78 2999 1826 3058; baseline 0.006 -21"><span class='ocrx_word' id='word_1_374' title='bbox 78 2999 181 3052; x_wconf 92' lang='lat' dir='ltr'>vol.]</span> <span class='ocrx_word' id='word_1_375' title='bbox 205 3002 393 3040; x_wconf 90' lang='lat' dir='ltr'>tenditur</span> <span class='ocrx_word' id='word_1_376' title='bbox 411 3001 452 3039; x_wconf 94' lang='grc' dir='ltr'><em>Β</em></span> <span class='ocrx_word' id='word_1_377' title='bbox 615 3016 665 3051; x_wconf 87' lang='lat'>24</span> <span class='ocrx_word' id='word_1_378' title='bbox 698 3003 810 3042; x_wconf 91' lang='lat' dir='ltr'>dicta</span> <span class='ocrx_word' id='word_1_379' title='bbox 829 3004 870 3042; x_wconf 92' lang='grc' dir='ltr'><em>Β</em></span> <span class='ocrx_word' id='word_1_380' title='bbox 887 3018 896 3043; x_wconf 90' lang='lat'>:</span> <span class='ocrx_word' id='word_1_381' title='bbox 925 3005 1026 3044; x_wconf 89' lang='lat' dir='ltr'>dicti</span> <span class='ocrx_word' id='word_1_382' title='bbox 1050 3004 1126 3043; x_wconf 88' lang='lat' dir='ltr'>CT</span> <span class='ocrx_word' id='word_1_383' title='bbox 1242 3018 1292 3045; x_wconf 90' lang='lat' dir='ltr'>eo</span> <span class='ocrx_word' id='word_1_384' title='bbox 1311 3019 1394 3045; x_wconf 81' lang='lat' dir='ltr'>om.</span> <span class='ocrx_word' id='word_1_385' title='bbox 1410 3006 1452 3044; x_wconf 90' lang='grc' dir='ltr'><em>Β</em></span> <span class='ocrx_word' id='word_1_386' title='bbox 1613 3020 1664 3058; x_wconf 85' lang='grc'>25</span> <span class='ocrx_word' id='word_1_387' title='bbox 1695 3022 1768 3048; x_wconf 89' lang='lat' dir='ltr'>eas</span> <span class='ocrx_word' id='word_1_388' title='bbox 1784 3009 1826 3047; x_wconf 90' lang='grc' dir='ltr'><em>Β</em></span> 
     </span>
     <span class='ocr_line' id='line_1_38' title="bbox 79 3054 1832 3114; baseline 0.006 -22"><span class='ocrx_word' id='word_1_389' title='bbox 79 3054 260 3093; x_wconf 72' lang='lat' dir='ltr'>volvitur</span> <span class='ocrx_word' id='word_1_390' title='bbox 278 3055 318 3093; x_wconf 92' lang='grc' dir='ltr'><em>Β</em></span> <span class='ocrx_word' id='word_1_391' title='bbox 429 3069 506 3106; x_wconf 89' lang='lat' dir='ltr'>per</span> <span class='ocrx_word' id='word_1_392' title='bbox 523 3069 590 3097; x_wconf 81' lang='lat' dir='ltr'>ax.</span> <span class='ocrx_word' id='word_1_393' title='bbox 613 3070 721 3097; x_wconf 84' lang='lat' dir='ltr'>eurr.</span> <span class='ocrx_word' id='word_1_394' title='bbox 742 3057 782 3094; x_wconf 93' lang='grc' dir='ltr'><em>Β</em></span> <span class='ocrx_word' id='word_1_395' title='bbox 947 3061 1000 3098; x_wconf 89' lang='grc'>26</span> <span class='ocrx_word' id='word_1_396' title='bbox 1027 3059 1097 3098; x_wconf 85' lang='lat' dir='ltr'>alt.</span> <span class='ocrx_word' id='word_1_397' title='bbox 1120 3065 1227 3110; x_wconf 89' lang='lat' dir='ltr'>sept.</span> <span class='ocrx_word' id='word_1_398' title='bbox 1251 3060 1285 3099; x_wconf 85' lang='lat' dir='ltr'><em>C</em></span> <span class='ocrx_word' id='word_1_399' title='bbox 1402 3062 1642 3114; x_wconf 86' lang='lat' dir='ltr'>appellatur</span> <span class='ocrx_word' id='word_1_400' title='bbox 1664 3063 1761 3104; x_wconf 83' lang='lat' dir='ltr'>Bor.</span> <span class='ocrx_word' id='word_1_401' title='bbox 1795 3064 1832 3102; x_wconf 95' lang='lat' dir='ltr'><em>T</em></span> 
     </span>
     <span class='ocr_line' id='line_1_39' title="bbox 79 3110 518 3156; baseline 0.009 -11"><span class='ocrx_word' id='word_1_402' title='bbox 79 3119 128 3156; x_wconf 80' lang='lat'>27</span> <span class='ocrx_word' id='word_1_403' title='bbox 158 3111 456 3149; x_wconf 86' lang='lat' dir='ltr'>austronothus</span> <span class='ocrx_word' id='word_1_404' title='bbox 473 3110 518 3148; x_wconf 91' lang='lat' dir='ltr'><em>K</em></span> 
     </span>
    </p>
   </div>
  </div>
 </body>
</html>
