2176 3424
1028 122 1299 170 ISIDORI

290 258 361 297 ter
395 257 566 312 gentes
603 249 817 312 singulas
854 260 1244 313 procreaverunt.
1335 253 1561 313 Quorum
1598 253 1783 316 primus
1821 256 1979 316 Elam,
2007 274 2036 304 a

291 347 391 393 quo
419 332 664 380 Elamitae
689 331 935 394 principes
962 332 1175 382 Persidis
1197 353 1205 381 ε
1245 334 1492 383 secundus
1518 336 1686 394 Assur,
1712 352 1741 383 a
1767 353 1867 398 quo
1891 339 2036 399 Assy-

290 413 471 462 riorum
520 413 775 477 pullulavit
823 416 1114 478 imperium:
1164 414 1333 464 tertius
1382 417 1645 479 Arphaxat‚
1694 434 1722 465 a
1771 434 1870 480 quo
1917 435 2035 481 gens

290 497 660 546 Chaldaeorum
696 506 859 547 exorta
893 506 994 546 est:
1034 506 1235 560 quartus
1271 497 1414 556 Ludi,
1441 514 1470 545 a
1495 515 1594 560 quo
1622 498 1796 561 Lydii:
1835 499 2035 562 quintus

231 593 263 639 4
289 580 454 639 Aram,
488 596 517 627 a
556 596 656 642 quo
699 581 818 643 Syri,
859 597 1067 642 quorum
1108 581 1394 644 metropolis
1437 581 1526 629 fuit
1564 582 1853 630 Damascus.
1927 581 2035 630 Filii

294 663 462 721 Aram,
497 672 705 725 nepotes
737 664 865 722 Sem,
903 671 1164 726 quattuor:
1205 665 1318 711 Hus
1350 672 1398 711 et
1430 664 1494 710 Vl
1525 672 1572 710 et
1606 663 1794 712 Gether
1827 673 1874 712 et
1908 665 2033 712 Mes.

290 745 403 791 Hus
424 743 756 793 Traconitidis
783 744 1024 805 conditor,
1045 745 1129 807 qui
1145 745 1271 793 inter
1288 744 1616 793 Palaestinam
1638 753 1686 793 et
1704 745 2036 808 Coelesyriam

288 825 445 873 tenuit
471 825 814 889 principatum,
836 829 969 876 unde
994 827 1085 875 fuit
1112 828 1219 887 Iob,
1245 828 1519 876 secundum
1546 828 1682 889 quod
1708 827 1943 890 scriptum
1964 838 2037 877 est

290 907 405 972 (Iob
433 909 573 972 1‚1):
627 909 742 956 ‘Vir
790 920 891 958 erat
941 909 991 956 in
1039 911 1387 959 terraHus’:
1440 911 1687 958 secundus
1732 912 1810 970 Vl,
1860 927 1889 958 a
1935 927 2035 973 quo

290 990 541 1039 Armenii:
579 993 749 1039 tertius
767 993 966 1051 Gether‚
996 1009 1024 1039 a
1049 1009 1149 1054 quo
1175 990 1440 1039 Acarnanii
1467 991 1567 1040 sive
1589 993 1796 1042 Curiae:
1834 1003 2033 1054 quartus

234 1085 264 1133 5
290 1074 416 1132 Mes,
436 1089 464 1121 a
484 1089 583 1135 quo
611 1083 723 1121 sunt
741 1073 790 1121 hi
808 1073 891 1136 qui
912 1083 1149 1122 vocantur
1168 1076 1423 1122 Maeones.
1499 1073 1763 1122 Posteritas
1783 1076 2035 1136 Arphaxat

289 1154 373 1201 filii
391 1156 505 1203 Sem
525 1173 538 1216 5
566 1156 740 1204 Heber
756 1172 910 1219 nepos
936 1157 1201 1218 Arphaxat‚
1229 1173 1258 1203 a
1284 1173 1383 1218 quo
1412 1155 1633 1204 Hebraei
1654 1174 1667 1216 3
1694 1157 1880 1204 Iectam
1908 1157 2035 1205 filius

291 1236 477 1296 Heber,
506 1254 534 1284 a
555 1253 655 1299 quo
683 1238 926 1286 Indorum
945 1246 1050 1286 orta
1070 1247 1143 1286 est
1168 1253 1288 1300 gens
1307 1255 1320 1298 3
1357 1237 1467 1286 Sale
1494 1237 1621 1286 filius
1649 1239 1850 1298 lectam,
1879 1255 1908 1286 a
1938 1256 2037 1301 quo

229 1321 263 1367 6
289 1318 549 1379 Bactriani,
578 1318 692 1368 licet
723 1336 807 1368 eos
833 1319 914 1368 alii
949 1321 1240 1383 Scytharum
1266 1321 1432 1369 exules
1459 1319 1780 1383 suspicantur.
1855 1322 2036 1369 Ismael

287 1399 415 1449 filius
454 1402 723 1461 Abraham,
753 1419 781 1450 a
814 1418 915 1464 quo
955 1401 1249 1461 Ismaelitae,
1283 1401 1367 1464 qui
1402 1418 1535 1450 nunc
1565 1411 1795 1465 corrupto
1833 1402 2035 1451 nomine

233 1495 261 1545 7
290 1483 534 1544 Saraceni,
563 1483 701 1547 quasi
735 1501 763 1532 a
797 1486 950 1543 Sarra,
979 1493 1026 1533 et
1060 1483 1273 1547 Agareni
1302 1484 1365 1532 ab
1399 1486 1544 1546 Agar.
1620 1483 1871 1532 Nabaioth
1908 1483 2035 1532 filius

291 1568 485 1624 Ismael‚
521 1582 549 1614 a
588 1583 688 1628 quo
728 1566 991 1625 Nabathei‚
1028 1565 1112 1628 qui
1151 1566 1214 1614 ab
1256 1567 1507 1629 Euphrata
1546 1565 1596 1612 in
1636 1583 1768 1614 mare
1807 1566 2035 1614 Rubrum

234 1653 263 1698 8
288 1647 582 1697 inhabitant.
657 1649 814 1697 Moab
851 1658 898 1697 et
933 1651 1154 1696 Ammon
1191 1647 1277 1695 filii
1312 1650 1456 1708 Loth,
1484 1665 1514 1695 a
1550 1665 1650 1710 quo
1692 1647 1948 1697 Moabitae
1988 1658 2035 1697 et

231 1747 265 1794 9
291 1729 625 1779 Ammonitae.
700 1732 864 1780 Edom
892 1731 1019 1779 filius
1047 1733 1193 1789 Esau,
1222 1746 1250 1778 a
1287 1747 1388 1792 quo
1426 1729 1666 1778 Idumaei.
1741 1732 1885 1779 Haec
1922 1738 2036 1779 sunt

288 1822 459 1876 gentes
486 1811 631 1876 ‘quae
674 1814 737 1862 de
778 1815 893 1862 Sem
933 1812 1082 1875 stirpe
1129 1814 1455 1871 descendunt,
1506 1811 1818 1874 possidentes
1858 1821 2033 1861 terram

206 1913 264 1948 10
291 1894 615 1944 meridianam
651 1894 715 1942 ab
755 1904 865 1943 ortu
906 1893 1020 1942 solis
1064 1910 1220 1956 usque
1259 1894 1323 1942 ad
1364 1892 1654 1942 Phoenices.
1726 1893 1836 1940 Filii
1874 1895 2034 1943 Cham

291 1986 536 2040 quattuor,
580 1994 638 2026 ex
679 1975 859 2039 quibus
903 1985 1037 2024 ortae
1081 1984 1195 2024 sunt
1236 1984 1407 2037 gentes
1450 1976 1609 2024 haec:
1660 1977 1811 2034 Chus,
1861 1993 1890 2023 a
1936 1993 2035 2040 quo

289 2060 563 2122 Aethiopes
600 2057 843 2122 progeniti
865 2077 878 2119 3
929 2057 1181 2118 Mesraim,
1223 2074 1251 2106 a
1294 2074 1393 2120 quo
1442 2056 1670 2125 Aegyptii
1718 2056 2036 2119 perhibentur

222 2160 268 2193 11
290 2140 456 2190 exorti.
532 2142 677 2200 Phut,
727 2158 756 2188 a
804 2156 905 2202 quo
949 2138 1108 2202 Libyi.
1182 2140 1329 2187 Vnde
1377 2148 1425 2187 et
1474 2138 1813 2187 Mauretaniae
1861 2138 2035 2188 fluvius

291 2239 448 2286 usque
490 2224 539 2271 in
580 2239 811 2287 praesens
854 2223 983 2270 Phut
1022 2220 1214 2281 dicitur,
1259 2220 1521 2283 omnisque
1569 2223 1696 2269 circa
1744 2238 1855 2269 eum
1905 2220 2036 2284 regio

211 2324 268 2358 12
292 2304 608 2354 Phuthensis.
682 2305 957 2364 Chanaam,
978 2320 1006 2352 a
1026 2321 1125 2366 quo
1152 2302 1256 2350 Afri
1284 2312 1331 2351 et
1359 2304 1634 2352 Phoenices
1652 2312 1700 2352 et
1718 2304 2034 2353 Chananaeo-

214 2408 267 2454 13
291 2404 399 2435 rum
439 2388 614 2436 decem
663 2395 850 2450 gentes.
938 2387 1066 2434 Item
1117 2402 1175 2433 ex
1222 2384 1489 2448 nepotibus
1538 2385 1700 2435 Cham
1749 2384 1835 2432 filii
1883 2386 2033 2444 Chus,

291 2478 499 2532 nepotes
549 2469 712 2519 Cham
763 2485 857 2517 sex.
933 2467 1043 2515 Filii
1087 2468 1253 2517 Chus:
1306 2467 1436 2516 Saba
1473 2476 1522 2516 et
1565 2466 1758 2527 Hevila,
1806 2467 2035 2527 Sabatha,

344 2612 367 2648 4
397 2598 471 2636 lidi
501 2598 551 2636 Tl
574 2598 719 2648 (lidius
740 2602 789 2635 ut
805 2596 884 2636 vid.
917 2595 990 2647 T2>
1010 2610 1018 2634 :
1047 2596 1157 2634 ludia
1178 2595 1247 2634 K:
1277 2596 1349 2634 lud
1372 2596 1449 2634 BC
1610 2608 1634 2645 5
1664 2595 1865 2646 quorum]
1888 2609 1970 2645 quo
1987 2595 2036 2633 C1

289 2655 314 2690 6
346 2654 387 2691 ul
410 2653 560 2702 gether
582 2653 617 2691 C
742 2665 763 2701 7
786 2651 918 2703 inter]
943 2649 986 2688 in
1014 2651 1052 2689 T
1158 2650 1319 2689 coelem
1343 2649 1481 2701 (quo-)
1503 2649 1643 2688 siriam
1664 2649 1777 2689 codd.
1805 2650 1950 2702 (siriae
1968 2649 2034 2689 B:

288 2708 531 2758 syriamque
546 2706 614 2757 K)
762 2708 787 2744 8
817 2719 867 2745 us
883 2706 1052 2745 nomine
1069 2705 1138 2744 iob
1151 2717 1238 2744 sec.
1254 2705 1379 2744 Bern.
1398 2709 1493 2744 extr.
1645 2719 1694 2744 10
1723 2704 1908 2744 carmeni
1922 2704 2032 2744 codd.

292 2763 430 2811 (-mini
445 2762 569 2800 Rern.
592 2764 715 2813 extr.)
836 2761 974 2800 cariae
998 2759 1092 2812 (-ie)
1114 2759 1226 2798 codd.
1248 2759 1389 2809 (etiam
1406 2760 1531 2799 Bern.
1551 2761 1674 2812 extr.)
1807 2773 1855 2798 12
1877 2760 2034 2808 nepos]

290 2817 401 2856 filius
424 2816 476 2855 Τ2
607 2829 654 2865 14
685 2816 972 2866 suscipientur
993 2815 1028 2854 C
1151 2827 1197 2863 17
1228 2813 1267 2852 in
1291 2815 1393 2853 mari
1416 2814 1542 2853 rubro
1565 2814 1600 2853 C
1711 2817 1760 2854 18
1787 2827 1812 2854 a
1830 2814 1981 2864 quibus
2005 2813 2039 2852 C

291 2886 343 2910 20
372 2872 594 2922 possident
614 2869 661 2907 K
779 2883 830 2908 22
861 2871 942 2909 hae
961 2875 1113 2920 gentes
1132 2869 1257 2908 Rern.
1281 2873 1380 2909 extr.
1405 2883 1414 2908 ε
1435 2870 1538 2908 haec
1558 2882 1640 2908 om.
1665 2869 1702 2907 T
1805 2880 1858 2918 23
1879 2868 2036 2918 primo-

291 2926 423 2975 geniti
443 2926 483 2964 Β
606 2936 658 2974 25
689 2925 824 2965 omnis
843 2931 982 2965 autem
1004 2924 1055 2963 ci.
1081 2922 1127 2961 K
1249 2925 1301 2977 28
1331 2930 1511 2975 nepotes
1534 2956 1539 2963 .
1566 2953 1574 2962 .
1602 2952 1610 2962 .
1637 2924 1754 2964 Chus
1775 2935 1856 2963 om.
1891 2922 1947 2961 T:
1979 2923 2035 2962 fil.

292 2982 409 3020 Chus
429 2995 509 3020 om.
540 2980 582 3019 I<

2063 1014 2112 1042 10

2062 1422 2110 1461 15

2060 1827 2112 1856 20

2062 2238 2112 2277 25
