2228 3444
1064 105 1336 153 ISIDORI

330 226 545 286 metrica,
586 242 712 289 quae
757 242 1010 274 mensuras
1060 235 1214 275 terrae
1257 226 1694 292 dimensionesque
1736 229 2076 292 conplectitur.

329 308 548 372 Septima
573 307 886 368 astronomia,
915 324 1041 371 quae
1066 307 1288 357 continet
1312 310 1470 372 legem
1495 319 1750 359 astrorum.

243 399 305 438 111
469 393 552 438 DE
579 405 816 438 LITTERIS
844 404 1202 438 COMMVNIBVS.
1278 391 1552 440 Primordia
1583 395 1931 456 grammaticae
1961 391 2074 441 artis

329 473 516 522 litterae
565 489 856 521 communes
906 473 1134 532 existunt,
1176 489 1297 535 quas
1345 473 1525 521 librarii
1569 484 1616 523 et
1652 476 1970 523 calculatores
2009 491 2077 523 se-

328 565 559 619 quuntur.
639 558 862 618 Quarum
890 553 1150 617 disciplina
1173 556 1306 602 velut
1326 556 1569 617 quaedam
1590 555 1937 619 grammaticae
1963 555 2076 604 artis
2103 568 2124 606 5

330 637 534 688 infantia
560 649 664 701 est,
703 639 836 686 unde
863 646 910 685 et
936 652 1044 684 earn
1071 638 1227 684 Varro
1253 636 1599 687 litterationem
1635 648 1790 686 vocat.
1866 639 2077 686 Litterae

329 730 494 769 autem
522 731 635 769 sunt
662 718 850 768 indices
876 734 1051 776 rerum,
1075 717 1212 781 signa
1231 719 1506 778 verborum,
1530 718 1711 782 quibus
1732 729 1867 767 tanta
1891 718 1961 767 vis
1989 729 2076 777 est,

330 813 383 851 ut
409 803 553 852 nobis
579 805 711 853 dicta
730 801 1010 850 absentium
1029 800 1134 850 sine
1153 818 1275 850 voce
1294 803 1571 864 loquantur.
1636 799 1824 867 [Verba
1842 803 1973 850 enim
1995 818 2080 864 per

278 901 309 936 2
331 887 503 934 oculos
529 903 630 934 non
657 901 742 949 per
774 900 915 932 aures
949 880 1309 948 introducunt]
1388 887 1519 933 Vsus
1555 883 1822 933 litterarum
1861 893 2078 946 repertus

331 978 528 1032 propter
562 965 850 1016 memoriam
885 982 1060 1014 rerum.
1135 969 1265 1015 Nam
1303 983 1366 1015 ne
1400 965 1650 1015 oblivione
1681 968 1878 1029 fugiant,
1909 964 2078 1013 litteris
2106 986 2155 1014 10

329 1051 600 1113 alligantur.
677 1052 737 1097 In
763 1058 897 1097 tanta
932 1049 1064 1097 enim
1099 1065 1260 1097 rerum
1297 1048 1528 1098 varietate
1563 1065 1654 1096 nec
1679 1047 1801 1097 disci
1827 1047 2078 1097 audiendo

281 1157 311 1203 3
330 1141 557 1197 poterant
581 1131 761 1191 omnia,
791 1147 883 1179 nec
910 1130 1147 1179 memoria
1173 1130 1428 1180 contineri.
1492 1131 1704 1179 Litterae
1728 1139 1893 1178 autem
1920 1129 2080 1178 dictae

331 1216 469 1278 quasi
517 1214 761 1278 legiterae,
800 1213 937 1275 quod
986 1214 1075 1261 iter
1122 1212 1399 1277 legentibus
1444 1221 1705 1276 praestent,
1745 1213 1820 1260 vel
1858 1212 1992 1274 quod
2029 1210 2079 1258 in

273 1311 306 1358 4
330 1298 542 1361 legendo
575 1298 823 1345 iterentur.
900 1296 1113 1344 Litterae
1150 1295 1356 1344 Latinae
1394 1304 1442 1343 et
1478 1295 1698 1344 Graecae
1733 1294 1797 1342 ab
1836 1292 2079 1342 Hebraeis

328 1378 556 1427 videntur
605 1387 817 1427 exortae.
896 1378 1048 1438 Apud
1097 1377 1204 1425 illos
1242 1375 1374 1425 enim
1412 1375 1544 1440 prius
1581 1378 1769 1425 dictum
1807 1384 1879 1424 est
1915 1376 2074 1438 aleph,
2108 1396 2154 1436 15

328 1460 511 1510 deinde
537 1476 594 1508 ex
620 1458 763 1508 simili
792 1457 1133 1508 enuntiatione
1166 1461 1300 1522 apud
1331 1460 1548 1508 Graecos
1583 1466 1791 1506 tractum
1818 1466 1891 1506 est
1916 1458 2075 1520 alpha,

330 1541 447 1591 inde
472 1544 606 1606 apud
633 1541 836 1590 Latinos
864 1545 917 1588 A.
992 1543 1279 1590 Translator
1312 1540 1444 1589 enim
1479 1557 1536 1589 ex
1563 1539 1707 1588 simili
1733 1556 1858 1588 sono
1883 1540 2078 1588 alterius

330 1625 525 1688 linguae
547 1623 756 1673 litteram
773 1621 1014 1682 condidit,
1039 1631 1092 1671 ut
1112 1639 1257 1671 nosse
1277 1621 1522 1686 possimus
1540 1621 1756 1685 linguam
1775 1619 2077 1669 Hebraicam

331 1706 555 1754 omnium
587 1706 863 1768 linguarum
897 1713 944 1752 et
974 1702 1243 1753 litterarum
1281 1721 1387 1752 esse
1426 1714 1648 1752 matrem.
1721 1704 1819 1751 Sed
1858 1700 2079 1751 Hebraei

330 1787 499 1852 viginti
536 1790 637 1837 duo
669 1790 915 1837 elementa
949 1787 1215 1835 litterarum
1252 1787 1526 1835 secundum
1553 1783 1745 1833 Veteris
1771 1782 2079 1833 Testamenti
2106 1805 2156 1832 20

331 1869 480 1918 libros
508 1879 741 1931 utuntur,
769 1869 945 1919 Graeci
971 1886 1086 1918 vero
1111 1867 1281 1932 viginti
1308 1877 1552 1931 quattuor.
1617 1865 1778 1914 Latini
1798 1865 1927 1914 enim
1956 1865 2081 1913 inter

332 1962 591 2015 utramque
622 1952 839 2015 linguam
875 1950 1243 2016 progredientes
1278 1948 1446 2012 viginti
1482 1948 1569 1996 tria
1607 1950 1850 1997 elementa
1879 1947 2077 1995 habent.

280 2045 310 2093 5
335 2034 681 2083 Hebraeorum
719 2033 902 2082 litteras
939 2051 967 2081 a
1006 2035 1137 2095 Lege
1175 2030 1397 2095 coepisse
1440 2048 1525 2094 per
1563 2033 1804 2093 Moysen:
1850 2032 2079 2092 Syrorum

331 2125 497 2165 autem
524 2125 571 2164 et
598 2117 963 2166 Chaldaeorum
992 2131 1077 2178 per
1103 2115 1371 2162 Abraham.
1444 2114 1591 2161 Vnde
1612 2121 1665 2160 vet
1690 2128 1803 2160 cum
1837 2110 2082 2160 Hebraeis

333 2208 381 2247 et
415 2215 622 2247 numero
657 2207 704 2246 et
742 2214 865 2246 sono
891 2197 1211 2255 concordant,
1241 2195 1356 2244 solis
1391 2193 1752 2242 characteribus
1783 2192 2076 2255 discrepant.
2106 2212 2156 2252 25

334 2279 689 2343 Aegyptiorum
707 2279 890 2328 litteras
910 2277 1002 2327 Isis
1022 2276 1200 2340 regina,
1224 2275 1422 2324 Inachis
1441 2274 1552 2334 filia,
1573 2275 1635 2323 de
1655 2272 1862 2323 Graecia
1878 2273 2080 2323 veniens

334 2361 384 2409 in
411 2364 705 2424 Aegyptum,
742 2359 953 2424 repperit
979 2369 1027 2408 et
1061 2358 1313 2422 Aegyptiis
1345 2355 1558 2405 tradidit.
1633 2357 1783 2418 Apud
1814 2355 2081 2419 Aegyptios

334 2452 500 2492 autem
525 2442 643 2491 alias
670 2442 900 2490 habuisse
926 2441 1109 2489 litteras
1143 2441 1436 2497 sacerdoteS,
1469 2437 1587 2486 alias
1621 2439 1793 2500 vulgus
1812 2456 1825 2498 3
1862 2439 2082 2486 sacerdo-

394 2587 412 2613 1
446 2578 587 2612 terrae
609 2586 693 2611 om.
722 2572 795 2611 TA
804 2571 857 2610 ¹C
986 2585 1010 2620 4
1041 2569 1221 2609 liberalii
1245 2568 1305 2608 T:
1336 2566 1520 2607 liberarii
1543 2566 1594 2606 Cl
1706 2568 1732 2605 8
1759 2567 1902 2606 Verba
1924 2597 1935 2608 .
1959 2596 1967 2604 .
1989 2597 1997 2605 .
2021 2567 2080 2604 in-

336 2629 566 2669 troducunt
583 2628 677 2666 hab.
707 2624 912 2666 TUWX:
942 2638 1022 2664 om.
1044 2624 1253 2664 ABCGK
1265 2623 1398 2674 Sang.
1418 2626 1517 2661 extr.
1611 2635 1637 2672 9
1665 2621 1938 2661 introducunt
1965 2620 2079 2660 TW:

339 2684 665 2723 introducuntur
684 2681 754 2721 X:
783 2682 1003 2719 introeunt
1028 2680 1070 2718 U
1206 2692 1256 2718 10
1285 2690 1422 2717 rerum
1442 2682 1507 2716 est
1531 2675 1686 2729 T(non
1712 2676 1769 2714 W
1770 2680 1785 2730 )
1922 2689 1966 2715 11
2000 2675 2081 2714 dici

341 2739 376 2779 C
381 2736 477 2778 TW
580 2737 839 2776 audiendum
860 2734 906 2773 K
1073 2747 1121 2772 12
1151 2733 1326 2772 retineri
1346 2732 1393 2770 K
1559 2744 1607 2781 13
1635 2730 1877 2782 praestent]
1904 2735 2083 2780 prevent

343 2794 387 2832 U
402 2798 449 2831 ut
466 2791 545 2832 vid.
566 2791 668 2843 (non
696 2790 775 2842 W)
937 2801 986 2838 15
1017 2788 1155 2840 prius]
1177 2788 1359 2838 primum
1379 2792 1585 2838 suprascr.
1607 2785 1689 2826 A2:
1721 2786 1880 2836 primus
1899 2785 2081 2835 primum

339 2849 475 2899 Sang.
495 2851 594 2886 extr.
723 2849 770 2884 16
799 2849 892 2884 ante
912 2844 1207 2883 enuntiatione
1219 2844 1307 2892 5-6
1325 2842 1400 2881 litt.
1424 2855 1527 2882 eras.
1547 2840 1593 2879 K
1722 2843 1771 2880 18
1800 2851 2024 2891 possemus
2043 2837 2084 2876 B

345 2916 394 2953 19
424 2902 485 2954 et]
509 2915 558 2941 ac
576 2900 610 2940 C
751 2914 804 2939 20
819 2900 980 2939 duobus
998 2898 1219 2937 elementis
1241 2897 1298 2936 T:
1319 2897 1482 2935 duobus
1499 2894 1684 2936 numeris
1706 2896 1748 2934 U
1880 2906 1927 2932 21
1951 2893 2082 2944 enim]

340 2964 482 2996 autem
501 2955 681 3007 CSang.
697 2961 794 2994 extr.
901 2967 950 3003 27
973 2959 1017 2992 et
1030 2966 1114 2993 om.
1139 2952 1175 2991 T
