2176 3424
639 8 731 17 *KV*

391 102 1020 150 ETYMOLOGIARVM
1061 101 1191 149 LIB.
1231 104 1341 149 XX.
1381 101 1573 150 xiv—xvi

34 250 40 259 ¹
112 229 312 292 porculi,
354 231 489 292 quod
529 230 752 278 nondum
795 228 981 292 aliquid
1020 231 1261 289 frendant,
1307 229 1358 278 id
1401 239 1474 279 est
1517 230 1858 279 comminuant

113 310 358 360 dentibus.
434 310 570 358 Hinc
600 320 648 358 et
684 310 796 359 faba
826 312 964 370 fresa,
998 328 1124 373 quae
1162 313 1333 359 molita
1368 321 1455 360 est.
1531 312 1710 375 Lupati
1747 322 1861 360 sunt
1885 327 1915 360 2

114 391 235 441 sreni
259 391 509 454 asperrimi
531 411 539 441 :
577 390 697 440 dicti
722 400 887 440 autern
914 391 1068 454 lupati
1094 409 1122 440 a
1147 391 1328 455 lupinis
1354 389 1600 453 dentibus,
1625 393 1709 456 qui
1735 394 1863 442 inae-

114 474 285 536 quales
333 482 459 532 sunt‚
505 473 638 520 unde
682 472 829 521 etiarn
879 488 1050 521 eorum
1100 490 1291 522 morsus
1339 475 1658 523 vehementer
1704 475 1860 524 obest.

70 574 90 612 5
116 556 313 605 Carnus.
344 554 604 602 'Habenas
624 554 687 602 ab
706 555 939 602 habendo
959 556 1130 614 dictas,
1154 557 1290 618 quod
1310 555 1385 604 his
1402 572 1558 619 equos
1574 557 1860 616 habeamus,
1888 572 1918 618 3

115 637 210 683 hoc
236 643 308 683 est
334 643 589 683 teneamus
611 654 623 696 3
666 636 799 683 unde
828 633 919 701 [et]
948 635 1063 698 equi
1089 635 1278 685 habiles
1304 636 1439 685 dicti.
1514 640 1658 686 Haec
1684 647 1731 686 et
1758 639 1866 686 reti-

117 719 292 765 nacula
333 734 361 764 a
400 715 674 765 retinendo.
755 718 897 765 Lora.
983 717 1195 779 Capistri
1245 734 1272 766 a
1320 718 1481 781 capite
1530 718 1920 785 iumentorum4

116 798 247 848 dicti.
319 799 446 846 Sella
476 815 504 846 a
537 799 774 856 sedendo,
803 797 941 860 quasi
977 799 1145 847 sedda.
1219 801 1400 847 Antela
1437 799 1574 862 quasi
1612 802 1863 860 antesella‚

117 880 243 929 sicut
272 889 319 928 et
355 880 544 943 postela
580 878 719 941 quasi
753 881 998 942 postsella.
1072 880 1339 943 Cingulum
1378 883 1637 930 hominum
1675 882 1866 946 generis

46 986 95 1013 10
119 961 277 1011 neutri
297 971 396 1021 est,
425 978 537 1009 nam
556 960 842 1009 animalium
858 977 1036 1024 genere
1047 961 1286 1011 feminino
1297 962 1508 1012 dicimus
1526 965 1612 1012 has
1630 965 1863 1027 cingulas.

121 1046 309 1106 Sagma,
345 1059 471 1105 quae
505 1053 730 1105 corrupte
769 1045 915 1106 vulgo
950 1045 1102 1092 salma
1132 1044 1322 1102 dicitur,
1358 1045 1421 1093 ab
1457 1055 1607 1094 stratu
1639 1062 1867 1109 sagorum
1894 1063 1929 1114 5-

121 1134 320 1172 vocatur
342 1143 350 1172 ε
387 1125 520 1173 unde
547 1134 594 1172 et
614 1125 831 1172 caballus
851 1127 1132 1187 sagmarius,
1154 1128 1285 1173 mula
1306 1126 1555 1189 sagmaria.
1620 1127 1868 1190 Capulum

122 1205 249 1254 funis
275 1223 304 1254 a
328 1205 584 1269 capiendo,
615 1207 749 1267 quod
777 1222 836 1254 eo
863 1206 1104 1255 indomita
1142 1206 1360 1256 iumenta
1387 1210 1870 1271 conprehendantur.

122 1288 343 1338 Calcaria
376 1287 507 1336 dicta
542 1286 656 1349 quia
691 1287 738 1334 in
778 1289 911 1336 calce
950 1287 1163 1336 hominis
1201 1288 1422 1352 ligantur,
1461 1289 1510 1338 id
1541 1299 1614 1338 est
1651 1289 1700 1337 in
1731 1288 1871 1352 pedis
1897 1299 1932 1345 6

52 1391 97 1430 15
125 1369 378 1433 posteriori
404 1379 552 1432 parte,
580 1370 643 1417 ad
670 1369 996 1418 stimulandos
1028 1387 1198 1432 equos,
1226 1363 1407 1434 quibus
1437 1382 1519 1420 aut
1546 1374 1869 1435 pugnandum

125 1461 196 1500 est
228 1460 311 1499 aut
343 1452 653 1509 currendum,
683 1460 880 1513 propter
917 1451 1157 1513 pigritiam
1191 1452 1477 1501 animalium
1512 1464 1595 1502 aut
1626 1454 1866 1502 timorem.

127 1535 254 1581 Nam
286 1549 342 1580 ex
369 1531 542 1580 timore
569 1531 752 1579 stimuli
779 1531 1065 1594 nuncupati,
1094 1532 1206 1580 licet
1233 1533 1329 1581 sint
1355 1543 1403 1582 et
1428 1534 1647 1583 libidinis
1673 1534 1872 1583 stimuli.

129 1612 343 1676 Strigiles
404 1615 672 1675 nuncupati
723 1629 751 1660 a
805 1615 1056 1675 tergendO,
1111 1616 1246 1676 quod
1307 1615 1381 1663 his
1443 1616 1557 1679 equi
1613 1625 1873 1679 tergantur.
1900 1631 1929 1679 7

129 1696 394 1744 Character
420 1704 492 1742 est
512 1695 690 1742 ferrum
708 1695 976 1742 caloratum
999 1711 1099 1756 quo
1125 1704 1272 1744 notae
1289 1697 1565 1759 pecudibus
1587 1699 1845 1746 inuruntur
1870 1717 1877 1746 :

55 1802 104 1828 20
126 1777 364 1842 χαρακτὴρ
409 1786 574 1823 autem
633 1776 835 1835 Graece,
895 1777 1069 1824 Latine
1123 1778 1279 1824 forma
1327 1777 1518 1826 dicitur.
1592 1778 1877 1828 Cauterium
1903 1784 1932 1829 8

131 1857 316 1907 dictum
337 1856 476 1920 quasi
501 1858 790 1916 cauturium,
815 1858 950 1919 quod
975 1868 1082 1905 urat
1101 1866 1148 1906 et
1169 1858 1373 1920 provida
1399 1859 1459 1908 sit
1486 1859 1535 1907 in
1562 1877 1675 1908 eum
1698 1877 1883 1909 severa-

133 1955 229 2002 que
254 1938 417 1986 cautio
442 1948 508 1997 ut,
536 1939 655 1986 dum
683 1939 889 1997 videtur,
906 1937 1045 1986 cuius
1072 1938 1146 1997 sit,
1165 1939 1366 1987 avaritia
1382 1941 1663 1989 refrenetur.
1728 1942 1881 2002 Quod

133 2020 381 2068 interdum
408 2035 495 2082 pro
522 2018 676 2081 signo,
704 2018 949 2067 interdum
981 2036 1069 2081 pro
1095 2036 1210 2068 cura
1235 2020 1511 2080 adhibetur,
1542 2032 1594 2070 ut
1625 2022 1695 2071 vis
1723 2021 1882 2070 morbi

134 2101 256 2164 ignis
282 2102 455 2149 ardore
481 2099 700 2148 siccetur.

194 2241 209 2265 1
243 2229 354 2277 quod
376 2242 424 2266 ex
442 2240 565 2278 quam
586 2227 627 2265 Β
756 2228 951 2266 frendent
968 2229 1014 2267 K
1133 2230 1420 2269 comminuent
1441 2231 1486 2269 K
1632 2244 1656 2269 2
1687 2231 1819 2269 fressa
1839 2231 1884 2269 K

137 2283 295 2321 mollita
315 2282 355 2320 Β
374 2298 382 2321 :
412 2284 569 2321 moluta
590 2283 633 2320 K
754 2295 778 2331 3
808 2283 876 2332 qui
898 2289 938 2321 et
962 2284 1018 2322 in.
1051 2283 1087 2321 T
1205 2296 1229 2333 5
1262 2284 1417 2323 camus
1439 2286 1585 2326 BCK:
1614 2287 1788 2324 Camum
1810 2285 1887 2323 TU

136 2338 313 2376 Abenas
332 2337 444 2376 codd.
595 2338 759 2375 abendo
782 2337 911 2375 BKT
1062 2338 1195 2390 quod]
1217 2352 1322 2388 quos
1340 2341 1430 2379 ΚΝ
1659 2342 1685 2378 6
1714 2341 1796 2379 hoc
1817 2347 1883 2379 est

136 2399 221 2431 ten.
263 2405 344 2431 om.
390 2391 473 2429 UV
657 2398 698 2429 et
736 2392 829 2430 lzab.
874 2392 970 2431 CT:
1018 2405 1100 2432 om.
1144 2393 1318 2431 BKUV
1507 2395 1636 2434 abiles
1675 2394 1889 2432 BKTUV

138 2448 178 2486 h.
218 2452 260 2485 et
298 2452 376 2486 ret.
417 2446 463 2484 K
628 2461 648 2495 7
680 2446 887 2496 Capistria
926 2461 950 2485 a
990 2446 1130 2485 CTU:
1179 2448 1352 2498 Cipistri
1391 2462 1414 2487 a
1450 2449 1489 2487 Β
1599 2451 1624 2487 8
1654 2450 1764 2488 dicta
1811 2449 1889 2487 TU

139 2501 242 2540 seda
262 2501 328 2541 K:
359 2507 450 2539 seta
475 2501 516 2538 U
748 2500 923 2552 Antela]
943 2503 1064 2540 etiam
1092 2502 1133 2539 U
1358 2509 1459 2542 ante
1479 2504 1625 2543 sellam
1651 2504 1686 2544 C
1705 2504 1805 2556 (non
1827 2503 1886 2554 U)

139 2569 165 2606 9
194 2555 380 2606 postela]
398 2556 519 2594 etiam
546 2555 586 2594 U
746 2561 841 2604 post
861 2556 1007 2595 sellam
1031 2556 1066 2595 C
1085 2556 1188 2606 (non
1214 2557 1269 2606 U)
1437 2559 1616 2608 Cingula
1637 2559 1678 2597 Β
1699 2561 1800 2609 (non
1828 2556 1886 2609 U)

139 2610 322 2648 hominis
341 2609 387 2647 K
408 2611 511 2662 (non
532 2609 639 2661 ΝΠ)
752 2611 899 2658 generi
921 2611 966 2649 K
1120 2624 1168 2650 10
1197 2612 1433 2651 fimininum
1455 2613 1501 2651 K
1654 2626 1696 2651 11
1732 2613 1883 2664 salma]

139 2665 260 2703 etiam
281 2663 365 2702 EN
367 2664 409 2702 U
582 2677 629 2702 12
660 2665 841 2703 cavallos
862 2665 907 2702 K
922 2678 931 2703 ι
962 2665 1147 2705 cavallus
1167 2667 1213 2704 N
1233 2665 1332 2717 (non
1351 2666 1409 2718 E)
1561 2667 1796 2716 sagmarios
1816 2665 1862 2704 K
1877 2681 1886 2705 ε

142 2719 347 2758 sacmaria
365 2717 410 2756 N
521 2731 567 2767 13
599 2732 649 2757 eo
671 2732 752 2758 om.
784 2719 821 2758 T
929 2732 974 2769 14
1007 2721 1104 2770 pedi
1126 2720 1172 2758 K
1283 2735 1330 2770 17
1362 2735 1416 2760 ex
1436 2722 1608 2774 timore]
1628 2723 1698 2772 qui
1713 2734 1833 2760 mm*
1856 2721 1894 2760 T

143 2779 184 2812 et
205 2787 288 2815 om.
315 2773 353 2812 T
502 2775 550 2812 18
579 2774 691 2823 quod
711 2787 760 2812 ex
777 2786 900 2823 quam
922 2774 963 2812 Β
1129 2788 1177 2824 19
1206 2776 1409 2815 Caracter
1427 2777 1540 2817 codd.
1651 2777 1887 2815 caloratum

143 2827 188 2866 K
206 2829 310 2880 (non
330 2826 392 2880 N)
542 2828 769 2878 pecodibus
794 2828 836 2866 U
852 2827 965 2880 (Tn.
985 2829 1056 2879 l.):
1086 2829 1311 2879 pecoribus
1331 2831 1421 2872 KN
1618 2844 1671 2870 20
1700 2837 1890 2871 caracter

144 2881 253 2921 codd.
403 2882 538 2921 dictur
556 2883 597 2920 Β
745 2883 974 2922 cautorium
991 2882 1039 2923 Cl
1057 2883 1171 2935 (Tn.
1189 2885 1238 2932 l.)
1433 2899 1480 2924 21
1514 2886 1625 2935 quod
1646 2899 1696 2925 ex
1712 2899 1836 2935 quam
1850 2885 1891 2924 B

145 2936 339 2986 providat
363 2937 418 2976 sit
438 2937 505 2975 B:
535 2937 756 2987 provideat
776 2938 828 2976 sit
851 2937 939 2976 KN
954 2938 1055 2989 (non
1082 2938 1147 2977 U:
1186 2938 1223 2977 T
1238 2952 1278 2979 n.
1298 2939 1344 2990 l.)
