2176 3424
333 152 963 202 ETYMOLOGIARVM
1002 151 1130 197 LIB.
1172 149 1319 195 XIII.
1363 145 1452 204 xxi,
1493 144 1587 192 xxii

98 286 181 350 qui
218 285 389 349 rapido
424 285 647 333 concitus
684 299 842 342 cursu,
882 279 1123 344 Tyrrheni
1159 276 1387 342 aequoris
1424 279 1546 325 freta
1585 274 1830 333 scindens,

97 386 198 418 non
224 366 476 416 modicum
503 382 648 429 saepe
674 363 1007 428 navigantium
1032 363 1148 410 facit
1173 361 1458 424 periculum,
1488 360 1609 407 dum
1635 356 1759 406 inter
1784 373 1835 404 se

97 452 242 499 maris
279 451 454 497 fluctus
479 457 527 497 et
557 447 716 496 amnis
749 448 933 495 fluenta
964 446 1231 494 decertant.
1306 443 1513 490 Rhenus
1546 457 1574 488 a
1601 437 1835 488 Rhodani
1859 458 1926 505 30

97 534 328 581 societate
354 522 502 579 fertur
525 538 741 588 vocatus,
771 528 1008 592 quoniam
1034 543 1148 575 cum
1175 525 1352 574 eodem
1380 540 1437 572 ex
1463 539 1561 571 una
1585 519 1837 585 provincia

48 630 70 669 5
97 613 259 663 oritur.
332 615 420 661 Est
444 622 609 660 autem
636 609 931 660 Germaniae
963 607 1138 657 fluvius
1164 607 1288 656 inter
1313 616 1408 655 tres
1436 608 1664 667 Europae
1689 601 1835 651 maxi-

96 711 203 744 mos
239 696 413 743 fluvios
450 702 760 757 conputatus,
800 690 885 755 qui
921 708 949 739 a
985 689 1100 754 iugo
1126 688 1328 752 Alpium
1367 704 1522 750 usque
1556 685 1607 734 in
1646 683 1836 735 Oceani

95 778 339 840 profunda
365 792 532 824 cursus
559 791 674 823 suos
700 773 874 837 dirigit.

165 858 337 907 Iberus
373 859 544 916 amnis,
573 858 658 920 qui
690 857 945 919 quondam
976 854 1125 903 totius
1160 851 1435 915 Hispaniae
1464 867 1647 900 nomen
1682 847 1832 899 dedit.
1861 864 1916 910 31

98 938 297 988 Mineus
322 938 495 987 fluvius
522 937 759 988 Galliciae
786 953 970 987 nomen
994 954 1022 984 a
1047 937 1211 984 colore
1230 933 1469 998 pigmenti
1500 931 1721 995 sumpsit,
1752 929 1836 994 qui
1861 949 1924 994 32

15 1037 73 1064 ¹10
96 1020 145 1069 in
187 1038 247 1070 eo
277 1020 514 1084 plurimus
551 1019 807 1069 invenitur.
873 1020 1055 1067 Durius
1092 1035 1121 1066 a
1157 1016 1372 1075 Graecis,
1425 1014 1565 1079 quasi
1605 1012 1832 1062 Doricus.
1863 1030 1926 1077 33

94 1106 287 1167 Tagum
323 1104 526 1151 fluvium
563 1102 775 1166 Cartago
813 1101 1088 1164 Hispaniae
1124 1097 1441 1162 nuncupavit,
1475 1115 1533 1146 ex
1570 1112 1667 1159 qua
1704 1103 1838 1143 ortus

95 1183 315 1247 procedit
332 1202 346 1245 3
381 1186 556 1233 fluvius
590 1183 783 1233 harenis
817 1182 1034 1232 auriferis
1066 1181 1310 1246 copiosus,
1353 1190 1401 1229 et
1434 1180 1500 1229 ob
1530 1180 1626 1227 hoc
1663 1175 1837 1226 ceteris

94 1265 251 1315 fluviis
278 1266 632 1330 Hispaniarum
660 1268 916 1330 praelatus.
991 1268 1171 1314 Baetus
1197 1263 1387 1323 fluvius,
1420 1263 1504 1326 qui
1530 1271 1578 1309 et
1606 1259 1836 1309 Baeticae
1860 1277 1926 1325 34

96 1348 374 1412 provinciae
400 1366 584 1398 nomen
609 1348 760 1398 dedit.
836 1350 914 1396 De
941 1365 1040 1411 quo
1070 1345 1308 1394 Martialis
1335 1344 1435 1410 (12,
1460 1346 1537 1406 98,
1564 1341 1610 1407 1)
1637 1362 1644 1390 :

14 1443 71 1484 ·¹5
298 1432 461 1479 Baetis
499 1429 716 1479 olivifera
752 1429 937 1479 crinem
975 1427 1200 1478 redimite
1237 1443 1431 1485 corona,

430 1528 576 1561 aurea
611 1511 695 1574 qui
733 1511 900 1560 nitidis
937 1513 1114 1559 vellera
1151 1509 1296 1572 tingis
1332 1507 1472 1571 aquis
1492 1525 1505 1567 3

96 1610 155 1642 eo
197 1595 334 1656 quod
371 1592 439 1641 ibi
478 1595 618 1642 lanae
660 1595 866 1656 pulchro
905 1594 1069 1641 colore
1108 1593 1377 1655 tinguntur.
1468 1588 1633 1638 Baetis
1671 1596 1837 1636 autem

96 1676 256 1723 dictus
304 1691 364 1724 eo
401 1677 537 1738 quod
584 1674 757 1723 humili
806 1676 912 1724 solo
960 1676 1212 1723 decurrat:
1265 1672 1456 1727 †bitin†
1497 1672 1630 1720 enim
1662 1668 1838 1719 Graeci

97 1755 281 1804 humile
306 1758 381 1804 vel
399 1773 613 1805 mersum
639 1766 830 1805 vocant.
885 1758 1145 1818 Quaedam
1162 1764 1328 1804 autem
1356 1753 1561 1803 flumina
1586 1754 1636 1801 in
1652 1751 1838 1802 diluvio
1863 1765 1927 1815 35

12 1853 74 1881 -20
96 1840 254 1887 soluta
279 1840 408 1886 mole
442 1847 675 1887 terrarum
710 1840 964 1902 praeclusa
996 1847 1124 1897 sunt,
1152 1839 1399 1901 quaedam
1424 1853 1554 1896 vero,
1583 1852 1709 1899 quae
1736 1851 1838 1883 non

95 1929 244 1979 erant,
272 1919 435 1983 abyssi
460 1930 578 1968 tunc
603 1922 755 1983 ruptis
782 1919 1025 1970 meatibus
1053 1930 1330 1983 eruperunt.

230 2003 314 2050 DE
350 2017 592 2050 DILVVIIS.
684 2003 938 2050 Diluvium
987 2003 1174 2050 dictum
1224 2002 1360 2063 quod
1408 2016 1646 2062 aquarum
1696 2000 1837 2048 clade
1863 2004 1991 2044 XXII

96 2083 263 2132 omnia
297 2100 423 2147 quae
448 2082 760 2132 inundaverit
793 2085 966 2132 deleat.
1042 2082 1261 2131 Primum
1297 2081 1537 2131 diluvium
1564 2080 1719 2130 extitit
1745 2081 1837 2130 sub
1862 2091 1892 2125 2

96 2166 219 2225 Noe,
256 2165 458 2229 quando
495 2164 754 2213 hominum
789 2164 1053 2213 sceleribus
1092 2166 1307 2213 offensus
1346 2163 1690 2226 Omnipotens,
1733 2172 1837 2211 toto

10 2259 72 2300 ³25
96 2248 215 2297 orbe
248 2255 491 2305 contecto,
520 2245 693 2295 deletis
724 2248 927 2306 cunctis,
954 2263 1108 2294 unum
1147 2245 1360 2309 spatium
1391 2246 1510 2294 caeli
1546 2244 1636 2293 fuit
1668 2262 1726 2293 ac
1759 2261 1839 2307 pe-

96 2329 203 2393 lagi.
277 2328 431 2380 Cuius
464 2327 703 2377 indicium
741 2331 980 2378 hactenus
1006 2329 1230 2378 videmus
1268 2327 1318 2376 in
1348 2327 1597 2392 lapidibus
1631 2344 1756 2391 quos
1787 2328 1837 2376 in

94 2410 292 2461 remotis
342 2410 594 2459 montibus
634 2411 837 2460 conchis
884 2420 932 2460 et
971 2410 1142 2460 ostreis
1181 2419 1452 2469 concretos,
1495 2426 1642 2473 saepe
1689 2408 1836 2458 etiam

94 2502 291 2542 cavatos
329 2491 468 2556 aquis
507 2492 661 2542 visere
709 2495 938 2542 solemus.
1025 2493 1311 2542 Secundum
1361 2491 1599 2541 diluvium
1650 2491 1739 2540 fuit
1787 2491 1836 2539 in
1860 2502 1891 2547 3

150 2637 174 2661 2
204 2623 498 2673 navigantibus
516 2623 557 2661 Β
681 2638 703 2673 4
735 2623 951 2675 quoniam]
973 2624 1086 2673 quod
1110 2624 1146 2663 C
1252 2624 1402 2663 eadem
1431 2621 1468 2660 T
1573 2635 1597 2672 5
1630 2623 1837 2661 maximus

97 2678 250 2717 ssubius
269 2677 306 2716 T
408 2680 434 2716 6
453 2678 602 2717 fluvios
616 2692 696 2717 om.
713 2677 759 2715 Κ
865 2680 890 2717 8
913 2679 1076 2718 Iberius
1089 2677 1130 2715 Β
1244 2691 1293 2719 10
1314 2677 1540 2728 plurimum
1556 2675 1622 2715 K:
1644 2678 1836 2727 pluribus

104 2731 141 2770 T
234 2732 387 2771 Dorius
411 2731 489 2772 CK
600 2745 647 2771 12
678 2733 829 2773 fulvius
856 2733 894 2772 T
984 2733 1155 2772 aurenis
1171 2732 1211 2770 Β
1326 2743 1374 2781 15
1404 2732 1512 2771 oliae
1532 2732 1563 2782 (ἓ
1576 2733 1644 2783 ve)
1664 2732 1752 2770 fera
1775 2731 1835 2769 T:

98 2787 264 2826 olilibae
285 2787 373 2826 fera
392 2785 433 2824 Β
454 2801 463 2825 :
491 2786 636 2826 olifera
659 2788 693 2826 C
839 2788 998 2827 crimen
1018 2786 1104 2826 ΒΚ
1120 2802 1128 2826 :
1157 2787 1294 2826 cimen
1325 2786 1362 2824 T
1501 2799 1698 2826 coronam
1720 2786 1830 2825 codd.

102 2843 150 2880 16
179 2854 351 2881 auream
370 2840 458 2879 ΒΚ
563 2842 690 2892 tingit
711 2842 746 2881 C
850 2843 971 2892 aquis
991 2856 1075 2881 om.
1104 2841 1140 2879 T
1304 2843 1351 2880 18
1380 2841 1487 2880 bitin
1502 2839 1611 2879 BT:
1632 2841 1746 2880 betin
1763 2839 1836 2879 K:

99 2895 213 2936 biten
237 2895 294 2935 C:
323 2894 423 2940 βαθύ
443 2896 503 2934 vel
521 2895 646 2940 βυθόν
667 2896 788 2936 Arev.
915 2910 964 2947 19
992 2897 1190 2936 humilem
1214 2897 1252 2934 Β
1363 2910 1416 2935 20
1444 2896 1569 2934 solita
1590 2895 1631 2932 Β
1741 2908 1835 2946 per-

100 2950 213 2990 clusa
240 2949 278 2988 T
400 2963 446 2988 21
479 2956 566 2990 tum
586 2950 632 2988 K
737 2951 925 3002 abruptis
948 2950 982 2989 C
1089 2957 1289 2990 eruerunt
1310 2950 1355 2989 K
1462 2962 1513 2999 25
1543 2962 1603 2989 or.
1630 2955 1835 2989 terrarum

100 3017 194 3044 con.
211 3003 256 3042 K
363 3010 563 3046 contento
580 3005 626 3043 K
642 3020 651 3044 ι
672 3012 868 3046 contacto
884 3006 941 3044 Β1
1054 3006 1196 3045 unium
1217 3004 1263 3043 K
1369 3005 1437 3056 ac]
1456 3011 1498 3043 et
1513 3004 1546 3043 C
1654 3006 1706 3043 26
1734 3004 1838 3056 lap.]

101 3057 322 3108 paludibus
337 3057 503 3097 KNOP
523 3061 626 3111 (non
648 3059 783 3110 DFG)
897 3073 946 3109 27
977 3065 1019 3099 et
1041 3066 1081 3099 et
1102 3059 1274 3100 tostreis
1302 3057 1338 3098 T
1444 3059 1496 3097 28
1524 3070 1696 3098 ves-aere
1718 3057 1758 3096 B

920 3127 1020 3162 H2
