2176 3424
415 135 1047 188 ETYMOLOGIARVM
1087 133 1216 179 LIB.
1268 131 1390 179 XII.
1427 128 1490 175 vii

81 273 252 333 feralis,
276 279 452 321 onusta
471 268 670 331 quidem
693 264 886 329 plumis,
910 264 998 311 sed
1021 262 1153 326 gravi
1174 276 1366 323 semper
1386 259 1586 307 detenta
1603 255 1796 320 pigritia
1816 275 1824 303 :

81 358 130 406 in
166 353 399 419 sepulcris
435 350 516 400 die
558 357 810 410 noctuque
844 354 1073 403 versatur,
1113 353 1161 392 et
1198 357 1390 405 semper
1421 354 1735 389 commorans
1773 336 1822 385 in

80 436 310 488 cavernis
383 436 460 483 De
486 448 583 495 qua
608 429 817 479 Ovidius
841 427 987 491 (Met.
1009 441 1050 490 5,
1072 424 1189 490 549)
1210 444 1219 473 :

279 517 547 577 Foedaque
585 514 637 560 fit
673 511 881 560 volucris
917 506 1110 557 venturi
1144 505 1318 555 nuntia
1352 506 1527 563 luctus,

16 636 21 662 s
33 624 55 666 5
279 599 480 662 ignavus
517 595 654 643 bubo
691 593 850 642 dirum
889 589 1178 639 mortalibus
1215 604 1376 636 omen.

80 682 310 745 Denique
342 679 477 743 apud
507 691 713 739 augures
746 675 929 722 malum
955 672 1249 736 portendere
1275 670 1451 717 fertur:
1491 682 1603 713 nam
1632 680 1746 712 cum
1774 662 1824 709 in

77 765 197 814 urbe
222 763 324 812 visa
349 760 503 819 fuerit,
532 755 846 807 solitudinem
875 753 1147 817 significare
1173 753 1357 800 dicunt.
1424 750 1622 796 Noctua
1647 745 1826 794 dicitur
1848 754 1917 801 40

78 864 165 911 pro
191 862 251 895 eo
277 844 413 908 quod
438 849 585 889 nocte
620 838 939 887 circumvolat
966 845 1012 884 et
1038 851 1123 898 per
1148 833 1281 881 diem
1311 847 1414 879 non
1447 828 1602 893 possit
1627 827 1794 875 videre
1813 844 1825 886 ;

78 946 193 977 nam
220 934 387 976 exorto
409 923 671 986 splendore
698 919 827 978 soliS,
850 918 980 966 visus
1006 916 1132 964 illius
1159 915 1432 963 hebetatur.
1490 914 1639 959 Hanc
1658 918 1824 956 autem

0 1023 58 1069 ἘΟ
78 1011 235 1058 insula
256 1005 503 1058 Cretensis
530 1021 630 1052 non
650 1002 800 1050 habet
819 1019 831 1061 3
868 1010 914 1048 et
935 999 973 1048 si
993 997 1157 1047 veniat
1176 996 1390 1049 aliunde,
1411 993 1575 1042 statim
1603 989 1822 1040 moritur.

79 1094 276 1140 Noctua
300 1098 465 1136 autem
492 1102 592 1134 non
619 1093 691 1132 est
711 1083 848 1131 bubo
868 1100 880 1141 3
916 1098 1030 1128 nam
1052 1079 1188 1128 bubo
1209 1076 1363 1125 maior
1383 1084 1469 1125 est.
1526 1073 1820 1136 Nycticorax
1844 1083 1901 1129 41

77 1173 180 1237 ipsa
206 1180 278 1220 est
304 1178 498 1228 noctua,
527 1166 642 1230 quia
666 1174 863 1213 noctem
899 1170 1043 1211 amat.
1120 1162 1208 1208 Est
1234 1157 1364 1207 enim
1392 1156 1494 1205 avis
1519 1156 1749 1216 lucifuga,
1776 1162 1824 1200 et

77 1256 230 1303 solem
258 1251 422 1300 videre
454 1265 554 1297 non
580 1246 772 1310 patitur.
847 1243 972 1292 Strix
1006 1250 1247 1290 nocturna
1271 1241 1387 1298 avis,
1415 1237 1604 1286 habens
1639 1252 1823 1282 nomen
1847 1243 1913 1290 42

39 1352 41 1354 ·
77 1337 139 1384 de
166 1351 289 1382 sono
314 1331 479 1392 vocis;
515 1330 716 1393 quando
742 1328 873 1375 enim
901 1327 1079 1373 clamat
1105 1322 1289 1371 stridet.
1366 1322 1444 1368 De
1470 1335 1568 1381 qua
1594 1320 1824 1364 Lucanus

0 1415 314 1491 11⁴0(6‚689)=

179 1498 330 1560 Quod
367 1494 584 1558 trepidus
622 1492 772 1549 bubO,
813 1490 949 1552 quod
986 1487 1101 1535 strix
1137 1495 1380 1534 nocturna
1417 1490 1699 1546 queruntur.

79 1583 221 1629 Haec
254 1579 355 1626 avis
380 1578 526 1639 vulgo
558 1590 722 1622 amma
756 1570 949 1630 dicitur,
976 1570 1038 1618 ab
1064 1569 1280 1616 amando
1314 1566 1574 1629 parvulos3
1611 1563 1744 1611 unde
1778 1572 1826 1610 et

78 1663 153 1708 lac
189 1660 421 1723 praebere
463 1658 611 1705 fertur
649 1652 982 1702 nascentibus.
1057 1652 1261 1708 Corvus,
1302 1647 1402 1696 sive
1442 1662 1600 1704 corax,
1640 1660 1822 1692 nomen
1846 1658 1912 1705 43

80 1759 109 1790 a
133 1758 255 1790 sono
284 1738 488 1803 gutturis
520 1738 683 1794 habet,
713 1735 850 1798 quod
874 1749 996 1782 voce
1030 1732 1292 1780 coracinet.
1364 1731 1535 1777 Fertur
1569 1728 1691 1775 haec
1725 1726 1826 1774 avis

0 1840 60 1869 120
82 1824 216 1886 quod
232 1821 374 1871 editis
391 1820 534 1884 pullis
555 1835 718 1867 escam
739 1819 884 1879 plene
904 1831 1005 1862 non
1022 1812 1268 1876 praebeat,
1288 1810 1572 1875 priusquam
1591 1810 1640 1856 in
1658 1808 1726 1856 eis
1743 1825 1829 1871 per

80 1906 338 1968 pinnarum
377 1900 683 1965 nigredinem
721 1896 1093 1946 similitudinem
1131 1893 1313 1957 proprii
1350 1893 1526 1940 coloris
1563 1898 1798 1953 agnoscat
1817 1907 1830 1949 3

80 1996 341 2051 postquam
384 2001 498 2032 vero
541 1999 625 2031 eos
667 1990 816 2029 tetros
859 1978 1039 2041 plumis
1080 1975 1333 2039 aspexerit,
1379 1974 1430 2021 in
1477 1981 1582 2020 toto
1629 1970 1821 2034 agnitos

80 2066 414 2117 abundantius
450 2063 618 2128 pascit.
691 2063 792 2109 Hic
828 2060 957 2122 prior
995 2059 1045 2106 in
1087 2056 1407 2106 cadaveribus
1445 2055 1644 2102 oculum
1682 2051 1816 2115 petit.

0 2156 41 2216 k·
81 2149 280 2208 Cornix,
303 2163 491 2196 annosa
522 2145 637 2204 avis,
668 2145 800 2207 apud
828 2143 1029 2190 Latinos
1057 2141 1247 2188 Graeco
1282 2135 1483 2185 nomine
1519 2136 1792 2198 appellatur
1809 2152 1821 2194 3
1843 2143 1911 2190 44

0 2237 61 2289 '¹25
81 2248 228 2294 quam
254 2231 390 2278 aiunt
415 2244 619 2291 augures
646 2225 903 2274 hominum
930 2238 1068 2270 curas
1103 2217 1542 2282 significationibus
1573 2232 1729 2278 agere,
1756 2217 1825 2262 in-

82 2312 312 2360 sidiarum
329 2311 429 2359 vias
451 2318 734 2366 monstrare,
753 2308 913 2354 futura
933 2304 1228 2366 praedicere.
1287 2302 1528 2362 Magnum
1550 2299 1685 2344 nefas
1704 2299 1826 2344 haec

83 2395 278 2442 credere
312 2402 364 2441 ut
392 2395 528 2440 Deus
558 2388 762 2438 consilia
792 2404 879 2436 sua
903 2384 1183 2434 cornicibus
1218 2383 1431 2430 mandet.
1510 2379 1675 2426 Huius
1701 2378 1826 2425 inter

140 2537 157 2561 1
190 2523 329 2572 gravis
350 2521 479 2559 BKT
595 2519 700 2569 pigr.
726 2519 810 2557 det.
838 2517 871 2555 C
1032 2528 1056 2563 3
1085 2527 1166 2563 quo
1189 2512 1233 2550 K
1395 2522 1419 2558 5
1450 2522 1603 2548 nomen
1629 2508 1756 2546 ΒΚΤ
1774 2508 1827 2556 (et

84 2577 179 2616 Isld.
198 2581 230 2621 2>
391 2578 417 2613 6
447 2582 690 2626 portentum
711 2573 890 2611 refertur
912 2570 979 2620 (ex
998 2568 1258 2616 referuntur)
1282 2566 1326 2603 K
1481 2578 1502 2614 7
1533 2563 1764 2615 significari
1794 2562 1832 2599 T

0 2657 10 2659 -
40 2655 41 2659 =
85 2633 109 2670 8
137 2632 268 2671 videri
313 2630 434 2668 CKT
645 2641 670 2677 9
700 2632 893 2666 exortum
933 2625 1204 2675 splendorem
1247 2621 1292 2658 K
1441 2618 1602 2670 autem]
1644 2618 1748 2655 haec
1791 2616 1826 2654 C

5 2700 8 2701 ⁷
89 2699 131 2724 11
164 2686 418 2725 Nocticorax
441 2683 553 2724 codd.
669 2695 716 2720 12
746 2682 817 2731 qui
847 2680 885 2718 T
962 2677 1150 2717 nocteK
1261 2688 1308 2724 14
1337 2675 1430 2712 solo
1443 2673 1502 2711 Βι
1616 2674 1665 2710 16
1686 2671 1821 2721 quod]

47 2741 50 2745 “
86 2754 210 2792 quam
232 2739 308 2779 BC
325 2745 373 2779 ut
390 2739 470 2778 vid.
602 2736 735 2788 trep.]
756 2735 983 2786 praepedis
1004 2733 1050 2770 K
1177 2730 1312 2780 quod]
1332 2742 1414 2778 que
1438 2728 1479 2765 B
1647 2728 1696 2764 18
1727 2725 1821 2763 fert.

85 2796 226 2845 praeb.
251 2794 286 2832 C
394 2793 500 2844 sive]
525 2798 597 2830 aut
625 2791 662 2828 T
769 2803 818 2840 19
847 2789 944 2839 quia
964 2789 1005 2826 Β
1113 2798 1262 2823 vocem
1278 2797 1365 2823 cor.
1384 2789 1426 2821 et
1448 2782 1493 2820 K
1603 2780 1774 2820 crocitet
1791 2779 1826 2816 C

3 2873 7 2876 ·
85 2850 164 2888 hoc
183 2863 219 2890 a.
251 2849 315 2887 T:
339 2863 375 2887 a.
397 2849 500 2887 haec
525 2847 559 2885 C
719 2858 772 2883 20
802 2845 910 2882 detis
935 2842 987 2880 T1
1011 2857 1019 2880 :
1049 2840 1202 2879 deditis
1240 2838 1295 2876 T2
1421 2850 1612 2876 escarum
1635 2836 1759 2885 plena
1781 2833 1826 2871 K

86 2902 128 2942 in
147 2917 229 2944 om.
251 2903 297 2941 K
403 2915 480 2952 per
499 2915 583 2941 om.
615 2900 652 2937 T
755 2911 802 2937 21
835 2897 1056 2947 nigredine
1086 2895 1141 2933 T:
1172 2892 1473 2943 nigritudinem
1498 2891 1532 2930 C
1639 2889 1824 2938 propriis

88 2959 296 2998 coloribus
319 2957 357 2995 T
459 2970 511 2995 22
543 2955 639 3006 eos]
655 2954 745 2993 eius
763 2952 798 2992 C
904 2952 1048 3000 agnito
1062 2951 1101 2989 Β
1211 2961 1263 2996 23
1285 2947 1431 2986 oculos
1449 2945 1484 2984 C
1591 2957 1642 2993 25
1674 2942 1822 2993 quam]

88 3025 168 3062 qua
194 3013 262 3062 (ex
276 3013 408 3063 quer)
424 3011 481 3049 Β1
590 3009 776 3048 omnium
799 3020 898 3046 cura
929 3005 966 3043 T
1089 3006 1142 3042 26
1171 3003 1387 3053 predicare
1416 3001 1452 3038 T
1557 3011 1606 3048 27
1639 3004 1682 3036 ut
1705 2998 1823 3036 Deus

88 3067 153 3110 vel
170 3066 262 3105 Deo
282 3079 398 3106 cons.
423 3065 468 3104 K
575 3062 843 3103 cornificibus
872 3061 908 3099 T

145 3147 244 3185 1182
275 3158 308 3184 11
938 3141 965 3173 F
