2228 3444
270 449 312 493 ii.

255 594 316 640 iii.

259 736 316 782 iv.

259 1031 315 1074 vi.

240 1103 313 1147 vii.

222 1248 312 1291 viii.

258 1393 310 1437 ix.

273 1483 312 1512 x.

257 1541 312 1584 xi.

236 1613 307 1658 xii.

221 1686 311 1731 xiii.

226 1760 315 1805 xiv-

239 1847 309 1876 xV.

646 114 1001 163 CAPITVLA
1050 117 1427 167 LIBRORVM

535 234 644 278 IIA

306 337 315 347 .
338 306 412 348 De
444 305 672 351 rhetorica
702 306 892 366 eiusque
914 323 994 353 no-

399 377 538 422 mine.

339 451 412 495 De
445 450 761 499 inventoribus
798 454 993 499 rhetori-

395 537 480 568 cae
502 525 628 570 artis.

340 596 415 640 De
466 599 656 642 nornine
701 600 897 644 oratoris
949 609 992 645 et

397 670 601 726 partibus
623 672 894 717 rhetoricae.

340 739 413 782 De
436 739 581 784 tribus
610 741 858 797 generibus
882 757 990 786 cau-

395 826 565 856 sarum.

304 915 314 929 .
340 885 414 928 De
450 886 635 941 gemino
670 896 791 932 statu
829 903 991 933 causa-

395 972 509 1002 rum.

339 1031 986 1088 Detripertitacontroversia.
1034 1027 1036 1069 ἶ

339 1105 410 1148 De
429 1113 646 1161 quattuor
660 1108 866 1163 partibus
889 1123 990 1152 ora-

393 1177 546 1222 tionis.

340 1251 411 1293 De
435 1250 639 1308 quinque
657 1252 810 1297 modis
828 1269 990 1298 causa-

394 1338 509 1366 rum.

336 1397 410 1440 De
433 1396 712 1453 syllogismis
734 1399 988 1444 rhetoricis.
1032 1385 1033 1433 ἶ

339 1470 412 1512 De
434 1470 547 1525 lege.

338 1542 410 1586 De
435 1543 678 1587 sententia.

336 1616 410 1658 De
426 1624 671 1660 catasceua
685 1625 729 1661 et
746 1632 988 1664 anasceua.
1031 1626 1033 1671 ξ

338 1689 410 1732 De
433 1690 785 1747 prosopopoeia.

340 1762 413 1804 De
436 1763 692 1819 ethopoeia.

336 1835 410 1878 De
460 1836 706 1891 generibus
756 1840 988 1895 quaestio·
1029 1875 1031 1882 ι

391 1922 515 1951 num.

220 1978 306 2022 xvi.
333 1981 405 2024 De
427 1982 698 2027 elocutione.

206 2052 311 2095 xvii.

338 2054 410 2097 De
457 2053 660 2098 trimodo
703 2070 869 2111 genere
923 2057 985 2100 di-

391 2125 541 2169 cendi.

186 2197 306 2241 xviii.
333 2199 406 2242 De
449 2200 550 2242 colo
588 2208 633 2244 et
670 2211 899 2247 commate
942 2213 985 2247 et

226 2342 309 2387 xix.

391 2271 606 2327 periodis.

336 2346 408 2388 De
424 2344 544 2388 vitiis
559 2345 810 2391 litterarum
827 2357 872 2393 et
886 2365 984 2393 ver-

389 2417 553 2462 borum
581 2427 625 2463 et
649 2422 985 2466 sententiarum

394 2491 631 2537 cavendis.

236 2578 304 2605 xx.
329 2564 402 2608 De
425 2564 648 2609 iuncturis
671 2567 929 2611 verborum.

212 2695 250 2734 11
273 2695 312 2734 A
335 2697 359 2737 i.
383 2704 424 2737 et
445 2699 536 2738 eius
558 2700 602 2739 K

159 2751 300 2790 cismis
323 2753 422 2803 (om.
447 2754 578 2807 rhet.)
599 2755 644 2794 K

156 2817 317 2844 comma
337 2807 382 2845 K

155 2914 400 2955 dialecticis.

155 3022 382 3070 gismorum
410 3025 448 3065 T

674 2701 715 2740 ii.
736 2702 840 2741 artis
861 2716 941 2742 om.
965 2704 1009 2743 K

1029 1818 1031 1907 l

1153 239 1238 283 xxi.
1266 242 1339 285 De
1382 241 1538 298 figuris
1580 245 1825 290 verborum
1868 254 1912 292 et

1174 744 1232 789 iii.

1176 891 1232 936 iv.

1223 998 1231 1009 .
1259 968 1333 1012 De
1357 968 1601 1026 categoriis
1631 971 1909 1018 Aristotelis.

1174 1054 1231 1083 Vl.

1158 1186 1231 1230 vii.

1140 1332 1231 1376 viii.

1171 1478 1226 1522 ix.

1204 1763 1231 1806 i.

1187 1910 1229 1953 ii.

1165 1983 1224 2027 iii.

1168 2056 1224 2100 iv.

1187 2145 1213 2172 ν

1169 2203 1212 2246 vi

1156 2349 1214 2393 vii

1135 2496 1225 2540 viii.

1099 2703 1155 2744 iii.
1176 2706 1356 2745 oratoris
1377 2721 1460 2746 om.
1483 2707 1530 2746 K

819 2757 933 2798 xviii.
967 2759 1060 2799 cola
1095 2764 1138 2797 et
1168 2765 1375 2800 commata
1403 2763 1583 2812 (comm)
1616 2763 1760 2802 BCT:
1808 2764 1901 2803 c'ola

587 2810 674 2848 xix.
697 2811 900 2851 cavendis
919 2826 1002 2853 om.
1024 2814 1069 2854 K

157 2859 354 2899 Prevatio
388 2862 430 2912 (i.
454 2876 485 2902 e.
518 2863 748 2914 Praefatio)
781 2867 1158 2915 periermeniarum
1196 2868 1233 2906 T

486 2917 542 2956 ix.
594 2919 659 2958 De
699 2921 834 2959 modis
881 2922 1209 2971 sillogismorum
1258 2923 1317 2962 T:

155 2968 272 3008 xxix.
309 2970 371 3008 De
401 2971 535 3011 modis
564 2973 643 3012 sill.
676 2974 1002 3023 ipotheticorum
1040 2978 1076 3017 C

1319 316 1662 361 sententiarum.

1446 445 1556 487 IIB

1226 559 1235 570 .
1260 529 1334 572 De
1356 528 1609 575 dialectica.

1189 614 1232 643 11.

1258 601 1329 645 De
1358 595 1616 648 differentia
1643 604 1910 651 dialecticae

1316 682 1360 720 et
1384 677 1639 722 rhetoricae
1661 679 1784 723 artis.

1258 747 1332 791 De
1384 748 1650 795 definitione
1708 752 1909 809 philoso-

1310 821 1462 878 phiae.

1258 895 1331 938 De
1354 893 1555 953 isagogis
1580 898 1834 957 Porphyrii.

1256 1042 1329 1085 De
1358 1043 1710 1098 perihermeniis
1732 1047 1909 1093 Aristo-

1314 1115 1430 1159 telis.

1259 1189 1331 1232 De
1372 1190 1579 1235 formulis
1622 1193 1905 1250 syllogismo-

1314 1276 1428 1305 rum.

1259 1335 1330 1379 De
1352 1335 1656 1383 divisionibus
1681 1340 1907 1385 definitio-

1312 1422 1435 1453 num.

1252 1482 1326 1526 De
1350 1483 1525 1540 topicis.

1220 1586 1228 1597 .
1254 1555 1328 1599 De
1351 1557 1591 1613 oppositis.

1423 1681 1494 1723 ΙΙΙ
1521 1682 1561 1724 Α

1254 1765 1328 1809 De
1344 1768 1570 1812 vocabulo
1589 1769 1905 1816 arithmeticae

1311 1838 1598 1896 disciplinae.

1256 1912 1328 1955 De
1350 1913 1614 1959 auctoribus
1637 1916 1747 1961 eius.

1252 1986 1375 2041 Quid
1399 1985 1456 2030 sit
1479 2001 1709 2033 numerus.

1248 2059 1385 2102 Vnde
1407 2061 1586 2105 numeri
1611 2062 1734 2107 dicti.

1254 2131 1376 2187 Quid
1400 2143 1634 2190 praestent
1658 2137 1846 2181 numeri.

1255 2206 1326 2248 De
1365 2205 1515 2262 prirna
1555 2208 1782 2254 divisione
1822 2226 1901 2267 pa·

1310 2278 1427 2322 rium
1452 2288 1496 2323 et
1522 2281 1763 2339 inparium.

1258 2352 1328 2396 De
1359 2355 1562 2398 secunda
1586 2355 1813 2402 divisione
1837 2367 1899 2402 to-

1311 2425 1400 2468 tius
1422 2428 1614 2470 numeri.

1251 2498 1326 2542 De
1348 2499 1485 2543 tertia
1514 2500 1739 2548 divisione
1762 2504 1901 2548 totius

1308 2573 1499 2616 numeri.

1600 2708 1653 2746 ix.
1679 2709 1741 2747 De
1763 2710 1900 2749 soloe-

1286 2814 1325 2853 11
1349 2815 1382 2854 B
1406 2816 1459 2855 vi.
1485 2817 1548 2855 De
1570 2830 1657 2866 per.
1680 2817 1806 2857 Arist.
1831 2819 1898 2858 vii.

1349 2870 1416 2910 vii.
1447 2871 1528 2910 viii.
1565 2872 1628 2910 De
1657 2872 1900 2922 sillogismis

1375 2925 1518 2965 xxviii.
1554 2925 1615 2963 Dc
1646 2926 1789 2966 formis
1817 2928 1895 2967 sill.

1271 2978 1351 3017 viii.
1388 2992 1428 3018 x.
1455 2979 1517 3018 De
1550 2980 1753 3020 divisione
1786 2982 1900 3021 sillo-
