2228 3444
1063 111 1338 160 ISIDORI

317 229 479 279 chielo
503 233 680 295 angelo
715 231 780 296 (9,
800 232 880 297 4):
918 236 930 256 ‘
951 235 1127 282 Transi
1165 251 1251 297 per
1288 234 1508 284 medium
1537 236 1822 296 Ierusalem,
1849 245 1896 284 et
1930 237 2068 300 signa

318 313 436 360 thau
471 314 521 360 in
554 315 739 362 frontes
777 314 989 364 virorum
1027 316 1332 379 gementium
1367 326 1415 366 et
1449 316 1758 366 dolentium.’
1831 318 2067 382 Reliquas

317 411 431 442 vero
463 396 585 443 duas
623 412 869 444 summam
907 407 954 446 et
992 396 1216 446 ultimam
1254 397 1347 446 sibi
1385 397 1602 448 vindicat
1639 398 1878 450 Christus.
1953 402 2069 464 Ipse

316 474 448 524 enim
485 476 797 540 principium,
827 477 932 541 ipse
968 478 1093 539 finis,
1123 478 1294 529 dicens
1324 482 1460 544 ‘Ego
1493 498 1602 529 sum
1638 487 1678 529 A
1716 491 1763 530 et
1794 483 1866 531 Ω.’
1937 482 2069 532 Con-

316 559 624 607 currentibus
659 559 789 608 enim
828 559 879 608 in
916 577 968 610 se
1005 559 1217 610 invicem
1256 568 1296 610 A
1333 564 1397 611 ad
1434 568 1475 610 Ω
1512 579 1670 627 usque
1706 562 1992 624 devolvitur,
2021 573 2068 612 et
2091 585 2112 625 5

316 657 479 688 rursus
505 646 547 688 Ω
570 642 635 691 ad
662 647 702 689 A
729 641 1001 706 replicatur,
1031 653 1085 691 ut
1115 646 1398 693 ostenderet
1432 644 1482 692 in
1517 661 1569 694 se
1597 645 1844 694 Dominus
1870 655 1918 694 et
1944 645 2067 695 initii

232 740 290 775 10
315 724 578 773 decursum
600 725 663 773 ad
683 725 832 773 finem
854 734 900 774 et
923 724 1032 774 finis
1054 727 1316 775 decursum
1337 729 1400 776 ad
1421 726 1627 775 initium.
1692 730 1882 778 Omnes
1901 737 2066 777 autem

315 804 503 854 litterae
536 808 670 869 apud
696 808 914 856 Graecos
941 818 989 856 et
1015 808 1163 857 verba
1194 818 1487 872 conponunt
1517 819 1564 858 et
1598 826 1830 859 numeros
1865 809 2063 859 faciunt.

315 890 447 936 Narn
473 890 637 952 Alpha
662 891 820 938 littera
853 892 987 953 apud
1022 907 1106 939 eos
1140 901 1340 939 vocatur
1379 891 1429 939 in
1466 890 1681 940 numeris
1717 909 1887 940 unum.
1967 891 2066 940 Vbi

313 979 479 1019 autem
505 970 726 1020 scribunt
754 975 889 1031 Beta,
918 982 1121 1021 vocatur
1146 974 1247 1021 duo
1266 992 1278 1033 3
1308 973 1394 1022 ubi
1420 973 1640 1022 scribunt
1667 975 1896 1034 Gamma,
1921 992 2065 1023 voca·
2091 995 2141 1023 10

315 1060 391 1099 tur
428 1052 478 1100 in
517 1053 733 1102 numeris
771 1056 988 1118 ipsorum
1027 1064 1154 1114 tres3
1191 1055 1277 1103 ubi
1315 1055 1536 1104 scribunt
1575 1058 1736 1116 Delta,
1775 1065 1977 1105 vocatur
2015 1059 2064 1104 in

316 1133 532 1183 numeris
558 1137 777 1199 ipsorum
804 1146 1066 1199 quattuor,
1105 1147 1153 1187 et
1187 1139 1256 1185 sic
1287 1155 1461 1187 omnes
1499 1137 1686 1186 litterae
1711 1140 1845 1201 apud
1872 1155 1955 1187 eos
1982 1156 2068 1187 nu-

246 1226 291 1260 11
318 1232 476 1266 meros
494 1218 693 1267 habent.
757 1218 919 1267 Latini
939 1229 1105 1268 autem
1128 1236 1360 1268 numeros
1378 1222 1443 1269 ad
1459 1219 1640 1268 litteras
1658 1236 1758 1268 non
1776 1229 2064 1283 conputant,

314 1299 401 1347 sed
428 1301 530 1348 sola
556 1300 705 1349 verba
732 1311 1055 1364 componunt,
1085 1312 1293 1365 excepto
1315 1308 1335 1349 I
1357 1312 1404 1351 et
1424 1307 1469 1349 X
1490 1301 1662 1361 littera,
1685 1319 1813 1365 quae
1840 1311 1887 1351 et
1913 1304 2066 1365 figura

311 1396 508 1429 crucem
535 1381 777 1445 significat
803 1393 850 1431 et
876 1383 926 1430 in
952 1399 1161 1432 numero
1186 1385 1360 1432 decem
1388 1386 1706 1433 demonstrat.
2093 1400 2139 1440 15

233 1467 290 1506 1V
451 1464 534 1510 DE
561 1478 798 1512 LITTERIS
826 1480 1045 1514 LAT1N1s.
1111 1465 1310 1514 Latinas
1335 1467 1519 1515 litteras
1547 1464 1824 1515 Carmentis
1850 1467 2067 1528 nympha

316 1542 471 1606 prima
497 1544 633 1593 Italis
660 1546 872 1595 tradidit.
949 1547 1227 1596 Carmentis
1253 1557 1418 1597 autem
1454 1547 1599 1607 dicta,
1627 1547 1742 1610 quia
1766 1546 2066 1595 carminibus

314 1627 475 1674 futura
532 1627 755 1676 canebat.
844 1630 1077 1679 Ceterum
1133 1629 1326 1692 proprie
1374 1638 1548 1678 vocata
1606 1627 1719 1695 [est]
1771 1630 2063 1678 Nicostrate.

259 1706 289 1740 2
317 1707 529 1758 Litterae
553 1718 719 1758 autem
746 1719 829 1758 aut
856 1727 1148 1759 communes
1183 1721 1296 1759 sunt
1328 1719 1413 1759 aut
1445 1710 1682 1760 liberales.
1759 1713 2065 1761 Communes

315 1791 489 1849 dictae,
513 1793 627 1854 quia
650 1791 789 1840 multi
810 1809 891 1840 eas
919 1794 967 1840 in
988 1809 1255 1842 commune
1277 1802 1493 1853 utuntur,
1518 1802 1570 1841 ut
1590 1791 1802 1841 scribere
1822 1801 1870 1841 et
1890 1793 2062 1855 legere.
2091 1814 2139 1841 20

316 1871 581 1931 Liberales,
609 1873 724 1936 quia
750 1890 831 1922 eas
858 1884 1049 1922 tantum
1077 1873 1143 1921 illi
1169 1883 1425 1934 noverunt,
1453 1873 1539 1936 qui
1571 1873 1721 1922 libros
1747 1872 2066 1922 conscribunt

260 1950 289 1996 3
314 1963 546 2016 recteque
571 1954 810 2017 loquendi
835 1956 1157 2018 dictandique
1182 1955 1422 2004 rationem
1449 1964 1706 2004 noverunt.
1770 1954 2063 2003 Litterarum

313 2037 495 2098 duplex
521 2037 700 2085 modus
725 2045 826 2086 est:
853 2036 1141 2086 dividuntur
1160 2036 1292 2086 enim
1319 2036 1649 2100 principaliter
1675 2036 1724 2084 in
1745 2037 1868 2085 duas
1887 2045 2061 2100 parteS‚

313 2116 362 2165 in
397 2119 592 2167 vocales
631 2127 679 2167 et
718 2128 1065 2167 consonantes.
1139 2120 1351 2167 Vocales
1389 2127 1503 2167 sunt
1539 2135 1665 2182 quae
1702 2119 1890 2166 directo
1927 2116 2063 2166 biatu

312 2198 527 2248 faucium
545 2201 650 2249 sine
670 2201 769 2248 ulla
787 2199 1060 2248 conlisione
1079 2201 1209 2249 varie
1229 2201 1533 2249 emittuntur.
1590 2202 1654 2247 Et
1673 2198 1834 2248 dictae
1854 2200 2061 2257 vocales,
2089 2217 2107 2244 2
2115 2217 2137 2257 5

313 2282 450 2343 quod
476 2298 562 2344 per
594 2298 645 2330 se
678 2298 852 2331 vocem
886 2281 1122 2345 inpleant,
1149 2291 1197 2331 et
1226 2298 1312 2345 per
1351 2298 1403 2330 se
1442 2280 1679 2343 syllabam
1717 2279 1898 2328 faciant
1929 2281 2065 2328 nulla

373 2423 389 2448 1
421 2409 597 2462 angelo]
623 2423 700 2461 per
720 2409 921 2458 angelum
943 2410 978 2449 C
1109 2424 1133 2448 2
1163 2411 1372 2450 frontibus
1392 2410 1471 2449 KL
1497 2424 1505 2449 :
1535 2411 1678 2449 fontes
1702 2409 1751 2449 C1
1873 2411 2062 2449 virorum

314 2478 394 2504 om.
419 2465 501 2504 KL
657 2477 705 2504 10
736 2465 817 2504 duo
838 2477 1005 2514 gamma
1024 2471 1180 2505 vocant
1201 2464 1282 2504 KL
1440 2478 1487 2504 11
1519 2464 1628 2516 tres]
1651 2464 1729 2503 tria
1756 2464 1793 2503 T
1795 2462 1899 2503 UW
2019 2465 2061 2502 in

313 2521 500 2559 numeris
521 2520 708 2570 ipsorum
730 2533 811 2559 om.
837 2519 893 2558 K¹
1039 2533 1087 2570 13
1117 2520 1170 2559 ad
1188 2520 1369 2572 litteras]
1392 2533 1416 2558 a
1437 2520 1572 2559 literis
1591 2518 1651 2557 Κ1
1802 2532 1851 2568 14
1879 2518 1970 2557 Pro
1990 2531 2063 2557 ex-

314 2583 441 2625 cepto
453 2575 549 2628 (—is)
563 2604 571 2613 .
589 2605 599 2614 .
622 2605 631 2614 .
648 2575 911 2613 demonstrat
927 2574 1023 2613 haec
1032 2575 1188 2613 suntin
1211 2575 1291 2614 TU
1295 2574 1359 2624 W,
1371 2581 1554 2625 excepto
1567 2574 1731 2624 aliquae
1744 2586 1850 2623 quae
1864 2585 2062 2612 numeros

315 2630 452 2680 figura
481 2630 792 2678 demonstrant,
823 2634 870 2667 ut
898 2629 931 2668 C
961 2641 1039 2678 pro
1069 2635 1254 2679 centum,
1282 2629 1320 2667 D
1342 2642 1420 2680 pro
1447 2629 1694 2679 quingentis
1723 2629 1828 2680 (-tos
1852 2627 1924 2679 T),
1947 2628 1964 2667 Ι
1986 2640 2062 2678 pro

315 2698 412 2734 uno,
446 2685 480 2723 L
511 2697 588 2734 pro
617 2684 938 2734 quinquaginta,
962 2684 997 2722 T
1016 2697 1094 2734 pro
1122 2684 1247 2734 mille,
1273 2685 1310 2723 V
1331 2697 1407 2734 pro
1431 2684 1629 2735 quinque,
1655 2688 1698 2722 et
1718 2683 1759 2721 X
1782 2682 1943 2735 (littera
1962 2681 2058 2722 add.

321 2739 439 2790 UW)
469 2752 576 2790 quae
605 2740 646 2777 in
679 2739 814 2788 figura
841 2750 1012 2777 crucem
1039 2739 1250 2788 significat
1277 2744 1320 2778 et
1350 2739 1393 2777 in
1426 2751 1602 2777 numero
1629 2739 1777 2777 decem
1803 2738 2064 2777 demonstrat

370 2794 566 2844 exceptis
585 2793 678 2831 ΑΚ
695 2792 811 2832 Mon.
837 2807 846 2831 :
880 2799 964 2832 -tas
980 2792 1038 2831 Βι
1058 2808 1067 2832 :
1095 2799 1253 2844 exapto
1275 2792 1326 2832 Cl
1347 2794 1450 2845 (non
1470 2792 1614 2845 Rem.)
1770 2791 1926 2830 litteris
1944 2791 2037 2830 ΑΚ
2053 2806 2062 2830 :

316 2862 404 2888 -ras
421 2849 463 2888 Β
483 2850 587 2899 (non
607 2848 728 2888 Rem.
754 2846 891 2897 Mon.)
1024 2861 1132 2898 quae
1153 2854 1196 2887 et
1216 2848 1393 2898 figuram
1413 2847 1526 2887 All<
1537 2862 1546 2888 :
1578 2860 1684 2898 quae
1706 2851 1748 2885 et
1769 2846 1812 2885 in
1834 2846 1968 2896 figura
1986 2845 2068 2885 BC

316 2903 436 2943 Rem.
459 2903 520 2942 P:
551 2915 660 2953 quae
675 2902 717 2940 in
738 2903 872 2952 figura
888 2916 916 2952 γ
940 2902 1038 2954 (vid.
1059 2902 1207 2954 supra)
1231 2901 1365 2942 Μοη.1
1565 2903 1613 2940 18
1643 2906 1709 2941 est
1727 2900 1821 2940 hab.
1845 2899 1947 2940 TU:
1977 2914 2067 2941 om.

314 2958 518 2997 ABCKL
529 2957 588 2996 W
594 2957 728 3008 Sang.
747 2961 846 2995 extr.
959 2958 1190 3007 nicostrata
1215 2957 1273 2995 W
1379 2970 1428 3006 19
1447 2962 1586 2996 autem
1600 2970 1682 2996 om.
1701 2955 1743 2995 T
1820 2961 1892 2994 aut
1910 2968 1993 2994 om.
2016 2955 2050 2994 C
2053 2954 2066 2980 1

316 3027 370 3052 20
390 3013 509 3064 quia]
532 3013 644 3063 quod
666 3010 724 3049 Κ1
747 3016 794 3050 ut
810 3010 888 3051 vid.
915 3013 947 3050 L
1007 3018 1049 3051 et
1068 3024 1148 3051 om.
1174 3011 1233 3050 Κ1
1308 3025 1359 3060 24
1392 3013 1560 3062 direpto
1578 3010 1625 3050 C¹
1711 3022 1762 3059 25
1783 3010 2006 3049 mittuntur
2034 3009 2070 3048 T
