2176 3424
303 121 931 170 ETYMOLOGIARVM
974 119 1100 166 LIB.
1143 118 1339 165 XVIII.
1379 116 1631 164 xxiv—xxxi

100 252 353 315 Siquidem
397 262 444 300 et
486 251 535 298 in
579 251 718 299 litore
758 250 886 297 circa
921 249 1048 312 ripas
1086 247 1344 295 fluminum
1383 262 1549 294 currus
1587 246 1840 308 agitantes,

98 333 288 397 gladios
313 333 363 381 in
396 334 568 382 ordine
593 332 642 380 in
673 333 805 395 ripae
836 330 975 380 litore
1005 330 1272 394 ponebant,
1305 337 1353 378 et
1383 337 1484 377 erat
1512 327 1627 376 artis
1659 343 1844 390 equum

96 415 224 464 circa
247 414 462 478 pericula
485 424 724 477 torquere.
789 413 915 461 Inde
939 422 985 461 et
1012 411 1270 462 Circenses
1295 409 1412 459 dicti
1437 417 1683 474 putantur,
1705 408 1843 472 quasi

96 498 279 546 circum
306 513 463 545 enses.

51 596 72 635 5
234 581 317 626 DE
355 579 538 628 C1Rco.
613 577 784 627 Circus
827 575 930 624 Soli
972 573 1303 638 principaliter
1341 581 1655 622 consecratus
1695 582 1767 621 est
1814 575 2057 621 aXXVIII

97 659 310 723 paganiS,
347 659 485 707 cuius
521 658 656 707 aedis
694 657 859 706 medio
893 656 1052 720 spatio
1089 666 1136 704 et
1173 654 1354 718 effigies
1388 655 1451 703 de
1485 653 1677 717 fastigio
1706 653 1842 703 aedis

97 742 288 799 emicat,
315 741 450 803 quod
476 757 574 787 non
602 738 878 802 putaverint
908 739 1000 787 sub
1026 747 1157 787 tecto
1191 738 1581 786 consecrandum
1618 753 1766 799 quem
1792 735 1844 784 in

95 831 265 885 aperto
303 821 500 870 habent.
577 823 665 869 Est
703 829 869 869 autem
909 819 1066 869 circus
1105 836 1254 868 omne
1291 818 1413 867 illud
1453 820 1665 881 spatium
1706 819 1842 880 quod

96 903 298 952 circuire
329 903 441 966 equi
473 905 646 951 solent.
722 904 875 951 Hunc
909 901 1127 950 Romani
1156 900 1345 950 dictum
1375 909 1550 964 putant
1578 917 1607 947 a
1637 899 1842 948 circuitu
1865 911 1895 944 2

27 1005 74 1033 10
99 1003 354 1049 equorum,
377 1003 436 1034 eo
462 987 598 1048 quod
624 985 688 1032 ibi
717 984 901 1033 circum
928 994 1083 1034 metas
1109 983 1223 1046 equi
1243 992 1452 1032 currant.
1527 981 1703 1030 Graeci
1729 998 1844 1030 vero

95 1085 124 1115 a
149 1067 291 1116 Circe
317 1066 442 1115 Solis
468 1066 581 1125 filia,
604 1083 730 1130 quae
754 1066 878 1130 patri
898 1083 988 1114 suo
1014 1067 1111 1115 hoc
1135 1082 1289 1129 genus
1315 1063 1595 1114 certaminis
1620 1063 1843 1123 instituit,

97 1151 330 1198 adserunt
364 1158 717 1211 nuncupatum,
753 1157 800 1196 et
836 1148 900 1197 ab
935 1164 990 1197 ea
1022 1147 1137 1196 circi
1173 1147 1557 1211 appellationem
1593 1162 1848 1209 argumen-

96 1240 272 1279 tantur.
347 1230 460 1278 Fuit
484 1239 651 1279 autem
668 1246 810 1292 maga
825 1239 873 1278 et
900 1231 1118 1278 venefica
1138 1240 1185 1278 et
1212 1231 1440 1278 sacerdos
1458 1230 1775 1286 daemonum,
1796 1227 1847 1276 in

96 1314 235 1362 cuius
260 1312 431 1361 habitu
453 1321 500 1360 et
524 1328 674 1375 opera
699 1311 917 1374 magicae
942 1311 1056 1359 artis
1082 1321 1130 1359 et
1155 1314 1315 1360 cultus
1335 1310 1589 1360 idolatriae
1614 1325 1846 1372 recogno-

26 1413 72 1452 15
96 1395 259 1443 scitur.

233 1478 316 1524 DE
340 1489 701 1524 ORNAMENTIS.
775 1477 1080 1525 Ornamenta
1104 1475 1218 1524 circi
1240 1495 1248 1523 ε
1286 1492 1391 1536 ova,
1411 1485 1560 1536 meta,
1576 1476 1844 1537 oboliscus,
1870 1492 2020 1531 XXIX

97 1573 275 1606 carcer.
349 1558 458 1607 Ova
490 1559 665 1606 honori
697 1557 910 1606 Pollucis
941 1567 988 1607 et
1023 1557 1237 1607 Castoris
1274 1557 1580 1618 adscribunt,
1613 1558 1697 1621 qui
1734 1558 1842 1607 illos

97 1655 191 1687 ovo
217 1639 376 1688 editos
409 1640 659 1688 credendo
685 1641 747 1688 de
780 1655 938 1702 cygno
965 1641 1084 1688 Iove
1115 1656 1215 1687 non
1241 1639 1553 1687 erubescunt.
1629 1640 1843 1703 Fingunt
1867 1663 1896 1696 2

95 1730 259 1770 autem
292 1720 543 1772 Circensia
575 1721 790 1769 Romani
826 1722 890 1770 ad
918 1738 1089 1769 causas
1121 1720 1294 1769 mundi
1326 1722 1515 1780 referre,
1544 1731 1596 1770 ut
1627 1723 1718 1770 sub
1749 1724 1842 1771 hac

25 1820 75 1848 20
97 1802 259 1865 specie
283 1802 652 1866 superstitiones
678 1802 947 1851 vanitatum
973 1820 1170 1851 suarum
1197 1811 1445 1851 excusent.

234 1887 315 1932 DE
333 1899 502 1932 METIS.
553 1886 801 1932 Metarum
821 1884 1005 1948 quippe
1023 1886 1352 1948 appellatione
1368 1885 1562 1948 proprie
1579 1887 1842 1934 terminum
1867 1895 1995 1934 XXX

96 1982 154 2013 ac
180 1967 329 2013 finem
361 1965 534 2014 mundi
567 1965 823 2028 designare
853 1967 1036 2024 volunt,
1063 1966 1129 2014 ab
1162 1982 1223 2015 eo
1260 1968 1396 2028 quod
1426 1966 1578 2029 aliqui
1611 1984 1842 2016 emensus

98 2046 207 2095 finis
233 2058 319 2106 est,
348 2046 448 2095 sive
472 2048 536 2095 ad
561 2047 896 2096 testimonium
924 2046 1124 2095 orientis
1149 2046 1522 2110 occidentisque
1547 2050 1676 2098 solis.

232 2131 314 2176 DE
354 2143 613 2176 OBELISCO.
689 2128 981 2177 Oboliscum
1025 2130 1231 2177 Mesfres
1273 2146 1355 2178 rex
1402 2130 1611 2193 Aegypti
1658 2131 1842 2194 primus
1867 2146 2017 2185 XXXI

26 2229 73 2269 25
97 2210 269 2259 fecisse
304 2211 505 2259 refertur
541 2210 623 2258 tali
661 2227 718 2258 ex
755 2227 916 2258 causa.
992 2212 1160 2272 Quum
1192 2213 1409 2273 quodam
1441 2220 1662 2275 tempore
1700 2213 1842 2261 Nilus

158 2353 174 2377 1
207 2341 319 2378 circa
338 2353 422 2378 om.
442 2339 574 2378 BKN
589 2340 692 2391 (non
717 2339 773 2390 U)
878 2352 1024 2379 cursus
1046 2339 1092 2378 K
1199 2354 1222 2390 5
1254 2341 1356 2380 solis
1372 2341 1424 2378 M
1521 2343 1695 2393 prcipali
1718 2349 1785 2382 ter
1800 2343 1846 2381 K

98 2397 125 2432 6
154 2395 256 2433 edes
276 2394 376 2433 TU:
406 2395 510 2433 edos
529 2395 600 2434 El:
630 2396 758 2433 decus
772 2392 870 2431 ΚΜ
962 2395 1005 2432 in
1023 2396 1134 2434 med.
1160 2395 1308 2446 T(non
1329 2396 1386 2446 U)
1482 2397 1779 2437 edissemicant
1795 2399 1845 2436 M

102 2463 123 2498 7
155 2448 262 2499 non]
286 2450 478 2487 nonnulli
507 2449 596 2487 KN
615 2451 715 2500 (non
741 2449 799 2501 U)
908 2451 1152 2498 potaverint
1175 2451 1242 2502 <ex
1260 2452 1372 2499 -unt)
1400 2450 1454 2491 T:
1486 2458 1743 2501 putaverunt
1767 2453 1846 2491 CK

101 2507 214 2554 (cum
242 2503 400 2542 Tertull.
422 2508 537 2554 spect.
565 2504 608 2554 8)
724 2504 1016 2542 consecrando
1037 2503 1084 2541 K
1207 2505 1352 2557 quem]
1373 2508 1568 2555 quoniam
1591 2506 1637 2544 K
1654 2508 1758 2559 (non
1785 2508 1840 2558 U)

99 2560 124 2596 8
154 2558 332 2610 habent]
354 2557 535 2596 arentK
552 2559 654 2610 (non
676 2557 731 2607 U)
817 2571 843 2606 9
873 2559 1092 2597 circumire
1110 2558 1155 2596 K
1242 2573 1288 2598 ιο
1318 2566 1490 2599 currunt
1506 2560 1552 2599 K
1637 2574 1682 2600 11
1716 2562 1842 2600 circie

101 2612 170 2651 K:
201 2613 425 2651 circirceae
446 2611 488 2649 Β
651 2612 731 2651 soli
752 2613 794 2651 fi.
818 2611 864 2650 K
1068 2625 1115 2662 13
1146 2627 1295 2662 magna
1323 2614 1360 2652 T
1502 2617 1709 2654 veneficia
1733 2617 1840 2668 (be-)

103 2666 179 2705 CT
333 2679 380 2715 14
410 2667 504 2707 hab.
526 2674 568 2706 et
589 2679 720 2717 opere
743 2666 842 2706 CT:
871 2667 964 2707 hab.
989 2673 1031 2706 et
1051 2680 1182 2718 opore
1203 2667 1244 2705 Β
1263 2683 1271 2706 :
1303 2669 1395 2708 hab.
1417 2683 1548 2720 opera
1568 2670 1614 2708 K
1738 2671 1842 2710 artis

100 2720 147 2759 K
153 2720 213 2760 T:
241 2728 355 2760 artes
374 2721 455 2760 BC
588 2722 781 2760 idolatria
804 2721 839 2759 C
1015 2723 1063 2759 16
1093 2727 1229 2762 moeta
1250 2722 1296 2760 K
1468 2737 1513 2773 17
1545 2725 1648 2763 inter
1666 2725 1781 2766 Cast.
1808 2730 1845 2764 et

101 2776 237 2816 adscr.
260 2775 355 2814 add.
379 2775 529 2814 dicitur
549 2776 662 2825 quod
682 2776 819 2814 ledam
841 2782 1018 2815 matrem
1037 2777 1212 2815 castoris
1239 2783 1282 2815 et
1310 2778 1489 2828 pollucis
1509 2780 1629 2818 ioves
1652 2780 1742 2830 (leg.
1768 2780 1841 2829 ds)

103 2830 144 2868 in
175 2830 289 2879 cigni
320 2829 682 2882 similitudine[m]
712 2831 966 2880 strupuisset
1001 2831 1092 2881 (leg.
1128 2833 1424 2884 stupravisset)
1458 2835 1553 2873 ideo
1587 2847 1667 2872 ovo
1703 2835 1842 2873 editos

104 2889 252 2933 putant
271 2885 325 2924 ad
343 2884 434 2923 avis
454 2885 771 2923 similitudinem
801 2884 838 2923 T
1074 2887 1122 2924 18
1150 2899 1231 2925 ova
1252 2885 1303 2924 C1
1513 2888 1638 2939 Iove]
1659 2889 1779 2927 eiove
1800 2889 1846 2926 K

109 2950 157 2987 19
186 2938 363 2978 circensi
383 2938 464 2978 BC
613 2938 820 2978 rereserre
850 2939 901 2978 C1
1092 2953 1143 2978 22
1173 2941 1385 2991 designari
1414 2942 1451 2980 T
1594 2943 1754 2992 aliquid
1777 2943 1844 2982 C1:

104 3005 186 3032 om.
209 2991 298 3031 KN
315 2995 418 3045 (non
443 2993 500 3045 U>
631 3006 684 3042 23
712 3006 737 3032 a
757 2999 851 3032 test.
873 2993 929 3031 Β1
949 3009 958 3033 :
989 3008 1013 3033 a
1032 2994 1274 3035 testimonio
1295 2995 1342 3033 K
1476 3009 1527 3045 24
1558 2997 1760 3037 messraes
1783 2998 1840 3037 C:

105 3047 308 3086 messeres
329 3046 417 3086 ΚΤ
524 3061 575 3098 25
607 3047 786 3086 refertur
805 3047 915 3087 KT:
945 3049 1078 3087 fertur
1097 3047 1177 3088 BC
