2176 3424
481 89 1110 143 ETYMOLOGIARVM
1151 91 1282 139 LIB.
1320 92 1409 137 XI.
1449 87 1480 136 ii

107 225 212 289 (10,
244 225 354 287 14):
407 223 633 286 ‘Pupillo
677 233 728 271 tu
772 222 863 270 eris
911 220 1134 279 adiutor‚⁷
1178 223 1397 269 Graecus
1447 218 1597 266 habet
1647 221 1849 282 ὀρφανῷ.

103 306 325 354 *Puberes
360 322 388 353 a
424 305 571 368 pube,
608 304 659 352 id
696 313 768 352 est
803 321 833 351 a
867 304 1103 365 pudenda
1139 301 1370 364 corporis,
1401 299 1686 362 nuncupati,
1716 300 1852 362 quod
1878 310 1933 358 13

108 388 230 436 haec
265 389 374 436 loca
410 396 527 435 tunc
564 385 776 448 primum
814 383 1096 447 lanuginem
1135 385 1340 431 ducunt.
1430 372 1649 442 Quidam
1686 390 1852 429 autem

108 486 166 518 ex
198 468 340 516 annis
357 468 675 531 ‘pubertatem
710 465 1001 524 existimant,
1030 465 1080 513 id
1115 474 1187 512 est
1222 481 1335 512 eum
1371 463 1609 526 puberem
1637 478 1744 511 esse
1769 460 1854 524 qui

63 581 84 620 5
109 551 503 613 quattuordecim
530 566 686 597 annos
714 546 990 611 expleverit,
1021 545 1245 608 quamvis
1280 543 1557 592 tardissime
1583 544 1823 607 pubescat
1845 562 1853 590 :

107 630 433 680 certissimum
474 641 638 679 autem
677 630 912 693 puberem
959 645 1065 676 esse
1109 627 1192 690 qui
1236 636 1282 675 et
1326 644 1383 674 ex
1420 625 1593 674 habitu
1637 623 1853 688 corporis

107 713 415 776 pubertatem
443 711 658 761 ostendit
693 721 740 760 et
771 727 1002 774 generare
1036 709 1133 757 iam
1171 708 1339 772 possit.
1415 711 1690 770 Puerperae
1725 715 1851 765 sunt,
1879 724 1934 771 14

107 811 232 857 quae
258 794 398 842 annis
424 793 692 856 puerilibus
720 793 928 855 pariunt.
991 792 1140 840 Vnde
1167 800 1214 839 et
1242 789 1482 839 Horatius
1509 791 1589 852 (C.
1610 806 1653 848 4,
1675 803 1717 852 5,
1742 806 1764 835 2
1775 787 1853 853 3):

426 877 677 924 Laudatur
713 874 871 937 primo
908 874 1043 936 prole
1081 889 1319 935 puerpera
1357 869 1534 937 [nato]

32 960 85 1016 ‘10
109 959 172 1006 Et
197 957 358 1007 dictae
383 974 650 1020 puerperae
676 958 750 1004 vel
778 956 914 1018 quod
940 954 1098 1017 primo
1133 962 1271 1016 partu
1306 962 1580 1016 gravantur,
1608 953 1685 999 vel
1719 953 1854 1013 quod

105 1038 316 1103 primum
355 1056 532 1102 pueros
569 1037 775 1101 pariunt.
852 1038 1160 1085 Adolescens
1198 1035 1374 1094 dictus,
1416 1052 1474 1083 eo
1517 1035 1654 1096 quod
1695 1032 1754 1081 sit
1791 1034 1854 1081 ad
1879 1045 1933 1094 15

105 1122 407 1184 glgnendum
433 1122 644 1179 adultus,
674 1119 774 1168 sive
798 1136 827 1166 a
852 1135 1070 1166 crescere
1096 1127 1144 1166 et
1169 1117 1350 1180 augeri.
1410 1114 1608 1163 Iuvenis
1635 1124 1852 1174 vocatus,
1880 1116 1938 1163 16

107 1204 242 1266 quod
268 1204 431 1250 iuvare
465 1219 610 1265 posse
645 1200 849 1264 incipit3
886 1210 939 1248 ut
972 1200 1022 1247 in
1057 1200 1220 1247 bubus
1254 1197 1467 1258 iuvenci,
1492 1214 1606 1245 cum
1640 1214 1668 1244 a
1695 1196 1855 1244 vitulis

106 1284 429 1333 discesserint.
520 1286 607 1331 Est
655 1283 787 1332 enim
835 1281 1025 1330 iuvenis
1074 1282 1124 1328 in
1172 1281 1280 1343 ipso
1328 1279 1500 1329 aetatis
1549 1279 1855 1327 incremento

41 1392 82 1434 15
106 1365 307 1429 positus,
355 1375 402 1414 et
444 1367 507 1414 ad
551 1364 782 1413 auxilium
828 1373 1158 1428 praeparatus.
1258 1365 1387 1410 Nam
1434 1361 1598 1409 iuvare
1639 1359 1854 1409 hominis

106 1457 178 1496 est
203 1465 328 1510 opus
353 1446 556 1510 aliquod
581 1446 894 1495 conferentis.
946 1446 1080 1494 Sicut
1104 1454 1270 1493 autem
1298 1442 1583 1492 trecesimus
1609 1444 1855 1505 perfectae

105 1529 276 1578 aetatis
310 1539 383 1578 est
418 1546 576 1578 annus
613 1531 663 1576 in
701 1527 1001 1586 hominibus,
1030 1526 1096 1574 ita
1133 1525 1182 1573 in
1217 1524 1493 1589 pecudibus
1530 1541 1587 1572 ac
1626 1523 1855 1571 iumentis

108 1612 277 1659 tertius
314 1610 697 1660 robustissimus.
771 1610 858 1657 Vir
892 1617 1222 1670 nuncupatus,
1260 1606 1375 1669 quia
1409 1605 1566 1654 maior
1604 1605 1653 1652 in
1691 1622 1751 1653 eo
1786 1604 1856 1652 vis
1883 1617 1935 1667 17

108 1702 180 1741 est
206 1710 354 1755 quam
381 1692 430 1740 in
455 1692 679 1740 feminis:
719 1694 853 1740 unde
879 1702 926 1739 et
952 1691 1101 1739 virtus
1128 1706 1313 1737 nomen
1338 1687 1559 1751 accepit3
1596 1687 1696 1735 sive
1723 1688 1860 1749 quod

39 1801 86 1830 20
109 1773 153 1822 vi
190 1784 300 1837 agat
338 1774 587 1823 feminam.
662 1775 844 1822 Mulier
882 1791 997 1822 vero
1032 1789 1061 1820 a
1098 1771 1318 1830 mollitie,
1359 1779 1613 1832 tamquam
1653 1768 1856 1826 mollier,
1884 1774 1939 1821 18

108 1855 325 1904 detracta
350 1855 508 1904 littera
534 1857 608 1904 vel
636 1864 835 1915 mutata,
863 1856 1108 1918 appellata
1134 1862 1206 1902 est
1233 1851 1420 1900 mulier.
1490 1850 1698 1913 Vtrique
1726 1848 1855 1897 enim
1883 1869 1943 1915 19

106 1936 391 1985 fortitudine
439 1947 487 1985 et
530 1936 848 1985 inbecillitate
897 1952 1159 1999 corporum
1204 1943 1503 1997 separantur.
1601 1933 1699 1980 Sed
1743 1930 1857 1979 ideo

107 2017 255 2066 virtus
295 2018 506 2066 maxima
542 2018 642 2076 viri,
672 2017 888 2066 mulieris
926 2017 1101 2077 minor,
1130 2026 1183 2064 ut
1220 2015 1411 2078 patiens
1442 2013 1529 2061 viri
1567 2022 1694 2062 esset
1714 2031 1726 2072 3
1769 2012 1855 2060 sci-

107 2099 238 2160 licet,
287 2118 348 2148 ne
404 2099 599 2148 feminis
649 2099 1037 2163 repugnantibus
1088 2097 1245 2146 libido
1301 2105 1497 2159 cogeret
1544 2096 1672 2143 viros
1720 2094 1853 2142 aliud

39 2206 82 2249 ²5
106 2192 336 2244 appetere
369 2192 452 2230 aut
487 2183 534 2229 in
569 2181 719 2229 alium
755 2198 925 2229 sexum
959 2197 1204 2244 proruere.
1280 2177 1473 2226 Dicitur
1507 2176 1649 2240 igitur
1683 2175 1856 2224 mulier
1878 2188 1947 2223 20

107 2265 380 2313 secundum
414 2262 683 2312 femineum
718 2279 902 2322 sexum,
933 2279 1033 2310 non
1072 2262 1347 2310 secundum
1382 2257 1749 2321 corruptionem
1787 2257 1856 2304 in-

106 2344 339 2408 tegritatis
361 2364 369 2393 z
407 2354 454 2394 et
480 2346 575 2393 hoc
601 2362 659 2393 ex
679 2344 845 2407 lingua
870 2361 1036 2392 sacrae
1062 2344 1352 2405 Scripturae.
1406 2342 1534 2388 Nam
1560 2342 1665 2388 Eva
1691 2338 1853 2387 statim

106 2427 231 2475 facta
255 2427 318 2475 de
343 2428 491 2476 latere
510 2426 597 2475 viri
618 2426 705 2485 sui,
726 2427 951 2474 nondum
980 2434 1209 2473 contacta
1227 2441 1256 2471 a
1274 2422 1391 2481 viro,
1414 2421 1587 2470 mulier
1611 2422 1856 2484 appellata

157 2568 182 2606 3
211 2556 328 2607 tunc]
352 2556 393 2594 in
416 2555 461 2593 K
623 2556 778 2593 ducant
796 2555 830 2593 C
847 2570 854 2594 :
875 2555 1019 2592 dicunt
1037 2554 1076 2591 Β
1090 2558 1183 2591 ante
1194 2565 1291 2591 cooer.
1458 2550 1650 2602 quidam]
1667 2550 1779 2600 quod
1797 2547 1853 2588 ΒῙ

105 2618 242 2649 autem
262 2624 343 2650 om.
370 2610 415 2647 K
522 2621 546 2659 5
576 2610 702 2659 exple
723 2610 769 2647 K
875 2611 901 2646 6
930 2610 1000 2659 qui
1023 2622 1077 2647 ex
1098 2607 1143 2645 K
1253 2619 1273 2655 7
1305 2606 1502 2645 ostendet
1527 2602 1634 2642 KT:
1666 2605 1855 2644 ostendit

107 2665 162 2709 C:
191 2665 444 2704 ostendatB
573 2670 718 2713 posset
745 2663 781 2701 T
793 2668 886 2702 ante
904 2677 999 2703 corr.
1188 2676 1214 2710 9
1242 2674 1331 2712 pro.
1356 2673 1565 2711 puerpere
1596 2658 1632 2696 T
1755 2665 1853 2696 nato

103 2717 206 2758 BC:
238 2726 336 2758 natu
368 2718 435 2756 K:
467 2731 550 2758 om.
582 2717 618 2755 'l'
631 2719 775 2770 (gloss.
800 2731 932 2769 marg.
957 2719 999 2755 in
1030 2717 1284 2768 archetypOZ)
1428 2728 1476 2753 10
1503 2714 1640 2764 quod]
1661 2714 1758 2762 quia
1779 2712 1857 2750 BC

103 2774 235 2822 primo
266 2787 349 2812 om.
383 2772 471 2811 ΒΚ
663 2785 710 2810 12
740 2786 896 2821 augere
931 2770 1010 2811 CK
1201 2771 1382 2809 Iuvenes
1415 2775 1589 2808 vocatos
1622 2774 1664 2806 ut
1698 2768 1777 2807 iuv.
1812 2767 1858 2805 K

106 2835 154 2875 '13
185 2828 331 2879 posse]
351 2841 397 2866 se
416 2827 462 2866 K
560 2827 767 2877 incipiunt
783 2827 853 2865 K:
874 2827 1045 2877 incipiat
1063 2826 1097 2865 C
1193 2825 1325 2877 avit.]
1345 2825 1396 2863 ab
1417 2823 1570 2862 indolis
1587 2822 1631 2860 K
1744 2834 1790 2870 15
1812 2827 1853 2860 et

103 2883 256 2921 auxilio
277 2895 421 2932 praep.
445 2881 491 2920 K
640 2883 689 2919 16
717 2881 873 2931 aliquid
894 2881 973 2921 BC
1080 2880 1295 2930 perfectus
1314 2886 1396 2918 aet.
1419 2892 1517 2918 ann.
1542 2877 1605 2916 K:
1638 2876 1855 2926 perfectus

104 2942 276 2976 estann.
295 2936 337 2975 Β
507 2949 554 2984 17
585 2937 654 2987 ae]
671 2949 694 2975 a
722 2935 749 2973 I
921 2937 967 2974 18
1000 2935 1085 2987 vis]
1109 2935 1240 2973 virtus
1256 2934 1290 2973 C
1446 2947 1493 2971 21
1527 2931 1754 2980 Vtriusque
1775 2927 1864 2968 BT

104 3004 155 3028 22
184 2991 316 3030 inbec.
337 2996 379 3030 et
401 2990 495 3030 fort.
515 2990 555 3028 B
654 3002 875 3040 corporum
897 3003 979 3030 om.
1002 2990 1057 3028 Bt
1169 3001 1221 3037 23
1253 2994 1337 3039 pat.
1359 2988 1450 3027 vire
1480 2985 1531 3024 T:
1565 2991 1649 3035 pat.
1670 2986 1760 3025 viro
1781 2984 1859 3025 BC

101 3045 154 3082 26
181 3045 494 3095 corruptionem
515 3056 596 3084 om.
631 3043 667 3082 T
823 3056 871 3093 27
903 3043 1066 3095 sacrae]
1088 3048 1260 3082 sanctae
1290 3040 1327 3080 T
