2176 3424
426 154 1052 203 ETYMOLOGIARVM
1093 156 1223 202 LIB.
1261 157 1400 202 XIV.
1440 154 1487 202 iv

86 283 364 348 provinciae
378 283 574 332 civitate
594 283 792 332 traxisse
814 300 996 332 nomen
1022 283 1337 333 existimatur.
1388 286 1640 333 Adhaeret
1655 294 1820 334 autem

83 366 144 414 ab
196 365 382 415 oriente
426 364 769 426 Macedoniae,
806 382 834 413 a
877 365 1210 429 septentrione
1259 365 1497 425 Moesiae,
1537 365 1601 414 ab
1641 383 1820 414 occasu

85 446 273 496 Histria
308 447 606 507 terminatur,
648 464 677 495 a
718 446 921 496 meridie
958 465 1073 497 vero
1116 447 1369 497 Adriatico
1411 447 1519 496 sinu
1556 448 1814 497 clauditur.

81 529 259 593 Epirus
309 523 358 578 a'
395 530 578 591 Pyrrho
627 528 832 577 Achillis
890 528 991 577 filio
1043 531 1406 593 cognominata.
1505 529 1659 580 Cuius
1708 547 1817 593 pars
1842 538 1877 584 9

17 633 54 674 ,5
80 613 321 672 Chaonia,
345 627 472 674 quae
505 619 650 659 antea
677 609 890 660 Molosia
923 611 1055 660 dicta
1090 621 1174 671 est,
1210 629 1239 660 a
1274 613 1474 660 Moloso
1512 611 1612 660 filio
1649 613 1817 675 Pyrrhi

78 710 226 757 quem
274 695 337 743 de
380 693 731 741 Andromacha
779 692 964 741 habuit.
1039 694 1137 742 Sed
1186 702 1450 757 postquam
1499 693 1690 742 occisus
1745 704 1817 743 est

78 776 288 838 Pyrrhus
349 773 535 824 Orestis
595 773 796 832 insidiis,
848 775 1252 823 Andromacham
1314 777 1541 825 Helenus
1602 775 1816 839 suscepit

77 857 333 920 tenuitque
368 873 571 920 regnum
609 855 815 919 privigni
850 855 934 919 qui
973 867 1274 906 successerat
1317 858 1474 921 patri,-
1510 876 1538 906 a
1574 875 1675 921 quo
1707 861 1815 906 Mo-

77 939 199 989 losia
241 938 372 988 dicta
411 948 483 987 est
540 954 648 1002 pars
700 937 849 1001 Epiri,
902 955 1051 1002 quam
1102 941 1329 988 Helenus
1378 949 1550 1004 postea
1593 958 1622 988 a
1670 942 1815 990 fratre

0 1045 55 1075 no
77 1022 298 1080 Chaone,
343 1036 491 1083 quern
539 1019 589 1068 in
629 1028 808 1068 venatu
856 1036 942 1082 per
978 1019 1302 1084 ignorantiam
1343 1022 1521 1071 dicitur
1556 1021 1813 1083 occidisse,

76 1102 353 1154 Chaoniam
379 1100 664 1161 nominavit,
688 1100 827 1164 quasi
854 1103 916 1151 ad
942 1105 1180 1152 solacium
1201 1105 1356 1152 fratris
1374 1103 1587 1153 extincti.
1641 1107 1814 1154 Hellas
1839 1114 1897 1149 10

74 1184 206 1235 dicta
230 1202 258 1233 a
284 1201 393 1247 rege
420 1185 648 1243 Hellene,
672 1183 991 1234 Deucalionis
1012 1195 1060 1234 et
1079 1188 1290 1249 Pyrrhae
1309 1186 1423 1247 filio,
1442 1205 1471 1235 a
1495 1205 1596 1250 quo
1614 1197 1662 1236 et
1682 1187 1814 1250 prius

75 1268 250 1316 Graeci
278 1267 514 1315 Hellenes
541 1265 811 1329 nuncupati
838 1276 964 1316 sunt.
1039 1270 1155 1331 Ipsa
1180 1278 1252 1317 est
1279 1278 1327 1318 et
1346 1271 1513 1318 Attica
1539 1280 1664 1319 terra
1689 1273 1814 1319 Acte

74 1349 205 1413 prius
230 1348 372 1398 dicta.
448 1351 577 1397 Nam
613 1350 806 1397 Granus
844 1349 1046 1412 quidam
1087 1352 1325 1401 Graeciae
1351 1351 1584 1416 indigena
1622 1352 1726 1412 fuit,
1755 1369 1813 1402 ex

0 1453 17 1490 ι,
27 1455 48 1494 5
74 1431 211 1480 cuius
247 1432 344 1479 filia
376 1430 504 1479 Attis
534 1432 736 1480 nornine
767 1431 932 1480 Attica
962 1442 1087 1482 terra
1120 1444 1294 1483 vocata
1333 1444 1418 1484 est.
1514 1437 1657 1483 Haec
1690 1434 1816 1483 inter

75 1512 424 1562 Macedoniam
450 1522 498 1562 et
516 1513 754 1562 Achaiam
783 1516 945 1563 media
964 1514 1102 1576 iacet,
1127 1519 1370 1566 Arcadiae
1389 1534 1417 1565 a
1443 1517 1812 1580 septentrionali

74 1605 209 1659 parte
238 1595 517 1644 coniuncta.
593 1597 708 1658 Ipsa
744 1606 816 1646 est
854 1606 901 1645 et
934 1615 1046 1647 vera
1085 1599 1305 1659 Graecia,
1343 1599 1428 1648 ubi
1466 1601 1556 1648 fuit
1588 1601 1818 1650 Athenae

74 1676 256 1738 civitas,
297 1687 450 1726 mater
486 1677 760 1726 liberalium
799 1680 1067 1728 litterarum
1108 1690 1155 1729 et
1191 1680 1601 1745 philosophorum
1639 1682 1815 1741 nutrix,

76 1776 173 1822 qua
198 1761 318 1808 nihil
343 1760 517 1809 habuit
545 1760 751 1810 Graecia
781 1762 956 1812 clarius
985 1772 1136 1826 atque
1169 1764 1398 1813 nobilius.
1475 1766 1537 1813 In
1572 1782 1630 1814 ea
1666 1775 1740 1814 est
1770 1775 1818 1814 et

0 1867 54 1897 .ηο
77 1843 418 1890 Marathonius
454 1859 657 1905 campus
682 1843 917 1907 opinione
943 1847 1200 1908 quondam
1227 1847 1398 1909 proelii
1430 1849 1812 1896 cruentissimus.

73 1922 301 1972 Helladis
325 1933 490 1973 autern
511 1926 637 1973 duae
663 1936 777 1974 sunt
802 1926 1083 1991 provinciae
1109 1949 1117 1978 :
1156 1929 1366 1977 Boeotia
1394 1940 1442 1978 et
1468 1931 1816 1993 Peloponnen·
1841 1940 1885 1973 11

72 2004 151 2054 sis.
226 2008 431 2055 Boeotia
455 2015 621 2055 autem
654 2006 786 2055 dicta
822 2009 915 2057 hac
949 2025 1007 2057 ex
1037 2025 1198 2059 causa.
1274 2013 1411 2059 Dum
1437 2011 1661 2061 Cadmus
1687 2015 1815 2074 Age-

71 2088 202 2135 noris
228 2088 354 2135 filius
382 2089 632 2150 Europam
659 2105 874 2138 sororem
900 2105 928 2137 a
955 2091 1075 2138 Iove
1102 2101 1291 2154 raptam
1318 2109 1376 2140 ex
1400 2102 1664 2156 praecepto
1683 2093 1812 2157 geni-

71 2168 187 2216 toris
213 2178 465 2231 quaereret
490 2186 583 2218 nec
616 2169 861 2234 reperiret,
898 2173 1050 2235 patris
1079 2172 1198 2221 iram
1225 2175 1495 2223 formidans
1521 2177 1814 2225 confirmato

0 2271 46 2314 ¹85
71 2250 238 2299 animo
281 2251 424 2313 elegit
463 2250 676 2301 exilium.
749 2254 879 2301 Nam
920 2253 1061 2304 bovis
1103 2257 1227 2304 forte
1270 2265 1567 2319 conspectae
1615 2268 1812 2308 secutus

70 2331 270 2396 vestigia
293 2334 546 2396 amplexus
572 2344 644 2382 est
670 2335 858 2396 sedem,
874 2336 959 2385 ubi
986 2338 1066 2385 illa
1093 2338 1424 2400 recubaverat‚
1453 2339 1622 2403 sicque
1647 2342 1811 2388 locum

123 2474 140 2501 1
174 2462 318 2513 exist.]
359 2463 574 2513 peribetur
625 2463 663 2502 T
847 2466 1049 2505 adhaeret
1071 2498 1079 2507 .
1103 2497 1113 2506 .
1141 2499 1149 2506 .
1170 2467 1378 2508 clauditur
1417 2483 1500 2510 om.
1545 2470 1582 2508 T
1607 2472 1709 2521 (non
1754 2470 1810 2515 U)

67 2529 91 2555 2
121 2517 171 2555 ab
194 2519 415 2556 occidente
436 2519 476 2556 Β
587 2518 719 2570 Moe.]
742 2520 855 2558 asiae
875 2520 915 2558 Β
1060 2535 1084 2571 3
1115 2523 1270 2562 austria
1290 2524 1378 2562 ΒΚ
1486 2525 1753 2564 concluditur
1772 2526 1813 2563 Β

65 2585 145 2621 seq.
169 2573 212 2610 in
238 2573 276 2611 U
295 2572 427 2611 Illiria
449 2573 566 2623 regio
587 2574 705 2613 iuxta
724 2575 972 2614 adriaticum
995 2588 1109 2614 mare
1132 2578 1174 2615 in
1196 2591 1278 2627 qua
1298 2579 1472 2618 dardani
1489 2581 1616 2619 sedes
1636 2581 1807 2621 habent.

66 2626 168 2676 Ipsa
198 2633 264 2666 est
295 2634 337 2667 et
369 2628 570 2667 dardania
596 2642 620 2667 a
652 2629 838 2669 dardano
868 2644 967 2680 rege
997 2632 1309 2683 cognominata,
1334 2633 1527 2673 homines
1559 2649 1614 2674 ex
1644 2636 1810 2673 troiana

68 2682 266 2731 prosapie
287 2681 329 2719 in
351 2695 491 2721 mores
510 2683 710 2722 barbaros
731 2683 906 2723 efferata
1018 2697 1042 2734 5
1072 2687 1197 2725 aonia
1217 2687 1264 2725 K
1282 2702 1291 2727 :
1321 2688 1486 2727 colonia
1515 2689 1553 2727 T
1657 2695 1754 2727 ante
1779 2688 1814 2726 C

59 2735 93 2774 ,8
122 2741 164 2774 et
193 2737 326 2775 tenuit
345 2750 453 2786 quae
474 2750 562 2787 reg.
582 2737 629 2775 K
734 2751 816 2787 quo
845 2753 927 2779 om.
951 2739 997 2777 K
1109 2753 1158 2780 10
1189 2755 1297 2781 aone
1329 2743 1376 2780 K
1487 2757 1533 2782 11
1566 2745 1731 2782 aoniam
1766 2743 1812 2781 K

67 2788 238 2829 vElladas
265 2790 375 2829 codd.
546 2804 593 2830 12
623 2791 759 2831 ellana
791 2794 886 2843 (-n0
916 2793 970 2845 C)
1001 2794 1112 2833 codd.
1252 2797 1367 2846 pyrri
1387 2797 1433 2835 K
1570 2799 1702 2837 Deuc.
1726 2828 1735 2838 .
1761 2827 1772 2837 .
1798 2828 1807 2837 .

63 2842 221 2884 Graeci
238 2859 320 2884 om.
336 2844 393 2883 Β1
526 2860 574 2896 13
604 2846 763 2886 eilanes
786 2847 840 2886 T:
870 2849 1110 2888 elleniusK
1219 2857 1307 2890 atte
1324 2851 1420 2890 ΚΟ
1537 2866 1584 2903 14
1617 2853 1810 2892 Cranaus

70 2895 238 2938 Hieron.
265 2900 401 2940 chron.
563 2914 610 2950 15
641 2908 705 2940 est
727 2915 810 2942 om.
834 2902 880 2940 K
1018 2907 1066 2942 16
1094 2906 1265 2944 arcadia
1286 2906 1416 2957 (-ch-)
1439 2907 1530 2945 KT
1666 2920 1713 2956 17
1744 2913 1809 2946 est

70 2960 169 2992 vera
195 2953 232 2992 T
291 2969 293 2971 ·
313 2955 467 2993 athena
485 2955 534 2995 C1
554 2970 564 2994 :
594 2968 688 2994 -nas
708 2956 836 2995 BKT
997 2972 1046 3009 19
1075 2959 1178 3011 qua]
1200 2961 1298 3010 quia
1312 2960 1398 3000 ΒΤ
1557 2975 1604 2999 21
1639 2962 1809 3001 Elladas

59 3007 179 3048 *codd.
247 3007 250 3027 ³
315 3021 367 3058 23
397 3009 475 3061 fiL]
493 3011 644 3049 fluvius
666 3010 708 3048 Β
816 3025 900 3053 sor.
917 3014 1223 3054 adiuberattam
1246 3014 1292 3053 K
1433 3028 1484 3065 25
1515 3022 1746 3068 conspecta
1768 3017 1813 3054 K

69 3062 121 3100 26
148 3062 315 3116 sedem]
337 3064 412 3102 sed
433 3071 498 3103 est
517 3064 558 3102 Β

127 3145 229 3182 1182
253 3156 284 3182 11
938 3170 951 3201 1
