2176 3424
1085 151 1356 201 ISIDORI

261 299 321 339 111
482 293 567 339 DE
592 302 906 338 ELEMENTIS.
955 284 1105 347 Ὕλην
1126 281 1302 333 Graeci
1319 296 1479 328 rerum
1498 278 1748 341 quandam
1766 276 1975 338 primam
1998 289 2093 320 ma-

347 375 517 423 teriam
545 372 730 431 dicunt,
759 371 896 418 nullo
920 382 1118 431 prorsus
1145 365 1296 413 modo
1327 364 1600 419 formatam,
1629 359 1717 407 sed
1743 355 1966 406 omnium
1992 371 2095 403 cor-

347 455 586 520 poralium
626 456 893 502 formarum
931 464 1179 512 capacem,
1217 463 1275 494 ex
1312 460 1410 508 qua
1446 441 1656 490 visibilia
1691 441 1813 487 haec
1851 439 2097 486 elementa

347 541 557 588 formata
582 545 696 585 sunt
719 553 732 596 3
768 534 903 582 unde
933 541 982 581 et
1012 548 1070 580 ex
1102 529 1206 579 eius
1237 526 1542 576 derivatione
1566 522 1864 572 vocabulum
1891 533 2098 579 accepe-

347 631 475 670 runt.
550 622 700 667 Hanc
738 619 857 680 ὕλην
899 612 1063 663 Latini
1100 609 1356 659 materiam
1399 607 1782 670 appellaverunt,
1828 603 1942 650 ideo
1984 599 2100 662 quia
2125 621 2146 661 5

348 720 498 752 omne
525 703 748 759 informe,
772 699 906 747 unde
926 694 1114 758 aliquid
1132 691 1414 741 faciendum
1436 697 1523 748 est,
1546 702 1739 749 semper
1760 681 1962 732 materia
1980 697 2103 729 nun-

348 794 568 849 cupatur.
645 781 861 830 Proinde
887 788 934 828 et
961 794 1069 827 eam
1096 784 1274 839 poetae
1301 772 1471 821 silvam
1499 768 1892 825 nominaverunt,
1916 780 2010 812 nec
2035 764 2104 810 in-

296 888 325 922 2
349 884 580 931 congrue,
609 867 725 929 quia
750 862 982 912 materiae
1010 859 1238 908 silvarum
1265 865 1393 905 sunt.
1465 850 1643 902 Graeci
1668 859 1834 898 autem
1861 848 2104 896 elementa

350 953 562 1015 στοιχεῖα
596 954 900 1010 nuncupant,
930 961 990 993 eo
1026 942 1163 1005 quod
1201 938 1295 988 sibi
1329 934 1576 986 societatis
1608 931 1876 981 concordia
1902 937 1950 977 et
1975 943 2105 975 com-

348 1034 588 1081 munione
625 1031 841 1093 quadam
880 1023 1192 1075 conveniant.
1270 1022 1401 1068 Nam
1441 1019 1511 1066 sic
1553 1033 1610 1064 ea
1647 1014 1772 1062 inter
1811 1029 1862 1060 se
1898 1007 2106 1058 naturali
2131 1027 2176 1055 1c

348 1117 564 1179 quadam
590 1111 779 1161 ratione
805 1109 973 1158 iuncta
998 1107 1243 1163 dicuntur,
1270 1100 1364 1169 [ut]
1388 1101 1541 1148 modo
1566 1096 1804 1160 originem
1829 1094 1893 1142 ab
1913 1091 2013 1156 igni
2039 1107 2108 1139 re-

348 1206 574 1262 petentes
612 1211 770 1258 usque
807 1194 871 1241 ad
908 1201 1100 1249 terram,
1136 1187 1290 1235 modo
1327 1202 1356 1232 a
1392 1193 1518 1231 terra
1555 1196 1710 1242 usque
1746 1179 1810 1226 ad
1843 1175 2022 1238 ignem,
2055 1182 2108 1220 ut

350 1279 475 1344 ignis
525 1276 729 1341 quidem
766 1275 817 1323 in
854 1290 967 1323 aera
1004 1270 1211 1330 desinat,
1256 1284 1338 1316 aer
1378 1267 1427 1313 in
1469 1279 1649 1326 aquam
1693 1262 1942 1317 densetur,
1982 1271 2110 1318 aqua

359 1362 410 1410 in
439 1371 615 1410 terram
647 1366 945 1416 crassescat,
983 1367 1248 1415 rursusque
1279 1359 1405 1398 terra
1437 1347 1651 1396 diluatur
1681 1342 1731 1390 in
1761 1357 1955 1404 aquam,
1983 1355 2111 1400 aqua

308 1461 338 1507 3
362 1452 571 1493 rarescat
596 1442 647 1490 in
677 1458 803 1500 aera,
830 1455 911 1487 aer
945 1437 995 1484 in
1026 1435 1189 1499 ignem
1227 1437 1530 1481 extenuetur.
1605 1428 1919 1488 Quapropter
1944 1418 2112 1468 omnia
2137 1437 2176 1476 15

362 1528 607 1575 elementa
627 1522 860 1572 omnibus
887 1522 1063 1577 inesse,
1088 1517 1175 1565 sed
1197 1511 1594 1574 unumquodque
1615 1523 1786 1556 eorum
1807 1522 1865 1554 ex
1890 1520 1950 1553 eo
1975 1502 2111 1566 quod

358 1609 570 1670 amplius
600 1606 751 1654 habet
781 1601 1033 1666 accepisse
1063 1598 1378 1648 vocabulum.
1452 1595 1577 1641 Sunt
1609 1599 1776 1638 autem
1807 1586 1974 1636 divina
2006 1601 2113 1648 pro—

358 1688 577 1738 videntia
602 1685 811 1751 propriis
842 1681 1179 1734 animantibus
1214 1676 1506 1728 distributa:
1545 1690 1661 1721 narn
1691 1673 1885 1720 caelum
1910 1667 2109 1731 angelis,

357 1790 521 1822 aerem
552 1769 850 1828 volucribus,
886 1783 1019 1815 mare
1049 1762 1282 1828 piscibus,
1313 1770 1489 1809 terram
1520 1753 1807 1805 hominibus
1841 1749 2113 1812 ceterisque

360 1855 695 1904 animantibus
722 1854 927 1903 Creator
952 1849 1057 1912 ipse
1083 1843 1299 1909 inplevit.
2141 1844 2176 1871 2<

282 1946 340 1985 IV
499 1939 582 1984 DE
607 1948 790 1984 CAELo.
861 1932 1071 1982 Caelum
1090 1936 1322 1976 vocatum
1343 1940 1403 1972 eo
1423 1922 1575 1985 quod,
1598 1929 1851 1980 tamquam
1872 1915 2115 1962 caelatum

363 2038 460 2079 vas,
488 2019 709 2082 inpressa
733 2016 923 2064 lumina
946 2011 1132 2061 habeat
1154 2009 1404 2058 stellarum
1426 2003 1575 2052 veluti
1598 2001 1748 2064 signa.
1812 1999 1943 2046 Nam
1963 1994 2118 2043 caela-

363 2114 469 2152 tum
495 2100 674 2150 dicitur
698 2116 781 2147 vas
809 2097 946 2160 quod
978 2092 1128 2157 signis
1155 2085 1564 2145 eminentioribus
1590 2083 1809 2145 refulget.
1883 2076 2118 2126 Distinxit

365 2185 497 2234 enim
535 2200 649 2231 eum
690 2183 827 2229 Deus
864 2179 1005 2227 claris
1042 2172 1328 2230 luminibus,
1357 2179 1404 2218 et
1441 2165 1645 2230 inplevit
1663 2183 1676 2226 ;
1711 2164 1814 2211 sole
1851 2159 2036 2209 scilicet
2072 2167 2121 2207 et

366 2271 511 2316 lunae
538 2265 659 2314 orbe
677 2260 884 2325 fulgenti
910 2269 959 2308 et
984 2267 1228 2306 astrorum
1253 2252 1546 2301 micantium
1572 2243 1949 2311 splendentibus
1971 2240 2119 2304 signis
2144 2250 2176 2294 ΦΑ

315 2363 346 2396 2
369 2346 642 2398 adornavit.
721 2343 879 2410 [Alias
912 2349 1078 2389 autem
1113 2356 1142 2387 a
1176 2334 1428 2399 superiora
1466 2324 1750 2393 caelando]
1821 2324 1923 2373 Hic
1955 2332 2120 2372 autem

371 2434 561 2481 Graece
596 2428 789 2492 οὐρανὸς
822 2424 1002 2474 dicitur
1038 2422 1131 2470 ἀπὸ
1167 2423 1250 2469 τοῦ
1286 2416 1500 2480 ὁρᾶσθαι,
1533 2413 1583 2461 id
1621 2419 1692 2459 est
1728 2426 1756 2456 a
1788 2407 2019 2464 videndo,
2061 2421 2122 2453 eo

371 2515 508 2578 quod
538 2529 620 2560 aer
652 2509 941 2573 perspicuus
980 2504 1041 2553 sit
1080 2512 1128 2552 et
1165 2503 1229 2551 ad
1267 2497 1628 2563 speculandum
1661 2490 1840 2555 purior.
1913 2488 2121 2538 Caelum

372 2606 538 2646 autem
565 2596 615 2641 in
641 2588 901 2654 Scripturis
927 2587 1109 2636 sanctis
1135 2584 1250 2633 ideo
1277 2583 1643 2629 firmamentum
1669 2581 1884 2629 vocatur,
1901 2570 2038 2633 quod
2063 2567 2124 2616 sit

434 2743 450 2767 1
485 2742 554 2780 qu.
576 2739 655 2765 rer.
677 2725 855 2775 primam
879 2722 914 2761 C
1023 2716 1232 2769 quondam
1254 2713 1300 2751 K
1407 2725 1431 2759 4
1461 2710 1580 2749 form.
1605 2721 1637 2746 s.
1660 2719 1729 2745 un.
1747 2717 1830 2743 om.
1845 2703 1891 2741 K
1998 2712 2023 2750 5
2053 2712 2123 2749 qu.

376 2787 420 2824 in
442 2797 523 2823 om.
546 2782 619 2822 inf.
642 2781 687 2819 K
797 2779 822 2815 8
850 2774 970 2827 quia]
991 2774 1103 2824 quod
1125 2771 1160 2810 C
1221 2781 1223 2783 ’
1267 2766 1465 2807 materies
1486 2764 1575 2803 silv.
1596 2762 1642 2800 K
1748 2773 1775 2808 9
1803 2755 1950 2807 nunc.]
1973 2759 2127 2793 vocant
2174 2775 2176 2781 x

376 2841 417 2879 Β
551 2850 595 2876 11
630 2842 676 2873 ut
695 2834 788 2872 hab.
811 2830 923 2871 BK:
951 2843 1033 2868 om.
1058 2827 1135 2867 CT
1262 2835 1310 2872 14
1339 2827 1455 2860 terra
1477 2832 1560 2857 om.
1579 2817 1614 2856 C
1753 2825 1800 2863 15
1831 2824 1905 2851 aer
1922 2811 2065 2859 ignem
2087 2808 2127 2846 Β

382 2897 431 2933 18
475 2891 658 2944 propriis
691 2902 776 2927 om.
818 2886 868 2925 C1
1057 2895 1107 2932 19
1147 2886 1246 2919 terr.
1288 2879 1400 2916 hom.
1437 2887 1520 2915 om.
1555 2871 1600 2910 K
1633 2868 1756 2908 Phill.
1884 2864 2042 2904 ceteris
2078 2860 2126 2902 C¹

378 2964 431 2988 20
461 2949 554 2998 ipse
574 2959 656 2985 om.
676 2942 735 2982 Β1
874 2954 925 2979 22
957 2936 1177 2977 luminaria
1194 2933 1240 2971 K
1365 2943 1416 2979 23
1448 2928 1654 2976 refulgeat
1671 2923 1757 2962 ΒΚ
1881 2931 1935 2968 25
1965 2918 2064 2957 luna
2083 2915 2130 2955 K

379 3006 432 3043 26
459 3004 563 3042 alias
586 3030 596 3041 .
619 3031 628 3040 .
653 3029 662 3039 .
686 2997 891 3038 caelando
911 2994 1004 3033 hab.
1035 2991 1136 3030 TU:
1166 3002 1249 3027 om.
1271 2985 1390 3025 BCK
1525 2995 1548 3021 a
1569 2993 1650 3019 om.
1678 2977 1716 3016 T
1847 2974 2071 3014 celandum
2095 2969 2145 3025 T,
2174 2979 2176 3011 3

381 3059 476 3098 Hoc
507 3057 554 3095 K
745 3053 797 3091 28
826 3050 882 3090 sit
911 3050 964 3087 ad
999 3061 1064 3097 sp.
1097 3044 1134 3084 T
1310 3053 1362 3090 29
1391 3036 1530 3087 sanc.]
1565 3033 1719 3074 divinis
1753 3031 1792 3069 Β
1931 3032 2147 3074 νοεειωῐιιἸ

378 3113 489 3162 quod
514 3110 569 3151 C:
601 3114 798 3149 vocatum
821 3119 872 3144 eo
893 3103 1007 3154 quod
1028 3102 1068 3140 Β

2143 3165 2150 3187 ι
2175 3167 2176 3171 ,

2115 3220 2176 3424 l
