2228 3444
1116 129 1389 178 ISIDORI

377 247 508 296 enim
559 250 687 296 linea
729 248 894 298 iacens
933 265 1079 313 super
1114 251 1324 301 litteram
1362 254 1630 317 aequaliter
1667 258 1830 306 ducta.
1929 256 2126 324 [Figura

374 338 555 390 autem,
584 346 682 393 qua
707 338 810 378 tota
835 331 992 379 littera
1019 332 1281 399 scribitur.]

314 424 352 462 V
509 413 594 459 DE
621 426 987 462 GRAMMATICA.
1050 415 1386 465 Grammatica
1406 425 1479 465 est
1499 417 1703 468 scientia
1721 429 1852 470 recte
1871 422 2122 485 loquendi,

374 503 424 543 et
448 493 584 557 origo
610 503 658 542 et
683 496 1065 544 fundamentum
1091 496 1367 546 liberalium
1393 499 1675 549 litterarum.
1739 503 1883 551 Haec
1909 501 1958 550 in
1984 504 2125 552 disci-

374 575 520 638 plinis
540 585 651 639 post
676 577 858 625 litteras
884 593 1178 626 communes
1203 578 1404 627 inventa
1430 588 1516 639 est,
1539 590 1592 629 ut
1617 582 1713 630 iam
1741 582 1825 646 qui
1851 583 2125 634 didicerant
2148 595 2169 634 5

373 659 556 707 litteras
582 675 669 722 per
694 675 803 707 eam
830 668 962 708 recte
999 660 1239 723 loquendi
1272 661 1513 711 rationem
1547 663 1716 713 sciant.
1791 666 2125 716 Grammatica

372 749 538 789 autem
564 757 593 788 a
618 740 788 789 litteris
816 757 1000 790 nornen
1026 742 1230 806 accepit.
1294 745 1556 808 Γράμματα
1581 747 1712 794 enim
1741 747 1917 796 Graeci
1941 747 2123 798 litteras

317 832 348 867 2
373 831 565 871 vocant.
640 825 732 870 Ars
766 839 881 871 vero
914 824 1047 871 dicta
1083 833 1171 882 est,
1211 826 1348 887 quod
1384 825 1499 874 artis
1536 830 1809 891 praeceptis
1846 829 2122 893 regulisque

372 905 622 952 consistat.
696 903 795 951 Alii
830 904 1002 953 dicunt
1027 922 1054 953 a
1082 906 1283 955 Graecis
1317 909 1413 956 hoc
1447 917 1655 958 tractum
1691 927 1798 960 esse
1822 912 2120 962 vocabulum

372 989 465 1036 ἀπὸ
501 991 582 1049 τῆς
619 990 793 1049 ἀρετῆς,
833 986 884 1035 id
921 995 994 1035 est
1031 1004 1059 1035 a
1095 989 1286 1049 virtute,
1326 1006 1476 1052 quam
1514 990 1770 1040 scientiam
1806 1004 2119 1044 vocaverunt.
2148 1015 2196 1042 10

318 1078 348 1124 3
373 1070 546 1120 Oratio
577 1068 709 1117 dicta
745 1067 885 1131 quasi
923 1068 1020 1116 oris
1051 1071 1186 1119 ratio.
1251 1073 1383 1120 Nam
1417 1089 1554 1121 orare
1585 1083 1657 1122 est
1690 1074 1826 1137 loqui
1863 1084 1911 1123 et
1941 1077 2118 1126 dicere.

375 1154 462 1200 Est
487 1161 654 1200 autem
693 1150 848 1199 oratio
885 1160 1143 1199 contextus
1174 1153 1435 1202 verborum
1470 1171 1584 1202 cum
1611 1172 1773 1205 sensu,
1847 1158 2120 1208 Contextus

370 1242 535 1283 autem
563 1233 669 1282 sine
695 1249 841 1281 sensu
869 1249 970 1281 non
997 1242 1070 1282 est
1090 1234 1260 1295 orati0‚
1282 1235 1397 1298 quia
1416 1253 1517 1284 non
1545 1246 1617 1286 est
1636 1237 1731 1286 oris
1758 1238 1892 1288 ratio.
1949 1241 2120 1289 Oratio

315 1325 537 1379 4autem
585 1317 733 1377 plena
781 1323 853 1363 est
901 1331 1063 1375 sensu,
1104 1333 1227 1365 voce
1275 1327 1322 1366 et
1366 1317 1536 1367 littera.
1630 1319 1911 1370 Divisiones
1953 1332 2118 1371 autem

368 1396 718 1461 grammaticae
753 1396 868 1444 artis
894 1413 923 1445 a
949 1397 1246 1459 quibusdam
1285 1398 1480 1462 triginta
1517 1399 1903 1462 dinumerantur,
1941 1403 1991 1453 id
2029 1414 2115 1465 est,
2148 1426 2192 1464 15

367 1486 529 1540 partes
569 1478 803 1527 orationis
846 1487 989 1528 octo:
1045 1496 1139 1527 vox
1180 1479 1446 1542 articulata,
1493 1481 1663 1542 littera,
1709 1485 1907 1547 syllaba,
1948 1488 2114 1549 pedes,

367 1569 615 1619 accentus,
645 1560 906 1623 positurae,
936 1570 1095 1620 notae,
1133 1562 1494 1626 orthographia,
1533 1565 1771 1628 analogia,
1805 1569 2114 1631 etymologia,

367 1645 570 1706 glossae,
610 1642 927 1702 differentiae,
963 1643 1265 1704 barbarismi,
1302 1645 1593 1706 soloecismi,
1626 1646 1755 1707 vitia,
1794 1651 2112 1713 metaplasmi,

369 1726 634 1785 schemata,
662 1724 804 1788 tropi,
832 1741 990 1788 prosa,
1020 1734 1188 1786 metra,
1215 1727 1424 1787 fabulae,
1453 1728 1696 1777 historiae.

278 1818 335 1857 Vl
498 1809 581 1855 DE
607 1822 856 1855 PARTIBVS
883 1822 1179 1856 ORATIONIS.
1255 1811 1422 1857 Partes
1453 1812 1686 1859 orationis
1720 1811 1906 1875 primus
1931 1813 2113 1864 Aristo·
2142 1832 2192 1860 20

362 1890 482 1938 teles
516 1891 640 1937 duas
676 1888 890 1949 tradidit,
930 1906 1116 1938 nomen
1154 1899 1201 1938 et
1237 1891 1476 1951 verbum,
1513 1893 1696 1942 deinde
1735 1895 1962 1943 Donatus
1999 1906 2114 1946 octo

365 1970 601 2020 definivit.
677 1972 774 2020 Sed
812 1987 985 2019 omnes
1022 1973 1086 2020 ad
1128 1971 1211 2020 illa
1246 1973 1348 2020 duo
1384 1973 1671 2037 principalia
1706 1985 2024 2038 revertuntur,
2064 1978 2114 2028 id

368 2062 453 2112 est,
481 2054 545 2101 ad
572 2069 756 2101 nomen
783 2061 830 2101 et
855 2053 1080 2114 verbum,
1105 2069 1232 2116 quae
1259 2053 1536 2117 significant
1568 2071 1830 2118 personam
1857 2067 1904 2106 et
1933 2068 2111 2108 actum.

315 2147 346 2181 2
369 2133 611 2197 Reliquae
646 2134 951 2197 adpendices
989 2144 1102 2183 sunt
1136 2144 1183 2183 et
1218 2153 1276 2183 ex
1313 2135 1387 2184 his
1422 2136 1659 2199 originem
1698 2140 1910 2188 trahunt.
1985 2142 2113 2190 Nam

367 2233 643 2279 pronomen
670 2233 729 2264 ex
753 2215 957 2265 nomine
982 2216 1210 2276 nascitur,
1239 2218 1379 2265 cuius
1405 2217 1568 2266 officio
1588 2219 1816 2281 fungitur,
1846 2231 1899 2269 ut
1930 2226 2114 2272 ‘orator
2141 2237 2188 2277 25

367 2298 477 2346 ille.⁷
561 2296 871 2345 Adverbium
920 2298 984 2345 de
1032 2297 1235 2347 nomine
1282 2298 1511 2358 nascitur,
1563 2309 1615 2347 ut
1667 2301 1891 2362 ‘doctus,
1937 2304 2114 2353 docte.⁷

369 2378 684 2442 Participium
712 2380 775 2427 de
802 2378 1003 2427 nomine
1029 2389 1077 2428 et
1101 2380 1266 2440 verbo,
1290 2389 1343 2428 ut
1374 2381 1521 2443 ‘lego,
1550 2381 1746 2443 legens.'
1813 2383 2114 2434 Coniunctio

366 2478 481 2510 vero
507 2470 554 2509 et
579 2460 876 2524 praepositio
902 2463 979 2510 vel
1013 2460 1287 2510 interiectio
1316 2461 1367 2510 in
1400 2463 1644 2524 conplexu
1679 2462 1878 2512 istarum
1913 2467 2110 2515 cadunt.

369 2544 494 2592 Ideo
524 2552 572 2592 et
602 2542 829 2592 nonnulli
860 2542 1081 2606 quinque
1114 2553 1276 2606 partes
1310 2543 1620 2603 definierunt,
1658 2544 1772 2608 quia
1806 2545 1926 2595 istae
1950 2564 2114 2611 super-

365 2627 492 2674 fluae
518 2634 646 2674 sunt.
2138 2638 2189 2677 30

425 2765 442 2791 1
468 2751 644 2801 Figura.
672 2780 681 2790 .
706 2780 715 2790 .
733 2751 932 2790 scribitur
946 2751 1039 2790 hab.
1057 2766 1084 2802 γ
1099 2753 1114 2804 (
1127 2771 1161 2784 =
1180 2750 1380 2802 TUWX)
1400 2752 1672 2804 (adscribitur
1688 2753 1747 2806 U)
1825 2767 1849 2803 5
1871 2753 2111 2796 didicerunt

366 2806 474 2844 K1T
634 2818 656 2855 7
688 2806 799 2844 enim
822 2818 902 2845 om.
926 2805 988 2844 Kl
1159 2820 1204 2845 11
1238 2808 1351 2846 dicta
1371 2820 1452 2846 om.
1477 2807 1523 2845 K
1683 2808 1823 2860 quasi]
1846 2810 1956 2858 quod
1978 2810 2033 2849 sit
2048 2811 2109 2849 K1

369 2875 415 2910 14
445 2873 554 2900 voce
574 2872 702 2899 sensu
724 2859 783 2898 K¹
955 2872 1003 2909 15
1034 2861 1205 2911 triginta
1225 2866 1370 2911 partes
1391 2861 1476 2900 din.
1503 2861 1560 2901 T:
1588 2873 1712 2900 xxvn
1732 2863 1816 2901 din.
1841 2862 1876 2901 C
2063 2878 2108 2916 17

364 2921 491 2955 notae
512 2929 596 2955 om.
622 2914 716 2954 CK1
829 2916 1084 2964 etymologia
1104 2929 1185 2956 om.
1217 2916 1255 2955 T
1337 2917 1386 2954 18
1416 2915 1680 2966 metaplasmi
1699 2923 1884 2956 scemata
1902 2917 1949 2955 K
2060 2933 2109 2970 19

363 2977 512 3020 tropus
535 2969 570 3009 C
584 2983 594 3010 ε
624 2975 771 3020 tropus
791 2981 848 3007 an
870 2970 1006 3019 tropis
1024 2969 1086 3008 K1
1105 2971 1180 3010 inc.
1295 2971 1394 3011 hist.
1418 2971 1499 3010 fab.
1518 2969 1599 3009 KL
1721 2984 1772 3010 22
1794 2971 2036 3012 reseruntur
2048 2974 2106 3012 B1

364 3025 406 3063 id
428 3030 492 3063 est
512 3038 594 3063 om.
615 3023 676 3062 K1
835 3037 888 3073 29
918 3024 1020 3063 Ideo
1043 3023 1106 3076 et]
1130 3031 1172 3065 et
1185 3038 1267 3066 om.
1289 3025 1335 3064 K
1354 3025 1460 3078 (non
1482 3025 1539 3077 L)
1678 3033 1821 3076 partes
1841 3026 2047 3068 orationis
2065 3031 2108 3071 d.

362 3078 469 3117 ΑΒΖ
581 3079 788 3117 definiunt
813 3077 853 3116 U
