2176 3424
395 125 1023 174 ETYMOLOGIARVM
1064 124 1192 169 LIB.
1234 123 1354 169 XII.
1396 120 1458 179 iii,
1501 122 1545 168 iv

102 274 184 306 cos
221 265 400 304 tractus
438 254 642 303 flexibus
680 252 890 302 sinuosis
927 253 1130 301 labatur.
1206 253 1335 300 Nam
1374 249 1616 299 lubricum
1658 249 1836 299 dicitur

99 338 341 402 quidquid
387 335 566 385 labitur
607 337 727 385 dum
769 343 974 394 tenetur,
1017 343 1071 382 ut
1113 333 1273 396 piscis,
1321 349 1535 395 serpens.
1625 333 1835 394 Serpens
1858 340 1888 387 3

96 428 260 468 autem
309 435 493 467 nomen
539 418 729 480 accepit
771 416 885 479 quia
933 414 1138 464 occultis
1187 413 1470 463 accessibus
1519 412 1680 476 serpit,
1733 429 1836 460 non

94 500 272 565 apertis
289 499 529 563 passibus,
551 500 639 548 sed
659 514 974 562 squamarum
992 495 1331 544 minutissimis
1348 494 1537 543 nisibus
1554 493 1692 558 repit.
1746 494 1837 541 Illa

49 605 72 644 5
94 592 258 631 autem
284 599 410 645 quae
436 589 667 644 quattuor
686 579 897 643 pedibus
923 580 1159 637 nituntur,
1183 578 1308 626 sicut
1333 575 1499 625 lacerti
1525 585 1573 624 et
1599 574 1832 633 stiliones‚

96 681 196 712 non
246 672 511 727 serpentes,
562 664 649 711 sed
698 660 887 725 reptilia
935 661 1266 708 nominantur.
1357 660 1620 721 Serpentes
1668 666 1835 705 autem

93 746 282 808 reptilia
331 755 456 804 sunt,
503 745 618 806 quia
661 752 829 792 ventre
877 751 925 791 et
964 751 1163 805 pectore
1206 749 1414 804 reptant.
1488 742 1715 801 Quorum
1763 747 1836 786 tot

92 843 282 876 venena
308 836 427 890 quot
451 842 641 889 genera,
665 834 736 873 tot
761 823 1001 887 pernicies
1027 833 1149 887 quot
1174 821 1375 885 species,
1395 830 1466 870 tot
1493 823 1689 870 dolores
1715 828 1835 883 quot

92 910 280 958 colores
331 909 586 957 habentur.
662 909 827 955 Draco
865 906 1018 954 maior
1053 914 1342 954 cunctorum
1377 902 1693 966 serpentium,
1734 903 1834 950 sive
1856 914 1888 961 4

10 1011 71 1041 »10
93 990 314 1038 omnium
362 991 687 1038 animantium
726 1006 871 1052 super
913 998 1102 1037 terram.
1194 989 1348 1035 Hunc
1391 985 1567 1035 Graeci
1611 983 1836 1049 δράκοντα

91 1081 268 1120 vocant
290 1090 303 1132 3
340 1073 472 1120 unde
498 1081 545 1120 et
576 1072 851 1119 derivatum
883 1080 955 1118 est
986 1072 1035 1118 in
1063 1068 1297 1118 Latinum
1323 1078 1376 1116 ut
1402 1070 1551 1116 draco
1577 1067 1832 1116 diceretur.

93 1153 191 1214 Qui
217 1170 361 1216 saepe
395 1153 458 1202 ab
490 1151 737 1216 speluncis
771 1152 1044 1200 abstractus
1076 1152 1224 1199 fertur
1253 1149 1303 1198 in
1336 1167 1514 1210 aerem,
1543 1150 1837 1198 concitatur-

90 1251 186 1296 que
210 1245 407 1298 propter
432 1252 546 1283 eum
571 1251 667 1283 aer.
740 1236 829 1282 Est
862 1243 1027 1281 autem
1062 1232 1300 1292 cristatus,
1331 1249 1414 1281 ore
1447 1249 1610 1295 parvo,
1642 1241 1688 1279 et
1719 1232 1834 1279 artis

90 1315 273 1375 fistulis,
297 1333 382 1379 per
407 1333 528 1379 quas
550 1315 695 1364 trahit
721 1314 944 1378 spiritum
966 1324 1014 1364 et
1034 1314 1250 1379 linguam
1277 1323 1454 1364 exerat.
1525 1315 1641 1361 Vim
1666 1322 1832 1362 autem

2 1414 65 1474 ις
89 1415 190 1447 non
220 1398 270 1446 in
301 1398 547 1458 dentibus,
577 1400 664 1447 sed
698 1397 748 1446 in
786 1399 945 1446 cauda
981 1397 1144 1456 habet,
1174 1407 1221 1445 et
1254 1397 1456 1445 verbere
1488 1395 1651 1459 potius
1682 1412 1830 1459 quam

47 1486 49 1489 ’
89 1481 209 1528 rictu
237 1490 396 1529 nocet.
472 1481 714 1529 Innoxius
745 1488 911 1528 autem
950 1488 1022 1527 est
1055 1496 1084 1527 a
1116 1478 1332 1536 venenis,
1359 1479 1447 1526 sed
1479 1477 1594 1527 ideo
1625 1477 1739 1526 huic
1764 1479 1828 1526 ad
1852 1487 1883 1537 5

90 1571 296 1611 mortem
330 1562 607 1611 faciendam
642 1579 831 1611 venena
869 1579 971 1610 non
1008 1578 1113 1610 esse
1144 1559 1430 1619 necessaria,
1460 1559 1575 1623 quia
1609 1561 1646 1608 si
1682 1576 1831 1623 quem

89 1643 243 1706 ligarit
283 1643 479 1692 occidit.
554 1647 599 1692 A
643 1662 742 1706 quo
790 1660 882 1691 nec
925 1645 1160 1706 elephans
1204 1652 1338 1691 tutus
1381 1651 1453 1691 est
1496 1641 1569 1690 sui
1612 1640 1830 1704 corporis

91 1724 428 1788 magnitudine
447 1744 459 1785 3
494 1742 608 1774 nam
630 1727 756 1773 circa
776 1724 973 1773 semitas
999 1724 1308 1784 delitescens,
1329 1740 1414 1788 per
1434 1740 1556 1786 quas
1583 1722 1833 1786 elephanti

2 1830 66 1858 220
90 1806 217 1854 soliti
235 1806 533 1869 gradiuntur,
554 1824 692 1855 crura
708 1824 878 1855 eorum
899 1805 1043 1855 nodis
1063 1805 1245 1868 inligat,
1267 1822 1324 1854 ac
1341 1806 1604 1854 suffocatos
1621 1806 1828 1868 perimit.

89 1887 314 1950 Gignitur
346 1898 511 1937 autem
548 1888 598 1936 in
633 1890 899 1951 Aethiopia
938 1898 986 1937 et
1024 1887 1171 1937 India
1207 1888 1257 1935 in
1294 1887 1402 1951 ipso
1440 1886 1672 1935 incendio
1707 1885 1830 1949 iugis

86 1979 261 2019 aestus.
354 1972 615 2019 Basiliscus
653 1972 855 2030 Graece,
903 1970 1078 2018 Latine
1125 1970 1469 2032 interpretatur
1516 1970 1723 2032 regulus,
1770 1978 1887 2024 e06

87 2053 222 2113 quod
259 2069 340 2100 rex
378 2054 676 2115 serpentium
716 2052 789 2112 sit,
826 2053 952 2100 adeo
987 2061 1038 2099 ut
1073 2069 1185 2099 eum
1224 2053 1445 2099 videntes
1484 2050 1684 2114 fugiant,
1714 2051 1829 2112 quia

3 2191 7 2204 .
44 2172 48 2187 ,
87 2134 266 2181 olfactu
293 2150 382 2181 suo
409 2151 494 2182 eos
522 2144 664 2182 necat
683 2152 695 2193 3
732 2150 845 2181 nam
881 2143 928 2182 et
964 2135 1217 2181 hominem
1254 2134 1330 2181 vel
1366 2132 1404 2180 si
1439 2131 1642 2195 aspiciat
1668 2131 1828 2180 interi-

0 2206 63 2278 325
88 2213 188 2262 mit.
263 2214 516 2278 Siquidem
538 2226 585 2264 et
606 2214 709 2265 eius
735 2225 938 2278 aspectu
960 2217 1092 2262 nulla
1117 2214 1218 2263 avis
1244 2216 1415 2262 volans
1435 2213 1620 2262 inlaesa
1639 2213 1824 2271 transit,

86 2297 172 2344 sed
199 2313 346 2359 quam
373 2299 543 2360 procul
569 2297 642 2357 sit,
672 2296 776 2346 eius
802 2313 886 2346 ore
917 2298 1159 2345 conbusta
1186 2298 1459 2346 devoratur.
1534 2299 1579 2343 A
1606 2297 1825 2344 mustelis
1848 2306 1877 2354 7

86 2386 250 2425 tamen
276 2377 497 2437 vincitur,
525 2395 646 2440 quas
678 2377 775 2425 illic
810 2379 1037 2426 homines
1072 2377 1287 2425 inferunt
1324 2377 1543 2426 cavernis
1570 2377 1618 2424 in
1645 2376 1825 2440 quibus

86 2457 324 2507 delitescit
343 2476 355 2519 3
391 2458 554 2522 itaque
580 2476 640 2508 eo
660 2458 764 2507 visu
787 2459 920 2522 fugit,
942 2475 1090 2521 quem
1117 2458 1198 2507 illa
1223 2459 1530 2522 persequitur
1554 2469 1602 2508 et
1628 2458 1823 2508 occidit.

86 2538 220 2587 Nihil
263 2542 394 2589 enim
440 2557 613 2604 parens
658 2543 736 2590 ille
780 2558 938 2590 rerum
980 2540 1084 2588 sine
1125 2541 1346 2590 remedio
1389 2540 1656 2590 constituit.
1733 2543 1822 2589 Est

143 2683 159 2708 1
191 2671 356 2710 labetur
376 2671 483 2709 BT:
513 2672 701 2710 labeatur
722 2672 789 2710 K:
820 2672 972 2710 labitur
995 2669 1030 2709 C
1184 2684 1208 2720 3
1239 2672 1355 2723 quia]
1380 2672 1492 2721 quod
1520 2671 1605 2710 ΒΚ
1713 2670 1821 2722 non]

46 2729 54 2746 '¹
85 2725 193 2775 repit
215 2727 326 2764 enim
356 2726 412 2763 T:
443 2725 594 2776 recipit
615 2727 726 2764 enim
752 2726 816 2765 U:
846 2732 887 2765 et
909 2740 992 2764 non
1018 2725 1052 2763 C
1160 2739 1184 2774 5
1214 2728 1307 2775 ped.
1333 2727 1481 2765 nititur
1507 2725 1545 2764 T
1652 2739 1672 2774 7
1701 2725 1821 2776 quia]

85 2792 191 2829 quae
224 2780 258 2819 C
411 2782 436 2819 8
465 2781 544 2820 col.
577 2786 676 2830 quot
706 2781 787 2820 dol.
818 2782 859 2819 Β
1028 2793 1076 2818 10
1106 2793 1170 2819 an.
1205 2794 1315 2819 omn.
1349 2781 1383 2820 C
1492 2783 1548 2831 δρ.
1569 2794 1663 2819 voc.
1689 2781 1762 2820 Gr.
1791 2781 1826 2819 C

89 2845 136 2882 13
163 2834 251 2885 au.]
273 2835 383 2873 enim
406 2834 441 2873 C
520 2836 673 2874 cristus
698 2835 751 2873 T1
865 2849 911 2885 14
942 2848 1019 2884 per
1039 2849 1106 2884 qu.
1128 2840 1176 2874 tr.
1199 2848 1262 2885 sp.
1279 2849 1360 2875 om.
1393 2835 1429 2873 T
1536 2838 1585 2874 16
1607 2836 1690 2873 ictu
1707 2834 1794 2872 ΒΚ
1815 2850 1823 2874 ;

86 2889 208 2927 ritum
236 2889 273 2927 T
389 2889 480 2928 Inn.
502 2896 566 2929 est
587 2891 697 2928 enirn
719 2903 743 2927 a
765 2889 799 2928 C
962 2903 1009 2938 17
1040 2903 1149 2927 vena
1170 2902 1254 2927 non
1278 2889 1329 2928 Cl
1448 2903 1540 2928 nec.
1563 2891 1706 2928 dicunt
1727 2890 1822 2939 quia

85 2941 131 2980 K
240 2945 288 2982 18
317 2950 433 2983 totus
449 2945 494 2982 K
613 2958 666 2983 20
695 2944 818 2983 solidi
840 2944 909 2982 K:
939 2945 1064 2983 solito
1084 2942 1119 2982 C
1226 2945 1339 2983 notis
1359 2945 1538 2994 inligant
1558 2945 1605 2982 K
1712 2944 1822 2994 peri-

85 3002 200 3035 ment
219 2998 265 3036 K
399 3011 447 3036 21
481 3005 523 3039 et
539 3000 582 3037 in
608 2999 700 3038 Ind.
734 2997 771 3036 T
903 3012 955 3048 23
984 2999 1101 3050 quia]
1124 2999 1236 3047 quod
1254 2998 1289 3037 C
1421 3010 1472 3048 25
1503 2998 1614 3049 eius]
1636 2999 1748 3037 aeris
1771 2998 1820 3037 Cl

85 3061 134 3100 27
163 3057 321 3091 tanturn
358 3053 403 3091 K
522 3054 660 3093 serunt
701 3053 778 3091 Tl:
810 3053 1038 3092 inferciunt
1072 3052 1202 3092 Solr'n.
1241 3067 1378 3103 27‚53
1561 3055 1614 3092 28
1644 3066 1696 3091 eo
1730 3054 1819 3092 viso

85 3102 228 3144 BCT:
259 3120 308 3145 ea
330 3108 420 3147 visa
441 3108 533 3148 dett.
643 3121 713 3157 qu.
737 3107 805 3146 ille
826 3108 937 3148 codd.
1060 3121 1112 3158 29
1140 3108 1180 3148 il.
1206 3109 1309 3160 ren]
1333 3109 1392 3147 illi
1417 3108 1454 3146 T
