2228 3444
400 111 1028 162 ETYMOLOGIARVM
1068 113 1196 159 LIB.
1238 113 1354 159 VII.
1394 112 1471 171 vii,
1512 112 1591 160 viii

118 246 200 294 stri
225 247 488 309 prophetas
513 249 705 300 vocant,
730 242 866 303 quasi
902 242 1212 303 praefatores,
1235 241 1350 304 quia
1369 258 1515 305 porro
1541 243 1701 291 fantur
1727 251 1774 291 et
1799 243 1864 290 de

118 326 288 375 futuris
325 342 435 376 vera
471 323 773 387 praedicunt.
849 323 948 383 Qui
984 330 1150 371 autem
1190 321 1262 390 [a]
1306 323 1451 372 nobis
1488 326 1770 388 prophetae,
1812 324 1861 372 in

117 407 283 455 Veteri
318 408 642 456 Testamento
679 400 901 451 videntes
942 401 1331 464 appellabantur,
1375 402 1492 465 quia
1529 402 1765 452 videbant
1803 420 1861 452 ea

116 503 243 550 quae
279 485 425 536 ceteri
462 501 562 534 non
598 483 847 542 videbant,
879 490 927 530 et
956 482 1349 545 praespiciebant
1382 501 1509 547 quae
1542 486 1591 532 in
1627 484 1860 547 mysterio

69 584 90 624 5
114 568 406 618 abscondita
448 575 598 615 erant.
671 564 808 613 Hinc
857 573 930 612 est
967 566 1103 626 quod
1147 565 1382 629 scriptum
1423 576 1495 615 est
1537 566 1588 614 in
1630 568 1911 615 Samuele2

114 649 163 714 (1
185 653 307 713 Reg.
328 667 370 711 9,
392 648 443 715 9)
466 669 474 698 :
532 649 744 695 ‘Eamus
803 647 867 694 ad
918 647 1203 697 videntem.’
1289 650 1427 696 Hinc
1483 650 1653 696 Esaias
1704 648 1854 712 (Esai.

115 736 157 792 6,
184 733 229 795 1)
255 751 263 780 :
322 731 496 791 ‘Vidi,'
544 729 717 791 inquit,
771 728 1073 777 ‘Dominum
1124 731 1378 779 sedentem
1429 747 1574 794 super
1621 731 1855 778 thronum

113 817 360 864 excelsum
386 822 432 862 et
459 813 733 862 elevatum.'
807 813 872 859 Et
900 813 1127 860 Ezechiel
1155 811 1220 875 (1,
1247 812 1292 875 1)
1315 834 1323 862 :
1366 811 1567 876 ‘Aperti
1594 821 1707 861 sunt
1733 812 1854 860 caeli

112 907 159 945 et
185 896 282 945 vidi
308 895 517 944 visiones
547 892 670 942 Dei)
742 895 1068 955 Quorundam
1095 903 1260 943 autem
1294 896 1645 957 prophetarum
1671 902 1854 957 etymo-
1878 907 1909 954 3

41 995 90 1024 10
111 979 266 1042 logiae
292 978 550 1027 nominum
577 977 893 1026 adnotandae
913 986 1042 1025 sunt.
1113 976 1369 1026 Vocabula
1390 976 1522 1025 enim
1543 993 1713 1025 eorum
1740 977 1855 1026 satis

110 1063 376 1109 ostendunt
402 1060 522 1123 quid
558 1059 608 1107 in
634 1058 805 1107 futuris
833 1058 971 1106 factis
1004 1058 1248 1122 dictisque
1283 1058 1381 1106 suis
1407 1058 1849 1123 praenuntiassent.

111 1142 283 1191 Helias
309 1144 650 1206 interpretatur
678 1141 924 1188 Dominus
954 1143 1103 1189 Deus.
1178 1143 1251 1189 Ex
1270 1139 1417 1188 futuri
1438 1140 1582 1203 igitur
1601 1141 1852 1204 praesagio
1877 1158 1909 1204 4

108 1226 176 1273 sic
201 1234 415 1274 vocatus
489 1227 616 1273 Nam
644 1225 762 1272 dum
788 1224 1099 1271 altercaretur
1132 1223 1182 1271 in
1215 1222 1453 1271 sacrificio
1478 1240 1592 1271 cum
1627 1224 1855 1285 quadrin-

104 1306 262 1369 gentis
287 1305 623 1355 sacerdotibus
652 1306 785 1363 Baal,
804 1303 1030 1353 invocato
1050 1305 1253 1354 nomine
1276 1304 1481 1353 Domini
1506 1305 1764 1354 descendit
1790 1307 1852 1355 de

35 1410 80 1450 15
106 1390 243 1436 caelo
281 1387 406 1451 ignis
445 1404 591 1450 super
633 1388 994 1434 holocaustum.
1070 1388 1252 1448 ‘Quod
1295 1404 1408 1435 cum
1445 1386 1648 1436 vidisset
1690 1387 1850 1435 omnis

105 1472 329 1533 populus,
353 1469 531 1520 cecidit
551 1471 600 1517 in
621 1468 796 1517 faciem
823 1486 960 1517 suam
989 1478 1036 1517 et
1061 1469 1156 1518 ait:
1197 1469 1444 1517 Dominus
1470 1468 1574 1531 ipse
1596 1478 1668 1517 est
1686 1468 1851 1517 Deus'

108 1551 158 1616 (3
171 1554 293 1615 Reg.
312 1554 383 1611 18,
400 1551 497 1615 39).
571 1554 644 1598 Ex
675 1552 767 1599 hac
798 1550 942 1613 igitur
966 1567 1113 1599 causa
1145 1553 1241 1600 tale
1272 1551 1403 1614 prius
1428 1567 1612 1599 nomen
1642 1550 1847 1614 accepit,
1874 1566 1905 1615 5

105 1650 192 1696 pro
232 1649 291 1682 eo
333 1634 469 1696 quod
507 1649 591 1696 per
632 1648 746 1680 eum
788 1641 961 1694 postea
996 1632 1281 1695 cognoverit
1318 1634 1529 1696 populus
1575 1634 1848 1681 Dominum

107 1717 285 1763 Deum.
359 1716 501 1763 Idem
528 1723 575 1762 et
599 1713 734 1763 fortis
756 1713 1002 1762 Dominus
1026 1713 1382 1777 interpretatur,
1402 1715 1478 1763 vel
1497 1723 1694 1777 propter
1713 1716 1849 1776 quod

31 1817 83 1845 20
106 1797 347 1846 interfecit
372 1798 573 1846 eosdem
608 1797 900 1856 sacerdotes,
928 1798 1005 1844 vel
1034 1805 1233 1860 propter
1266 1798 1401 1860 quod
1436 1796 1612 1845 Achab
1641 1796 1849 1845 adversi-

103 1888 253 1928 tatem
287 1880 522 1927 toleravit.
596 1877 860 1926 Helisaeus
896 1878 1100 1927 Domini
1134 1881 1263 1928 salus
1296 1879 1674 1942 interpretatur3
1709 1895 1849 1926 voca·
1872 1883 1906 1929 6

104 1962 274 2009 bulum
301 1969 467 2008 autem
493 1969 540 2008 et
564 1959 697 2008 idem
723 1977 781 2008 ex
806 1960 953 2008 futuri
978 1961 1230 2024 praesagio
1260 1960 1490 2024 suscepit.
1545 1960 1777 2023 Denique
1800 1970 1848 2010 et

102 2045 281 2090 multas
300 2041 501 2090 virtutes
521 2041 636 2089 fecit
656 2051 704 2090 et
724 2043 904 2089 famem
924 2043 1112 2103 pellens
1133 2044 1373 2105 populum
1398 2059 1428 2090 a
1447 2052 1604 2091 morte
1630 2042 1847 2091 salvavit.

104 2125 305 2172 Nathan
326 2122 477 2182 dedit,
497 2122 598 2171 sive
617 2124 795 2172 dantis.
842 2122 1010 2171 Esaias
1032 2124 1376 2186 interpretatur
1392 2124 1601 2173 salvator
1624 2124 1843 2173 Domini.
1869 2136 1899 2185 7

29 2226 77 2266 25
105 2208 168 2254 Et
211 2204 384 2253 merito
406 2223 419 2264 3
466 2206 766 2253 Salvatorem
810 2204 943 2252 enim
991 2204 1327 2255 universarum
1376 2205 1596 2269 gentium
1641 2205 1845 2269 eiusque

102 2295 406 2335 sacramenta
429 2285 639 2349 amplius
666 2303 814 2349 quam
848 2286 995 2335 ceteri
1027 2286 1289 2350 praedicat.
1365 2287 1598 2336 Ieremias
1623 2290 1843 2338 excelsus
1868 2290 1898 2336 8

103 2368 320 2427 Domini,
348 2384 437 2430 pro
468 2384 527 2417 eo
554 2369 689 2430 quod
719 2367 905 2416 dictum
942 2377 1014 2416 est
1051 2368 1095 2416 ei
1122 2368 1319 2432 (Ierem.
1345 2386 1383 2427 1,
1411 2369 1521 2433 10):
1562 2370 1841 2420 ‘Constitui

101 2461 149 2500 te
191 2467 335 2513 super
373 2458 542 2513 gentes
582 2459 629 2498 et
671 2452 848 2512 regna.'
921 2449 1148 2498 Ezechiel
1197 2450 1433 2499 fortitudo
1479 2450 1587 2500 Dei.
1664 2452 1841 2501 Daniel
1869 2468 1902 2513 9

160 2594 176 2619 1
210 2586 458 2630 prevatores
479 2580 537 2620 T:
567 2581 670 2631 prof.
689 2580 779 2620 dett.
891 2581 1006 2632 quia]
1023 2583 1134 2631 quod
1148 2581 1236 2620 ΒΚ
1343 2583 1482 2621 fantur
1495 2595 1576 2622 om.
1593 2582 1652 2620 K1
1764 2597 1788 2621 2
1817 2597 1841 2621 a

99 2635 190 2676 hab.
218 2634 296 2674 CK
315 2649 324 2674 :
353 2649 435 2675 om.
459 2634 543 2672 BT
695 2637 930 2686 prophetae
951 2649 1031 2676 om.
1054 2636 1099 2674 K
1118 2638 1220 2688 (non
1241 2637 1303 2689 A)
1463 2650 1489 2686 3
1510 2637 1778 2687 appellantur
1798 2637 1844 2675 K

101 2689 218 2741 quia]
233 2691 345 2740 quod
362 2689 404 2727 Β
513 2703 536 2738 4
566 2691 724 2730 ceteri.
741 2721 750 2730 .
769 2721 777 2730 .
797 2704 905 2741 quae
920 2704 1001 2730 om.
1021 2690 1056 2730 C
1162 2691 1503 2743 praespiciebant
1516 2691 1579 2731 B:
1611 2693 1839 2742 prospicie-

46 2758 50 2762 ’
99 2744 200 2784 bant
227 2743 288 2784 T:
318 2744 613 2795 praesciebant
635 2744 679 2783 K
786 2746 1019 2785 ministerio
1040 2745 1180 2783 BClT
1298 2759 1322 2796 5
1355 2746 1437 2785 Hic
1466 2746 1503 2784 T
1623 2748 1650 2784 6
1680 2747 1775 2784 hinc
1797 2753 1839 2784 et

100 2810 161 2839 es.
192 2799 229 2838 T
404 2813 432 2849 9
461 2799 766 2850 etymologiam
785 2813 897 2841 nom.
920 2801 1162 2840 adnotanda
1183 2800 1228 2839 K
1357 2813 1402 2841 11
1434 2801 1503 2852 qui
1525 2801 1568 2839 in
1590 2802 1772 2840 futurum
1795 2800 1841 2838 K

101 2854 448 2902 pronuntiassent
470 2853 505 2892 C
723 2867 772 2904 13
800 2855 910 2894 sicut
929 2861 1105 2895 vocatur
1127 2854 1162 2894 C
1378 2858 1426 2895 16
1455 2855 1628 2907 cecidit]
1650 2855 1773 2894 cedet
1794 2854 1840 2892 K

104 2908 154 2945 18
183 2908 405 2947 Dominum
425 2922 508 2949 om.
529 2907 575 2946 K
589 2908 692 2962 (non
713 2910 777 2961 A)
890 2923 943 2949 20
971 2910 1184 2950 interficet
1204 2910 1250 2948 K
1267 2924 1277 2950 z
1297 2909 1520 2950 intersecet
1541 2909 1577 2948 C
1684 2910 1836 2949 eodem

103 2960 153 2999 Cl
334 2975 382 3001 21
415 2963 491 3004 sal.
514 2964 585 3004 int.
609 2995 618 3006 .
640 2995 650 3005 .
675 2994 686 3005 .
709 2965 844 3003 saneti
865 2964 1036 3015 spiritus
1057 2967 1098 3015 (ξ
1119 2966 1192 3017 36)
1215 2965 1366 3005 desunt
1382 2966 1425 3004 in
1445 2965 1488 3004 D
1511 2964 1634 3015 (folio
1655 2964 1835 3015 amisso)

100 3027 152 3054 22
182 3028 249 3056 au.
270 3017 378 3056 idem
397 3016 438 3055 Β
547 3032 598 3068 23
627 3018 783 3070 morte]
802 3018 910 3058 fame
930 3018 968 3057 T
1071 3019 1234 3059 sanavit
1255 3019 1301 3062 K
1407 3034 1459 3068 24
1489 3019 1604 3057 salus
1625 3019 1736 3058 dom.
1760 3019 1836 3060 int.

102 3068 148 3107 K
256 3070 375 3111 Dom.
399 3078 439 3111 et
460 3085 562 3113 mer.
585 3086 667 3113 om.
690 3074 731 3111 A
844 3086 894 3123 25
927 3075 1018 3112 eius
1038 3087 1143 3113 sacr.
1169 3073 1213 3112 K
1321 3075 1373 3114 26
1402 3073 1621 3127 predicant
1643 3071 1684 3111 B

156 3125 257 3169 1182
949 3144 984 3178 U
