<?xml version="1.0" encoding="UTF-8"?>
<!DOCTYPE html PUBLIC "-//W3C//DTD XHTML 1.0 Transitional//EN"
    "http://www.w3.org/TR/xhtml1/DTD/xhtml1-transitional.dtd">
<html xmlns="http://www.w3.org/1999/xhtml" xml:lang="en" lang="en">
 <head>
  <title>
</title>
<meta http-equiv="Content-Type" content="text/html;charset=utf-8" />
  <meta name='ocr-system' content='tesseract 3.04.00' />
  <meta name='ocr-capabilities' content='ocr_page ocr_carea ocr_par ocr_line ocrx_word'/>
</head>
<body>
  <div class='ocr_page' id='page_1' title='image "./isidori01isiduoft/isidori01isiduoft_0522.png"; bbox 0 0 2176 3424; ppageno 0'>
   <div class='ocr_carea' id='block_1_1' title="bbox 1093 155 1363 204">
    <p class='ocr_par' dir='ltr' id='par_1_1' title="bbox 1093 155 1363 204">
     <span class='ocr_line' id='line_1_1' title="bbox 1093 155 1363 204; baseline 0.007 -3"><span class='ocrx_word' id='word_1_1' title='bbox 1093 155 1363 204; x_wconf 90' lang='lat' dir='ltr'>ISIDORI</span> 
     </span>
    </p>
   </div>
   <div class='ocr_carea' id='block_1_2' title="bbox 269 283 2175 2480">
    <p class='ocr_par' dir='ltr' id='par_1_2' title="bbox 347 283 2100 432">
     <span class='ocr_line' id='line_1_2' title="bbox 347 283 2093 351; baseline 0.003 -19"><span class='ocrx_word' id='word_1_2' title='bbox 347 286 690 347; x_wconf 79' lang='lat' dir='ltr'>plaustrorum,</span> <span class='ocrx_word' id='word_1_3' title='bbox 723 301 750 332; x_wconf 86' lang='lat' dir='ltr'>a</span> <span class='ocrx_word' id='word_1_4' title='bbox 780 284 1017 348; x_wconf 91' lang='lat' dir='ltr'>poliendo</span> <span class='ocrx_word' id='word_1_5' title='bbox 1049 283 1235 334; x_wconf 90' lang='lat' dir='ltr'>scilicet</span> <span class='ocrx_word' id='word_1_6' title='bbox 1266 284 1521 334; x_wconf 91' lang='lat' dir='ltr'>nominati.</span> <span class='ocrx_word' id='word_1_7' title='bbox 1595 287 1692 336; x_wconf 88' lang='lat' dir='ltr'>Sed</span> <span class='ocrx_word' id='word_1_8' title='bbox 1725 290 1868 351; x_wconf 94' lang='lat' dir='ltr'>polus</span> <span class='ocrx_word' id='word_1_9' title='bbox 1906 291 2093 338; x_wconf 89' lang='lat' dir='ltr'>Boreus</span> 
     </span>
     <span class='ocr_line' id='line_1_3' title="bbox 348 366 2100 432; baseline 0.003 -18"><span class='ocrx_word' id='word_1_10' title='bbox 348 382 542 430; x_wconf 82' lang='lat' dir='ltr'><strong>semper</strong></span> <span class='ocrx_word' id='word_1_11' title='bbox 571 366 777 426; x_wconf 89' lang='lat' dir='ltr'>videtur,</span> <span class='ocrx_word' id='word_1_12' title='bbox 805 366 1157 415; x_wconf 88' lang='lat' dir='ltr'>Austronotius</span> <span class='ocrx_word' id='word_1_13' title='bbox 1190 383 1462 430; x_wconf 82' lang='lat' dir='ltr'>numquam</span> <span class='ocrx_word' id='word_1_14' title='bbox 1480 385 1492 427; x_wconf 78' lang='lat'><em>3</em></span> <span class='ocrx_word' id='word_1_15' title='bbox 1530 368 1646 432; x_wconf 91' lang='lat' dir='ltr'>quia</span> <span class='ocrx_word' id='word_1_16' title='bbox 1675 370 1846 419; x_wconf 86' lang='lat' dir='ltr'>dextra</span> <span class='ocrx_word' id='word_1_17' title='bbox 1880 370 2001 420; x_wconf 89' lang='lat' dir='ltr'>caeli</span> <span class='ocrx_word' id='word_1_18' title='bbox 2036 373 2100 419; x_wconf 89' lang='lat' dir='ltr'>al-</span> 
     </span>
    </p>

    <p class='ocr_par' dir='ltr' id='par_1_3' title="bbox 291 448 2101 594">
     <span class='ocr_line' id='line_1_4' title="bbox 291 448 2101 513; baseline 0.002 -16"><span class='ocrx_word' id='word_1_19' title='bbox 291 449 325 496; x_wconf 88' lang='lat'>6</span> <span class='ocrx_word' id='word_1_20' title='bbox 349 448 473 498; x_wconf 89' lang='lat' dir='ltr'>tiora</span> <span class='ocrx_word' id='word_1_21' title='bbox 506 458 633 510; x_wconf 89' lang='lat' dir='ltr'>sunt,</span> <span class='ocrx_word' id='word_1_22' title='bbox 667 466 833 513; x_wconf 91' lang='lat' dir='ltr'>pressa</span> <span class='ocrx_word' id='word_1_23' title='bbox 866 450 1030 498; x_wconf 85' lang='lat' dir='ltr'><strong>austri.</strong></span> <span class='ocrx_word' id='word_1_24' title='bbox 1105 448 1343 499; x_wconf 87' lang='lat' dir='ltr'>Convexa</span> <span class='ocrx_word' id='word_1_25' title='bbox 1375 459 1592 500; x_wconf 86' lang='lat' dir='ltr'>extrema</span> <span class='ocrx_word' id='word_1_26' title='bbox 1624 451 1746 500; x_wconf 91' lang='lat' dir='ltr'>caeli</span> <span class='ocrx_word' id='word_1_27' title='bbox 1784 460 1914 512; x_wconf 90' lang='lat' dir='ltr'>sunt,</span> <span class='ocrx_word' id='word_1_28' title='bbox 1940 469 1970 501; x_wconf 88' lang='lat' dir='ltr'>a</span> <span class='ocrx_word' id='word_1_29' title='bbox 1999 469 2101 501; x_wconf 92' lang='lat' dir='ltr'>cur-</span> 
     </span>
     <span class='ocr_line' id='line_1_5' title="bbox 349 530 2101 594; baseline 0.003 -15"><span class='ocrx_word' id='word_1_30' title='bbox 349 530 498 580; x_wconf 81' lang='lat' dir='ltr'>vitate</span> <span class='ocrx_word' id='word_1_31' title='bbox 523 531 667 580; x_wconf 88' lang='lat' dir='ltr'>dicta.</span> <span class='ocrx_word' id='word_1_32' title='bbox 744 533 873 580; x_wconf 88' lang='lat' dir='ltr'>Nam</span> <span class='ocrx_word' id='word_1_33' title='bbox 902 549 1182 581; x_wconf 86' lang='lat' dir='ltr'>convexum</span> <span class='ocrx_word' id='word_1_34' title='bbox 1214 548 1417 581; x_wconf 91' lang='lat' dir='ltr'>curvum</span> <span class='ocrx_word' id='word_1_35' title='bbox 1453 542 1526 582; x_wconf 93' lang='lat' dir='ltr'>est</span> <span class='ocrx_word' id='word_1_36' title='bbox 1556 543 1604 583; x_wconf 91' lang='lat' dir='ltr'>et</span> <span class='ocrx_word' id='word_1_37' title='bbox 1637 533 1940 594; x_wconf 84' lang='lat' dir='ltr'>inclinatum,</span> <span class='ocrx_word' id='word_1_38' title='bbox 1970 543 2018 584; x_wconf 94' lang='lat' dir='ltr'>et</span> <span class='ocrx_word' id='word_1_39' title='bbox 2050 534 2101 584; x_wconf 91' lang='lat' dir='ltr'>in</span> 
     </span>
    </p>

    <p class='ocr_par' dir='ltr' id='par_1_4' title="bbox 296 613 2147 906">
     <span class='ocr_line' id='line_1_6' title="bbox 296 613 2147 684; baseline 0.003 -23"><span class='ocrx_word' id='word_1_40' title='bbox 296 633 324 684; x_wconf 86' lang='lat'><strong>7</strong></span> <span class='ocrx_word' id='word_1_41' title='bbox 350 615 556 662; x_wconf 92' lang='lat' dir='ltr'>modum</span> <span class='ocrx_word' id='word_1_42' title='bbox 574 613 742 662; x_wconf 91' lang='lat' dir='ltr'>circuli</span> <span class='ocrx_word' id='word_1_43' title='bbox 760 615 957 663; x_wconf 87' lang='lat' dir='ltr'>flexum.</span> <span class='ocrx_word' id='word_1_44' title='bbox 1022 616 1234 663; x_wconf 83' lang='lat' dir='ltr'>Lacteus</span> <span class='ocrx_word' id='word_1_45' title='bbox 1254 617 1464 664; x_wconf 91' lang='lat' dir='ltr'>circulus</span> <span class='ocrx_word' id='word_1_46' title='bbox 1484 614 1562 664; x_wconf 90' lang='lat' dir='ltr'>via</span> <span class='ocrx_word' id='word_1_47' title='bbox 1581 625 1655 665; x_wconf 91' lang='lat' dir='ltr'>est</span> <span class='ocrx_word' id='word_1_48' title='bbox 1679 633 1807 679; x_wconf 90' lang='lat' dir='ltr'>quae</span> <span class='ocrx_word' id='word_1_49' title='bbox 1826 617 1877 664; x_wconf 92' lang='lat' dir='ltr'>in</span> <span class='ocrx_word' id='word_1_50' title='bbox 1897 619 2103 680; x_wconf 89' lang='lat' dir='ltr'>sphaera</span> <span class='ocrx_word' id='word_1_51' title='bbox 2126 641 2147 681; x_wconf 85' lang='lat'>5</span> 
     </span>
     <span class='ocr_line' id='line_1_7' title="bbox 349 695 2102 762; baseline 0.002 -18"><span class='ocrx_word' id='word_1_52' title='bbox 349 696 557 756; x_wconf 87' lang='lat' dir='ltr'>videtur,</span> <span class='ocrx_word' id='word_1_53' title='bbox 584 713 613 744; x_wconf 89' lang='lat' dir='ltr'>a</span> <span class='ocrx_word' id='word_1_54' title='bbox 648 698 866 746; x_wconf 80' lang='lat' dir='ltr'>candore</span> <span class='ocrx_word' id='word_1_55' title='bbox 903 698 1048 757; x_wconf 86' lang='lat' dir='ltr'>dicta,</span> <span class='ocrx_word' id='word_1_56' title='bbox 1078 695 1193 760; x_wconf 90' lang='lat' dir='ltr'>quia</span> <span class='ocrx_word' id='word_1_57' title='bbox 1228 698 1343 746; x_wconf 89' lang='lat' dir='ltr'>alba</span> <span class='ocrx_word' id='word_1_58' title='bbox 1380 707 1466 747; x_wconf 92' lang='lat' dir='ltr'>est.</span> <span class='ocrx_word' id='word_1_59' title='bbox 1541 700 1706 761; x_wconf 85' lang='lat' dir='ltr'>Quam</span> <span class='ocrx_word' id='word_1_60' title='bbox 1743 697 1894 762; x_wconf 85' lang='lat' dir='ltr'>aliqui</span> <span class='ocrx_word' id='word_1_61' title='bbox 1931 699 2102 748; x_wconf 90' lang='lat' dir='ltr'>dicunt</span> 
     </span>
     <span class='ocr_line' id='line_1_8' title="bbox 349 774 2102 841; baseline 0.002 -19"><span class='ocrx_word' id='word_1_62' title='bbox 349 774 479 823; x_wconf 91' lang='lat' dir='ltr'>viam</span> <span class='ocrx_word' id='word_1_63' title='bbox 514 792 622 824; x_wconf 91' lang='lat' dir='ltr'>esse</span> <span class='ocrx_word' id='word_1_64' title='bbox 656 792 752 838; x_wconf 89' lang='lat' dir='ltr'>qua</span> <span class='ocrx_word' id='word_1_65' title='bbox 786 775 958 824; x_wconf 86' lang='lat' dir='ltr'>circuit</span> <span class='ocrx_word' id='word_1_66' title='bbox 995 778 1080 836; x_wconf 93' lang='lat' dir='ltr'>sol,</span> <span class='ocrx_word' id='word_1_67' title='bbox 1112 785 1160 825; x_wconf 93' lang='lat' dir='ltr'>et</span> <span class='ocrx_word' id='word_1_68' title='bbox 1199 793 1257 825; x_wconf 86' lang='lat' dir='ltr'>ex</span> <span class='ocrx_word' id='word_1_69' title='bbox 1293 778 1568 841; x_wconf 88' lang='lat' dir='ltr'>splendoris</span> <span class='ocrx_word' id='word_1_70' title='bbox 1606 776 1758 840; x_wconf 93' lang='lat' dir='ltr'>ipsius</span> <span class='ocrx_word' id='word_1_71' title='bbox 1795 777 2000 826; x_wconf 91' lang='lat' dir='ltr'>transitu</span> <span class='ocrx_word' id='word_1_72' title='bbox 2038 780 2102 826; x_wconf 86' lang='lat' dir='ltr'>ita</span> 
     </span>
     <span class='ocr_line' id='line_1_9' title="bbox 354 859 533 906; baseline 0 -2"><span class='ocrx_word' id='word_1_73' title='bbox 354 859 533 906; x_wconf 93' lang='lat' dir='ltr'>lucere.</span> 
     </span>
    </p>

    <p class='ocr_par' dir='ltr' id='par_1_5' title="bbox 269 940 2174 1250">
     <span class='ocr_line' id='line_1_10' title="bbox 269 940 2106 990; baseline 0.001 -1"><span class='ocrx_word' id='word_1_74' title='bbox 269 950 328 990; x_wconf 92' lang='lat' dir='ltr'>VI</span> <span class='ocrx_word' id='word_1_75' title='bbox 488 941 571 986; x_wconf 83' lang='lat' dir='ltr'>DE</span> <span class='ocrx_word' id='word_1_76' title='bbox 610 953 846 987; x_wconf 73' lang='lat' dir='ltr'>cmcvms</span> <span class='ocrx_word' id='word_1_77' title='bbox 885 955 1053 988; x_wconf 83' lang='lat' dir='ltr'>CAELI.</span> <span class='ocrx_word' id='word_1_78' title='bbox 1130 940 1391 989; x_wconf 86' lang='lat' dir='ltr'>Habitatio</span> <span class='ocrx_word' id='word_1_79' title='bbox 1423 940 1515 989; x_wconf 92' lang='lat' dir='ltr'>ista</span> <span class='ocrx_word' id='word_1_80' title='bbox 1545 941 1667 990; x_wconf 89' lang='lat' dir='ltr'>caeli</span> <span class='ocrx_word' id='word_1_81' title='bbox 1706 941 1999 990; x_wconf 88' lang='lat' dir='ltr'>circulorum</span> <span class='ocrx_word' id='word_1_82' title='bbox 2037 941 2106 990; x_wconf 90' lang='lat' dir='ltr'>di-</span> 
     </span>
     <span class='ocr_line' id='line_1_11' title="bbox 352 1019 2174 1087; baseline 0.002 -19"><span class='ocrx_word' id='word_1_83' title='bbox 352 1019 531 1069; x_wconf 89' lang='lat' dir='ltr'>stincta</span> <span class='ocrx_word' id='word_1_84' title='bbox 561 1020 695 1069; x_wconf 87' lang='lat' dir='ltr'>zonis</span> <span class='ocrx_word' id='word_1_85' title='bbox 726 1022 967 1084; x_wconf 91' lang='lat' dir='ltr'>quasdam</span> <span class='ocrx_word' id='word_1_86' title='bbox 1002 1031 1164 1085; x_wconf 91' lang='lat' dir='ltr'>partes</span> <span class='ocrx_word' id='word_1_87' title='bbox 1204 1022 1443 1086; x_wconf 86' lang='lat' dir='ltr'>temperie</span> <span class='ocrx_word' id='word_1_88' title='bbox 1485 1039 1574 1071; x_wconf 88' lang='lat' dir='ltr'>sua</span> <span class='ocrx_word' id='word_1_89' title='bbox 1616 1025 1830 1072; x_wconf 88' lang='lat' dir='ltr'>incolere</span> <span class='ocrx_word' id='word_1_90' title='bbox 1869 1023 2102 1087; x_wconf 86' lang='lat' dir='ltr'>permisit,</span> <span class='ocrx_word' id='word_1_91' title='bbox 2132 1045 2174 1072; x_wconf 79' lang='lat' dir='ltr'>rc</span> 
     </span>
     <span class='ocr_line' id='line_1_12' title="bbox 354 1103 2103 1168; baseline 0.002 -18"><span class='ocrx_word' id='word_1_92' title='bbox 354 1104 597 1165; x_wconf 89' lang='lat' dir='ltr'>quasdam</span> <span class='ocrx_word' id='word_1_93' title='bbox 624 1103 820 1166; x_wconf 85' lang='lat' dir='ltr'>negavit</span> <span class='ocrx_word' id='word_1_94' title='bbox 846 1104 1139 1153; x_wconf 84' lang='lat' dir='ltr'>enormitate</span> <span class='ocrx_word' id='word_1_95' title='bbox 1171 1104 1358 1168; x_wconf 81' lang='lat' dir='ltr'>frigoris</span> <span class='ocrx_word' id='word_1_96' title='bbox 1383 1114 1467 1153; x_wconf 91' lang='lat' dir='ltr'>aut</span> <span class='ocrx_word' id='word_1_97' title='bbox 1487 1105 1672 1154; x_wconf 88' lang='lat' dir='ltr'>caloris.</span> <span class='ocrx_word' id='word_1_98' title='bbox 1747 1107 1912 1153; x_wconf 88' lang='lat' dir='ltr'>Zonae</span> <span class='ocrx_word' id='word_1_99' title='bbox 1936 1114 2103 1153; x_wconf 92' lang='lat' dir='ltr'>autem</span> 
     </span>
     <span class='ocr_line' id='line_1_13' title="bbox 353 1185 2106 1250; baseline 0.002 -19"><span class='ocrx_word' id='word_1_100' title='bbox 353 1185 488 1248; x_wconf 84' lang='lat' dir='ltr'>ipsae</span> <span class='ocrx_word' id='word_1_101' title='bbox 514 1185 735 1248; x_wconf 91' lang='lat' dir='ltr'>quinque</span> <span class='ocrx_word' id='word_1_102' title='bbox 762 1195 889 1245; x_wconf 88' lang='lat' dir='ltr'>sunt,</span> <span class='ocrx_word' id='word_1_103' title='bbox 918 1203 1046 1249; x_wconf 91' lang='lat' dir='ltr'>quae</span> <span class='ocrx_word' id='word_1_104' title='bbox 1077 1186 1191 1235; x_wconf 91' lang='lat' dir='ltr'>ideo</span> <span class='ocrx_word' id='word_1_105' title='bbox 1222 1203 1375 1235; x_wconf 88' lang='lat' dir='ltr'>zonae</span> <span class='ocrx_word' id='word_1_106' title='bbox 1401 1187 1478 1235; x_wconf 92' lang='lat' dir='ltr'>vel</span> <span class='ocrx_word' id='word_1_107' title='bbox 1510 1187 1677 1235; x_wconf 89' lang='lat' dir='ltr'>circuli</span> <span class='ocrx_word' id='word_1_108' title='bbox 1711 1189 2020 1250; x_wconf 88' lang='lat' dir='ltr'>appellantur</span> <span class='ocrx_word' id='word_1_109' title='bbox 2045 1204 2106 1235; x_wconf 94' lang='lat' dir='ltr'>eo</span> 
     </span>
    </p>

    <p class='ocr_par' dir='ltr' id='par_1_6' title="bbox 301 1266 2174 1496">
     <span class='ocr_line' id='line_1_14' title="bbox 301 1266 2106 1332; baseline 0 -16"><span class='ocrx_word' id='word_1_110' title='bbox 301 1282 331 1316; x_wconf 86' lang='lat'><strong>2</strong></span> <span class='ocrx_word' id='word_1_111' title='bbox 355 1268 492 1330; x_wconf 94' lang='lat' dir='ltr'>quod</span> <span class='ocrx_word' id='word_1_112' title='bbox 531 1266 581 1314; x_wconf 93' lang='lat' dir='ltr'>in</span> <span class='ocrx_word' id='word_1_113' title='bbox 618 1267 1044 1317; x_wconf 87' lang='lat' dir='ltr'>circumductione</span> <span class='ocrx_word' id='word_1_114' title='bbox 1080 1270 1317 1331; x_wconf 84' lang='lat' dir='ltr'>sphaerae</span> <span class='ocrx_word' id='word_1_115' title='bbox 1355 1269 1582 1317; x_wconf 85' lang='lat' dir='ltr'>existunt.</span> <span class='ocrx_word' id='word_1_116' title='bbox 1657 1270 1882 1330; x_wconf 86' lang='lat' dir='ltr'>Quorum</span> <span class='ocrx_word' id='word_1_117' title='bbox 1920 1270 2106 1332; x_wconf 91' lang='lat' dir='ltr'>primus</span> 
     </span>
     <span class='ocr_line' id='line_1_15' title="bbox 355 1348 2105 1413; baseline 0.001 -17"><span class='ocrx_word' id='word_1_118' title='bbox 355 1348 567 1396; x_wconf 89' lang='lat' dir='ltr'>circulus</span> <span class='ocrx_word' id='word_1_119' title='bbox 594 1350 707 1397; x_wconf 93' lang='lat' dir='ltr'>ideo</span> <span class='ocrx_word' id='word_1_120' title='bbox 734 1351 946 1413; x_wconf 82' lang='grc' dir='ltr'>ἀρκτικὸς</span> <span class='ocrx_word' id='word_1_121' title='bbox 974 1352 1248 1413; x_wconf 91' lang='lat' dir='ltr'>appellatur</span> <span class='ocrx_word' id='word_1_122' title='bbox 1278 1366 1338 1399; x_wconf 92' lang='lat' dir='ltr'>eo</span> <span class='ocrx_word' id='word_1_123' title='bbox 1377 1353 1514 1413; x_wconf 89' lang='lat' dir='ltr'>quod</span> <span class='ocrx_word' id='word_1_124' title='bbox 1548 1350 1674 1398; x_wconf 90' lang='lat' dir='ltr'>intra</span> <span class='ocrx_word' id='word_1_125' title='bbox 1704 1367 1816 1399; x_wconf 92' lang='lat' dir='ltr'>eum</span> <span class='ocrx_word' id='word_1_126' title='bbox 1843 1353 2105 1399; x_wconf 90' lang='lat' dir='ltr'>Arctorum</span> 
     </span>
     <span class='ocr_line' id='line_1_16' title="bbox 356 1430 2174 1496; baseline 0.002 -17"><span class='ocrx_word' id='word_1_127' title='bbox 356 1430 494 1493; x_wconf 86' lang='lat' dir='ltr'>signa</span> <span class='ocrx_word' id='word_1_128' title='bbox 520 1431 709 1479; x_wconf 87' lang='lat' dir='ltr'>inclusa</span> <span class='ocrx_word' id='word_1_129' title='bbox 733 1431 1113 1495; x_wconf 89' lang='lat' dir='ltr'>prospiciuntur,</span> <span class='ocrx_word' id='word_1_130' title='bbox 1141 1449 1269 1496; x_wconf 89' lang='lat' dir='ltr'>quae</span> <span class='ocrx_word' id='word_1_131' title='bbox 1293 1450 1322 1480; x_wconf 91' lang='lat' dir='ltr'>a</span> <span class='ocrx_word' id='word_1_132' title='bbox 1347 1432 1523 1481; x_wconf 92' lang='lat' dir='ltr'>nostris</span> <span class='ocrx_word' id='word_1_133' title='bbox 1554 1432 1603 1480; x_wconf 93' lang='lat' dir='ltr'>in</span> <span class='ocrx_word' id='word_1_134' title='bbox 1638 1449 1858 1480; x_wconf 90' lang='lat' dir='ltr'>ursarum</span> <span class='ocrx_word' id='word_1_135' title='bbox 1890 1432 2104 1496; x_wconf 91' lang='lat' dir='ltr'>speciem</span> <span class='ocrx_word' id='word_1_136' title='bbox 2134 1455 2174 1495; x_wconf 69' lang='lat'>15</span> 
     </span>
    </p>

    <p class='ocr_par' dir='ltr' id='par_1_7' title="bbox 305 1510 2110 1741">
     <span class='ocr_line' id='line_1_17' title="bbox 305 1510 2110 1579; baseline 0.003 -19"><span class='ocrx_word' id='word_1_137' title='bbox 305 1532 335 1578; x_wconf 87' lang='lat'>3</span> <span class='ocrx_word' id='word_1_138' title='bbox 358 1514 471 1560; x_wconf 88' lang='lat' dir='ltr'>ficta</span> <span class='ocrx_word' id='word_1_139' title='bbox 492 1510 861 1576; x_wconf 87' lang='lat' dir='ltr'>Septentriones</span> <span class='ocrx_word' id='word_1_140' title='bbox 881 1516 1204 1577; x_wconf 89' lang='lat' dir='ltr'>appellantur.</span> <span class='ocrx_word' id='word_1_141' title='bbox 1269 1515 1528 1564; x_wconf 90' lang='lat' dir='ltr'>Secundus</span> <span class='ocrx_word' id='word_1_142' title='bbox 1546 1514 1756 1563; x_wconf 92' lang='lat' dir='ltr'>circulus</span> <span class='ocrx_word' id='word_1_143' title='bbox 1777 1531 1834 1564; x_wconf 87' lang='lat' dir='ltr'>ex</span> <span class='ocrx_word' id='word_1_144' title='bbox 1855 1531 1914 1563; x_wconf 95' lang='lat' dir='ltr'>eo</span> <span class='ocrx_word' id='word_1_145' title='bbox 1936 1516 2110 1579; x_wconf 82' lang='grc' dir='ltr'>θερινὸς</span> 
     </span>
     <span class='ocr_line' id='line_1_18' title="bbox 357 1594 2108 1660; baseline 0.002 -16"><span class='ocrx_word' id='word_1_146' title='bbox 357 1597 573 1659; x_wconf 82' lang='grc' dir='ltr'>τροπικὸς</span> <span class='ocrx_word' id='word_1_147' title='bbox 597 1594 775 1644; x_wconf 93' lang='lat' dir='ltr'>dicitur</span> <span class='ocrx_word' id='word_1_148' title='bbox 800 1595 916 1659; x_wconf 89' lang='lat' dir='ltr'>quia</span> <span class='ocrx_word' id='word_1_149' title='bbox 940 1595 990 1644; x_wconf 93' lang='lat' dir='ltr'>in</span> <span class='ocrx_word' id='word_1_150' title='bbox 1012 1613 1071 1645; x_wconf 95' lang='lat' dir='ltr'>eo</span> <span class='ocrx_word' id='word_1_151' title='bbox 1091 1596 1274 1645; x_wconf 90' lang='lat' dir='ltr'>circulo</span> <span class='ocrx_word' id='word_1_152' title='bbox 1295 1599 1367 1645; x_wconf 94' lang='lat' dir='ltr'>sol</span> <span class='ocrx_word' id='word_1_153' title='bbox 1388 1596 1650 1660; x_wconf 90' lang='lat' dir='ltr'>Aquilonis</span> <span class='ocrx_word' id='word_1_154' title='bbox 1670 1596 1851 1646; x_wconf 90' lang='lat' dir='ltr'>finibus</span> <span class='ocrx_word' id='word_1_155' title='bbox 1871 1607 2108 1647; x_wconf 90' lang='lat' dir='ltr'>aestatem</span> 
     </span>
     <span class='ocr_line' id='line_1_19' title="bbox 359 1677 2110 1741; baseline 0.002 -16"><span class='ocrx_word' id='word_1_156' title='bbox 359 1677 543 1726; x_wconf 90' lang='lat' dir='ltr'>faciens</span> <span class='ocrx_word' id='word_1_157' title='bbox 564 1679 689 1725; x_wconf 92' lang='lat' dir='ltr'>ultra</span> <span class='ocrx_word' id='word_1_158' title='bbox 709 1693 820 1726; x_wconf 91' lang='lat' dir='ltr'>eum</span> <span class='ocrx_word' id='word_1_159' title='bbox 844 1678 1080 1727; x_wconf 92' lang='lat' dir='ltr'>circulum</span> <span class='ocrx_word' id='word_1_160' title='bbox 1103 1696 1203 1728; x_wconf 94' lang='lat' dir='ltr'>non</span> <span class='ocrx_word' id='word_1_161' title='bbox 1229 1678 1414 1739; x_wconf 89' lang='lat' dir='ltr'>transit,</span> <span class='ocrx_word' id='word_1_162' title='bbox 1437 1679 1525 1727; x_wconf 92' lang='lat' dir='ltr'>sed</span> <span class='ocrx_word' id='word_1_163' title='bbox 1551 1678 1714 1727; x_wconf 88' lang='lat' dir='ltr'>statim</span> <span class='ocrx_word' id='word_1_164' title='bbox 1741 1681 1993 1728; x_wconf 88' lang='lat' dir='ltr'>revertitur</span> <span class='ocrx_word' id='word_1_165' title='bbox 2014 1698 2026 1741; x_wconf 81' lang='lat'><em>3</em></span> <span class='ocrx_word' id='word_1_166' title='bbox 2063 1689 2110 1729; x_wconf 94' lang='lat' dir='ltr'>et</span> 
     </span>
    </p>

    <p class='ocr_par' dir='ltr' id='par_1_8' title="bbox 302 1760 2175 2070">
     <span class='ocr_line' id='line_1_20' title="bbox 302 1760 2108 1826; baseline 0.002 -19"><span class='ocrx_word' id='word_1_167' title='bbox 302 1778 335 1824; x_wconf 92' lang='lat'>4</span> <span class='ocrx_word' id='word_1_168' title='bbox 358 1760 475 1808; x_wconf 92' lang='lat' dir='ltr'>inde</span> <span class='ocrx_word' id='word_1_169' title='bbox 499 1761 715 1824; x_wconf 87' lang='grc' dir='ltr'>τροπικὸς</span> <span class='ocrx_word' id='word_1_170' title='bbox 732 1762 1018 1823; x_wconf 89' lang='lat' dir='ltr'>appellatur.</span> <span class='ocrx_word' id='word_1_171' title='bbox 1082 1761 1276 1810; x_wconf 91' lang='lat' dir='ltr'>Tertius</span> <span class='ocrx_word' id='word_1_172' title='bbox 1296 1761 1506 1810; x_wconf 91' lang='lat' dir='ltr'>circulus</span> <span class='ocrx_word' id='word_1_173' title='bbox 1527 1762 1751 1826; x_wconf 83' lang='grc' dir='ltr'>ἡμερινὸς,</span> <span class='ocrx_word' id='word_1_174' title='bbox 1770 1761 1854 1825; x_wconf 90' lang='lat' dir='ltr'>qui</span> <span class='ocrx_word' id='word_1_175' title='bbox 1873 1778 1902 1810; x_wconf 88' lang='lat' dir='ltr'>a</span> <span class='ocrx_word' id='word_1_176' title='bbox 1923 1761 2108 1810; x_wconf 89' lang='lat' dir='ltr'>Latinis</span> 
     </span>
     <span class='ocr_line' id='line_1_21' title="bbox 358 1841 2175 1905; baseline 0.002 -16"><span class='ocrx_word' id='word_1_177' title='bbox 358 1841 472 1890; x_wconf 89' lang='lat' dir='ltr'>ideo</span> <span class='ocrx_word' id='word_1_178' title='bbox 498 1841 874 1904; x_wconf 88' lang='lat' dir='ltr'>aequinoctialis</span> <span class='ocrx_word' id='word_1_179' title='bbox 899 1843 1171 1905; x_wconf 86' lang='lat' dir='ltr'>appellatur</span> <span class='ocrx_word' id='word_1_180' title='bbox 1197 1858 1256 1890; x_wconf 95' lang='lat' dir='ltr'>eo</span> <span class='ocrx_word' id='word_1_181' title='bbox 1287 1843 1423 1904; x_wconf 92' lang='lat' dir='ltr'>quod</span> <span class='ocrx_word' id='word_1_182' title='bbox 1451 1843 1537 1901; x_wconf 87' lang='lat' dir='ltr'>sol,</span> <span class='ocrx_word' id='word_1_183' title='bbox 1567 1860 1680 1891; x_wconf 92' lang='lat' dir='ltr'>cum</span> <span class='ocrx_word' id='word_1_184' title='bbox 1706 1843 1770 1892; x_wconf 88' lang='lat' dir='ltr'>ad</span> <span class='ocrx_word' id='word_1_185' title='bbox 1796 1861 1910 1892; x_wconf 92' lang='lat' dir='ltr'>eum</span> <span class='ocrx_word' id='word_1_186' title='bbox 1936 1843 2107 1892; x_wconf 90' lang='lat' dir='ltr'>orbem</span> <span class='ocrx_word' id='word_1_187' title='bbox 2135 1867 2175 1894; x_wconf 78' lang='lat'>2&lt;</span> 
     </span>
     <span class='ocr_line' id='line_1_22' title="bbox 358 1923 2110 1988; baseline 0.001 -16"><span class='ocrx_word' id='word_1_188' title='bbox 358 1923 647 1986; x_wconf 89' lang='lat' dir='ltr'>pervenerit,</span> <span class='ocrx_word' id='word_1_189' title='bbox 676 1923 1048 1986; x_wconf 89' lang='lat' dir='ltr'>aequinoctium</span> <span class='ocrx_word' id='word_1_190' title='bbox 1074 1923 1205 1973; x_wconf 88' lang='lat' dir='ltr'>facit.</span> <span class='ocrx_word' id='word_1_191' title='bbox 1279 1924 1525 1988; x_wconf 81' lang='grc' dir='ltr'>Ἡμερινὸς</span> <span class='ocrx_word' id='word_1_192' title='bbox 1549 1924 1680 1973; x_wconf 92' lang='lat' dir='ltr'>enim</span> <span class='ocrx_word' id='word_1_193' title='bbox 1708 1925 1884 1974; x_wconf 90' lang='lat' dir='ltr'>Latine</span> <span class='ocrx_word' id='word_1_194' title='bbox 1910 1925 2015 1975; x_wconf 93' lang='lat' dir='ltr'>dies</span> <span class='ocrx_word' id='word_1_195' title='bbox 2041 1925 2110 1975; x_wconf 89' lang='lat' dir='ltr'>di-</span> 
     </span>
     <span class='ocr_line' id='line_1_23' title="bbox 359 2005 2112 2070; baseline 0.001 -16"><span class='ocrx_word' id='word_1_196' title='bbox 359 2006 484 2055; x_wconf 90' lang='lat' dir='ltr'>citur</span> <span class='ocrx_word' id='word_1_197' title='bbox 513 2016 662 2070; x_wconf 90' lang='lat' dir='ltr'>atque</span> <span class='ocrx_word' id='word_1_198' title='bbox 697 2023 808 2067; x_wconf 88' lang='lat' dir='ltr'>nox,</span> <span class='ocrx_word' id='word_1_199' title='bbox 836 2023 937 2069; x_wconf 89' lang='lat' dir='ltr'>quo</span> <span class='ocrx_word' id='word_1_200' title='bbox 971 2007 1155 2055; x_wconf 91' lang='lat' dir='ltr'>circulo</span> <span class='ocrx_word' id='word_1_201' title='bbox 1189 2005 1398 2055; x_wconf 89' lang='lat' dir='ltr'>dimidia</span> <span class='ocrx_word' id='word_1_202' title='bbox 1432 2008 1669 2070; x_wconf 89' lang='lat' dir='ltr'>sphaerae</span> <span class='ocrx_word' id='word_1_203' title='bbox 1703 2024 1813 2070; x_wconf 87' lang='lat' dir='ltr'>pars</span> <span class='ocrx_word' id='word_1_204' title='bbox 1844 2007 2112 2056; x_wconf 88' lang='lat' dir='ltr'>constituta</span> 
     </span>
    </p>

    <p class='ocr_par' dir='ltr' id='par_1_9' title="bbox 309 2087 2111 2153">
     <span class='ocr_line' id='line_1_24' title="bbox 309 2087 2111 2153; baseline 0.001 -17"><span class='ocrx_word' id='word_1_205' title='bbox 309 2104 339 2153; x_wconf 91' lang='lat'>5</span> <span class='ocrx_word' id='word_1_206' title='bbox 361 2088 634 2151; x_wconf 91' lang='lat' dir='ltr'>respicitur.</span> <span class='ocrx_word' id='word_1_207' title='bbox 708 2089 925 2149; x_wconf 86' lang='lat' dir='ltr'>Quartus</span> <span class='ocrx_word' id='word_1_208' title='bbox 961 2087 1170 2136; x_wconf 91' lang='lat' dir='ltr'>circulus</span> <span class='ocrx_word' id='word_1_209' title='bbox 1199 2090 1495 2152; x_wconf 83' lang='grc' dir='ltr'>ἀνταρκτικὸς</span> <span class='ocrx_word' id='word_1_210' title='bbox 1519 2097 1721 2137; x_wconf 89' lang='lat' dir='ltr'>vocatur</span> <span class='ocrx_word' id='word_1_211' title='bbox 1753 2106 1812 2138; x_wconf 94' lang='lat' dir='ltr'>eo</span> <span class='ocrx_word' id='word_1_212' title='bbox 1837 2091 1974 2152; x_wconf 91' lang='lat' dir='ltr'>quod</span> <span class='ocrx_word' id='word_1_213' title='bbox 1999 2106 2111 2138; x_wconf 90' lang='lat' dir='ltr'>con-</span> 
     </span>
    </p>

    <p class='ocr_par' dir='ltr' id='par_1_10' title="bbox 305 2169 2175 2480">
     <span class='ocr_line' id='line_1_25' title="bbox 305 2169 2110 2233; baseline 0 -13"><span class='ocrx_word' id='word_1_214' title='bbox 305 2174 340 2221; x_wconf 89' lang='lat'>6</span> <span class='ocrx_word' id='word_1_215' title='bbox 362 2170 534 2218; x_wconf 90' lang='lat' dir='ltr'>trarius</span> <span class='ocrx_word' id='word_1_216' title='bbox 561 2169 622 2218; x_wconf 92' lang='lat' dir='ltr'>sit</span> <span class='ocrx_word' id='word_1_217' title='bbox 648 2169 832 2218; x_wconf 90' lang='lat' dir='ltr'>circulo</span> <span class='ocrx_word' id='word_1_218' title='bbox 859 2185 1009 2232; x_wconf 92' lang='lat' dir='ltr'>quem</span> <span class='ocrx_word' id='word_1_219' title='bbox 1038 2172 1251 2233; x_wconf 83' lang='grc' dir='ltr'>ἀρκτικὸν</span> <span class='ocrx_word' id='word_1_220' title='bbox 1275 2170 1606 2219; x_wconf 89' lang='lat' dir='ltr'>nominamus.</span> <span class='ocrx_word' id='word_1_221' title='bbox 1660 2171 1876 2232; x_wconf 83' lang='lat' dir='ltr'>Quintus</span> <span class='ocrx_word' id='word_1_222' title='bbox 1902 2171 2110 2220; x_wconf 92' lang='lat' dir='ltr'>circulus</span> 
     </span>
     <span class='ocr_line' id='line_1_26' title="bbox 361 2251 2175 2318; baseline 0.002 -18"><span class='ocrx_word' id='word_1_223' title='bbox 361 2254 621 2318; x_wconf 84' lang='grc' dir='ltr'>χειμερινὸς</span> <span class='ocrx_word' id='word_1_224' title='bbox 643 2254 874 2315; x_wconf 82' lang='grc' dir='ltr'>τροπικὸς,</span> <span class='ocrx_word' id='word_1_225' title='bbox 898 2251 982 2314; x_wconf 92' lang='lat' dir='ltr'>qui</span> <span class='ocrx_word' id='word_1_226' title='bbox 1007 2269 1035 2299; x_wconf 89' lang='lat' dir='ltr'>a</span> <span class='ocrx_word' id='word_1_227' title='bbox 1058 2251 1245 2300; x_wconf 88' lang='lat' dir='ltr'>Latinis</span> <span class='ocrx_word' id='word_1_228' title='bbox 1271 2251 1495 2300; x_wconf 90' lang='lat' dir='ltr'>hiemalis</span> <span class='ocrx_word' id='word_1_229' title='bbox 1522 2251 1623 2300; x_wconf 89' lang='lat' dir='ltr'>sive</span> <span class='ocrx_word' id='word_1_230' title='bbox 1644 2252 1877 2300; x_wconf 88' lang='lat' dir='ltr'>brumalis</span> <span class='ocrx_word' id='word_1_231' title='bbox 1902 2255 2112 2316; x_wconf 89' lang='lat' dir='ltr'>appella·</span> <span class='ocrx_word' id='word_1_232' title='bbox 2138 2274 2157 2303; x_wconf 84' lang='lat'>2</span> <span class='ocrx_word' id='word_1_233' title='bbox 2166 2275 2175 2314; x_wconf 73' lang='grc' dir='ltr'>,ι</span> 
     </span>
     <span class='ocr_line' id='line_1_27' title="bbox 360 2333 2108 2397; baseline 0.001 -15"><span class='ocrx_word' id='word_1_234' title='bbox 360 2344 451 2393; x_wconf 87' lang='lat' dir='ltr'>tur,</span> <span class='ocrx_word' id='word_1_235' title='bbox 472 2333 587 2383; x_wconf 91' lang='lat' dir='ltr'>ideo</span> <span class='ocrx_word' id='word_1_236' title='bbox 613 2334 729 2397; x_wconf 91' lang='lat' dir='ltr'>quia</span> <span class='ocrx_word' id='word_1_237' title='bbox 755 2336 826 2382; x_wconf 91' lang='lat' dir='ltr'>sol</span> <span class='ocrx_word' id='word_1_238' title='bbox 853 2350 967 2382; x_wconf 90' lang='lat' dir='ltr'>cum</span> <span class='ocrx_word' id='word_1_239' title='bbox 988 2334 1052 2382; x_wconf 89' lang='lat' dir='ltr'>ad</span> <span class='ocrx_word' id='word_1_240' title='bbox 1073 2350 1187 2382; x_wconf 90' lang='lat' dir='ltr'>eum</span> <span class='ocrx_word' id='word_1_241' title='bbox 1208 2333 1446 2382; x_wconf 88' lang='lat' dir='ltr'>circulum</span> <span class='ocrx_word' id='word_1_242' title='bbox 1471 2333 1759 2397; x_wconf 90' lang='lat' dir='ltr'>pervenerit,</span> <span class='ocrx_word' id='word_1_243' title='bbox 1783 2333 1998 2383; x_wconf 90' lang='lat' dir='ltr'>hiemem</span> <span class='ocrx_word' id='word_1_244' title='bbox 2020 2336 2108 2394; x_wconf 90' lang='lat' dir='ltr'>his,</span> 
     </span>
     <span class='ocr_line' id='line_1_28' title="bbox 358 2415 2111 2480; baseline 0.001 -16"><span class='ocrx_word' id='word_1_245' title='bbox 358 2416 443 2480; x_wconf 89' lang='lat' dir='ltr'>qui</span> <span class='ocrx_word' id='word_1_246' title='bbox 473 2418 536 2464; x_wconf 91' lang='lat' dir='ltr'>ad</span> <span class='ocrx_word' id='word_1_247' title='bbox 573 2416 875 2479; x_wconf 88' lang='lat' dir='ltr'>Aquilonem</span> <span class='ocrx_word' id='word_1_248' title='bbox 908 2424 1034 2474; x_wconf 90' lang='lat' dir='ltr'>sunt,</span> <span class='ocrx_word' id='word_1_249' title='bbox 1072 2415 1200 2476; x_wconf 90' lang='lat' dir='ltr'>facit,</span> <span class='ocrx_word' id='word_1_250' title='bbox 1229 2423 1466 2465; x_wconf 88' lang='lat' dir='ltr'>aestatem</span> <span class='ocrx_word' id='word_1_251' title='bbox 1501 2424 1666 2464; x_wconf 90' lang='lat' dir='ltr'>autem</span> <span class='ocrx_word' id='word_1_252' title='bbox 1697 2415 1788 2475; x_wconf 92' lang='lat' dir='ltr'>his,</span> <span class='ocrx_word' id='word_1_253' title='bbox 1823 2416 1907 2479; x_wconf 91' lang='lat' dir='ltr'>qui</span> <span class='ocrx_word' id='word_1_254' title='bbox 1945 2418 2111 2466; x_wconf 91' lang='lat' dir='ltr'>Austri</span> 
     </span>
    </p>
   </div>
   <div class='ocr_carea' id='block_1_3' title="bbox 361 2544 2116 3196">
    <p class='ocr_par' dir='ltr' id='par_1_11' title="bbox 361 2544 2116 3196">
     <span class='ocr_line' id='line_1_29' title="bbox 418 2544 2110 2599; baseline 0.001 -16"><span class='ocrx_word' id='word_1_255' title='bbox 418 2557 435 2583; x_wconf 92' lang='lat'>1</span> <span class='ocrx_word' id='word_1_256' title='bbox 467 2545 541 2583; x_wconf 88' lang='lat' dir='ltr'>sed</span> <span class='ocrx_word' id='word_1_257' title='bbox 562 2545 679 2583; x_wconf 90' lang='lat' dir='ltr'>solus</span> <span class='ocrx_word' id='word_1_258' title='bbox 696 2544 741 2582; x_wconf 92' lang='lat' dir='ltr'><em>K</em></span> <span class='ocrx_word' id='word_1_259' title='bbox 893 2558 917 2582; x_wconf 86' lang='lat'><em>2</em></span> <span class='ocrx_word' id='word_1_260' title='bbox 946 2545 1249 2584; x_wconf 87' lang='lat' dir='ltr'>austronothus</span> <span class='ocrx_word' id='word_1_261' title='bbox 1270 2544 1315 2582; x_wconf 89' lang='lat' dir='ltr'><em>K</em></span> <span class='ocrx_word' id='word_1_262' title='bbox 1422 2544 1541 2595; x_wconf 90' lang='lat' dir='ltr'>quia]</span> <span class='ocrx_word' id='word_1_263' title='bbox 1559 2545 1671 2594; x_wconf 91' lang='lat' dir='ltr'>quod</span> <span class='ocrx_word' id='word_1_264' title='bbox 1693 2544 1728 2583; x_wconf 88' lang='lat' dir='ltr'><em>C</em></span> <span class='ocrx_word' id='word_1_265' title='bbox 1862 2560 1887 2595; x_wconf 88' lang='lat'>4</span> <span class='ocrx_word' id='word_1_266' title='bbox 1916 2547 2110 2599; x_wconf 89' lang='lat' dir='ltr'>curvum]</span> 
     </span>
     <span class='ocr_line' id='line_1_30' title="bbox 363 2599 2110 2649; baseline 0.002 -11"><span class='ocrx_word' id='word_1_267' title='bbox 363 2600 526 2638; x_wconf 88' lang='lat' dir='ltr'>caelum</span> <span class='ocrx_word' id='word_1_268' title='bbox 546 2599 592 2637; x_wconf 90' lang='lat' dir='ltr'><em>K</em></span> <span class='ocrx_word' id='word_1_269' title='bbox 608 2599 730 2638; x_wconf 77' lang='lat' dir='ltr'><em>Phill.</em></span> <span class='ocrx_word' id='word_1_270' title='bbox 752 2612 759 2636; x_wconf 89' lang='lat'>:</span> <span class='ocrx_word' id='word_1_271' title='bbox 791 2612 872 2639; x_wconf 87' lang='lat' dir='ltr'>om.</span> <span class='ocrx_word' id='word_1_272' title='bbox 898 2599 933 2638; x_wconf 88' lang='lat' dir='ltr'>C</span> <span class='ocrx_word' id='word_1_273' title='bbox 1067 2605 1132 2639; x_wconf 90' lang='lat' dir='ltr'>est</span> <span class='ocrx_word' id='word_1_274' title='bbox 1153 2599 1253 2639; x_wconf 91' lang='lat' dir='ltr'>incl.</span> <span class='ocrx_word' id='word_1_275' title='bbox 1275 2599 1310 2637; x_wconf 89' lang='lat' dir='ltr'><em>C</em></span> <span class='ocrx_word' id='word_1_276' title='bbox 1445 2611 1470 2649; x_wconf 90' lang='lat'>5</span> <span class='ocrx_word' id='word_1_277' title='bbox 1501 2599 1644 2638; x_wconf 89' lang='lat' dir='ltr'>circuli</span> <span class='ocrx_word' id='word_1_278' title='bbox 1666 2599 1759 2640; x_wconf 83' lang='lat' dir='ltr'>dett.</span> <span class='ocrx_word' id='word_1_279' title='bbox 1785 2614 1793 2639; x_wconf 93' lang='lat'><strong>:</strong></span> <span class='ocrx_word' id='word_1_280' title='bbox 1823 2599 1980 2639; x_wconf 89' lang='lat' dir='ltr'>circum</span> <span class='ocrx_word' id='word_1_281' title='bbox 2000 2601 2110 2642; x_wconf 88' lang='lat' dir='ltr'>codd.</span> 
     </span>
     <span class='ocr_line' id='line_1_31' title="bbox 363 2653 2111 2708; baseline 0.001 -16"><span class='ocrx_word' id='word_1_282' title='bbox 363 2657 391 2692; x_wconf 90' lang='lat'><strong>6</strong></span> <span class='ocrx_word' id='word_1_283' title='bbox 420 2653 565 2705; x_wconf 86' lang='lat' dir='ltr'>quam]</span> <span class='ocrx_word' id='word_1_284' title='bbox 582 2655 692 2703; x_wconf 90' lang='lat' dir='ltr'>quod</span> <span class='ocrx_word' id='word_1_285' title='bbox 709 2654 749 2692; x_wconf 89' lang='lat' dir='ltr'><em>B</em></span> <span class='ocrx_word' id='word_1_286' title='bbox 848 2654 916 2693; x_wconf 82' lang='lat' dir='ltr'>alii</span> <span class='ocrx_word' id='word_1_287' title='bbox 940 2655 1019 2693; x_wconf 91' lang='lat' dir='ltr'>dic.</span> <span class='ocrx_word' id='word_1_288' title='bbox 1034 2654 1080 2692; x_wconf 88' lang='lat' dir='ltr'><em>K</em></span> <span class='ocrx_word' id='word_1_289' title='bbox 1188 2667 1209 2704; x_wconf 91' lang='lat'><strong>7</strong></span> <span class='ocrx_word' id='word_1_290' title='bbox 1240 2666 1363 2704; x_wconf 87' lang='lat' dir='ltr'>quam</span> <span class='ocrx_word' id='word_1_291' title='bbox 1379 2653 1501 2693; x_wconf 73' lang='lat' dir='ltr'><em>Phill.</em></span> <span class='ocrx_word' id='word_1_292' title='bbox 1525 2668 1534 2693; x_wconf 89' lang='lat'>:</span> <span class='ocrx_word' id='word_1_293' title='bbox 1563 2653 1766 2692; x_wconf 90' lang='lat' dir='ltr'>omniaK</span> <span class='ocrx_word' id='word_1_294' title='bbox 1866 2661 1952 2706; x_wconf 83' lang='lat' dir='ltr'>cap.</span> <span class='ocrx_word' id='word_1_295' title='bbox 1974 2667 2019 2694; x_wconf 82' lang='lat' dir='ltr'>V1</span> <span class='ocrx_word' id='word_1_296' title='bbox 2041 2656 2111 2708; x_wconf 71' lang='lat' dir='ltr'>(qf</span> 
     </span>
     <span class='ocr_line' id='line_1_32' title="bbox 368 2708 2113 2760; baseline 0 -12"><span class='ocrx_word' id='word_1_297' title='bbox 368 2709 443 2748; x_wconf 93' lang='lat' dir='ltr'>III.</span> <span class='ocrx_word' id='word_1_298' title='bbox 483 2709 604 2759; x_wconf 75' lang='lat' dir='ltr'>xmv)</span> <span class='ocrx_word' id='word_1_299' title='bbox 747 2708 860 2748; x_wconf 90' lang='lat' dir='ltr'>Hab.</span> <span class='ocrx_word' id='word_1_300' title='bbox 898 2722 934 2749; x_wconf 92' lang='lat' dir='ltr'>c.</span> <span class='ocrx_word' id='word_1_301' title='bbox 965 2708 1035 2748; x_wconf 88' lang='lat' dir='ltr'>B:</span> <span class='ocrx_word' id='word_1_302' title='bbox 1063 2709 1207 2748; x_wconf 90' lang='lat' dir='ltr'>Tertia</span> <span class='ocrx_word' id='word_1_303' title='bbox 1234 2709 1328 2749; x_wconf 91' lang='lat' dir='ltr'>hab.</span> <span class='ocrx_word' id='word_1_304' title='bbox 1351 2722 1386 2748; x_wconf 93' lang='lat' dir='ltr'>c.</span> <span class='ocrx_word' id='word_1_305' title='bbox 1410 2708 1456 2746; x_wconf 90' lang='lat' dir='ltr'><em>K</em></span> <span class='ocrx_word' id='word_1_306' title='bbox 1651 2721 1696 2747; x_wconf 93' lang='lat'>11</span> <span class='ocrx_word' id='word_1_307' title='bbox 1729 2709 1806 2750; x_wconf 88' lang='lat' dir='ltr'>cal.</span> <span class='ocrx_word' id='word_1_308' title='bbox 1841 2714 1913 2748; x_wconf 88' lang='lat' dir='ltr'>aut</span> <span class='ocrx_word' id='word_1_309' title='bbox 1945 2710 2039 2760; x_wconf 86' lang='lat' dir='ltr'>frig.</span> <span class='ocrx_word' id='word_1_310' title='bbox 2071 2710 2113 2749; x_wconf 93' lang='grc' dir='ltr'><em>Β</em></span> 
     </span>
     <span class='ocr_line' id='line_1_33' title="bbox 371 2762 2108 2826; baseline 0 -23"><span class='ocrx_word' id='word_1_311' title='bbox 371 2776 417 2814; x_wconf 88' lang='lat'>15</span> <span class='ocrx_word' id='word_1_312' title='bbox 448 2764 524 2813; x_wconf 86' lang='lat' dir='ltr'>sig</span> <span class='ocrx_word' id='word_1_313' title='bbox 549 2763 644 2802; x_wconf 90' lang='lat' dir='ltr'>incl.</span> <span class='ocrx_word' id='word_1_314' title='bbox 666 2777 706 2813; x_wconf 88' lang='lat' dir='ltr'>p.</span> <span class='ocrx_word' id='word_1_315' title='bbox 726 2776 810 2804; x_wconf 83' lang='lat' dir='ltr'>om.</span> <span class='ocrx_word' id='word_1_316' title='bbox 838 2763 876 2802; x_wconf 91' lang='lat' dir='ltr'><em>T</em></span> <span class='ocrx_word' id='word_1_317' title='bbox 996 2763 1311 2814; x_wconf 88' lang='lat' dir='ltr'>prospiciuntur</span> <span class='ocrx_word' id='word_1_318' title='bbox 1327 2762 1414 2801; x_wconf 90' lang='grc' dir='ltr'>ΚΟ</span> <span class='ocrx_word' id='word_1_319' title='bbox 1428 2762 1577 2803; x_wconf 52' lang='lat' dir='ltr'>Phia:</span> <span class='ocrx_word' id='word_1_320' title='bbox 1598 2763 1954 2826; x_wconf 37' lang='lat' dir='ltr'>Upraespiciuntur</span> <span class='ocrx_word' id='word_1_321' title='bbox 1974 2765 2108 2826; x_wconf 84' lang='lat' dir='ltr'>(pre-)</span> 
     </span>
     <span class='ocr_line' id='line_1_34' title="bbox 367 2815 2111 2880; baseline 0 -23"><span class='ocrx_word' id='word_1_322' title='bbox 367 2817 526 2857; x_wconf 90' lang='lat' dir='ltr'><em>BDX:</em></span> <span class='ocrx_word' id='word_1_323' title='bbox 555 2831 696 2880; x_wconf 85' lang='lat' dir='ltr'>persp.</span> <span class='ocrx_word' id='word_1_324' title='bbox 722 2817 800 2856; x_wconf 88' lang='lat' dir='ltr'>CT</span> <span class='ocrx_word' id='word_1_325' title='bbox 956 2831 1065 2868; x_wconf 91' lang='lat' dir='ltr'>quae</span> <span class='ocrx_word' id='word_1_326' title='bbox 1086 2832 1112 2857; x_wconf 86' lang='lat' dir='ltr'>a</span> <span class='ocrx_word' id='word_1_327' title='bbox 1131 2819 1288 2858; x_wconf 88' lang='lat' dir='ltr'>nostris</span> <span class='ocrx_word' id='word_1_328' title='bbox 1307 2815 1386 2858; x_wconf 88' lang='lat' dir='ltr'>X:</span> <span class='ocrx_word' id='word_1_329' title='bbox 1414 2830 1496 2868; x_wconf 91' lang='lat' dir='ltr'>que</span> <span class='ocrx_word' id='word_1_330' title='bbox 1516 2817 1632 2857; x_wconf 88' lang='lat' dir='ltr'>ansis</span> <span class='ocrx_word' id='word_1_331' title='bbox 1659 2817 1697 2855; x_wconf 90' lang='lat' dir='ltr'><em>T</em></span> <span class='ocrx_word' id='word_1_332' title='bbox 1710 2819 1808 2869; x_wconf 82' lang='lat' dir='ltr'>(pro</span> <span class='ocrx_word' id='word_1_333' title='bbox 1826 2832 1851 2857; x_wconf 86' lang='lat' dir='ltr'>a</span> <span class='ocrx_word' id='word_1_334' title='bbox 1871 2818 1973 2868; x_wconf 89' lang='lat' dir='ltr'>nsis,</span> <span class='ocrx_word' id='word_1_335' title='bbox 1994 2819 2018 2859; x_wconf 76' lang='lat' dir='ltr'>i.</span> <span class='ocrx_word' id='word_1_336' title='bbox 2039 2833 2069 2859; x_wconf 84' lang='lat' dir='ltr'>e.</span> <span class='ocrx_word' id='word_1_337' title='bbox 2086 2832 2111 2858; x_wconf 91' lang='lat' dir='ltr'>a</span> 
     </span>
     <span class='ocr_line' id='line_1_35' title="bbox 370 2871 2110 2923; baseline 0 -11"><span class='ocrx_word' id='word_1_338' title='bbox 370 2873 578 2923; x_wconf 89' lang='lat' dir='ltr'>nostris):</span> <span class='ocrx_word' id='word_1_339' title='bbox 608 2873 679 2923; x_wconf 92' lang='lat' dir='ltr'>qui</span> <span class='ocrx_word' id='word_1_340' title='bbox 699 2873 815 2912; x_wconf 91' lang='lat' dir='ltr'>ansis</span> <span class='ocrx_word' id='word_1_341' title='bbox 838 2874 917 2914; x_wconf 79' lang='lat' dir='ltr'>Cl:</span> <span class='ocrx_word' id='word_1_342' title='bbox 946 2887 1052 2923; x_wconf 88' lang='lat' dir='ltr'>quae</span> <span class='ocrx_word' id='word_1_343' title='bbox 1074 2874 1234 2912; x_wconf 89' lang='lat' dir='ltr'>mansis</span> <span class='ocrx_word' id='word_1_344' title='bbox 1253 2872 1356 2911; x_wconf 87' lang='lat' dir='ltr'>BF.</span> <span class='ocrx_word' id='word_1_345' title='bbox 1387 2885 1510 2922; x_wconf 92' lang='lat' dir='ltr'>quem</span> <span class='ocrx_word' id='word_1_346' title='bbox 1531 2873 1652 2912; x_wconf 87' lang='lat' dir='ltr'>ansis</span> <span class='ocrx_word' id='word_1_347' title='bbox 1672 2871 1744 2911; x_wconf 91' lang='lat' dir='ltr'>D:</span> <span class='ocrx_word' id='word_1_348' title='bbox 1772 2883 1881 2922; x_wconf 87' lang='lat' dir='ltr'>quae</span> <span class='ocrx_word' id='word_1_349' title='bbox 1910 2873 2004 2912; x_wconf 85' lang='lat' dir='ltr'>axis</span> <span class='ocrx_word' id='word_1_350' title='bbox 2023 2873 2110 2912; x_wconf 87' lang='grc' dir='ltr'>ΚΟ</span> 
     </span>
     <span class='ocr_line' id='line_1_36' title="bbox 365 2925 2108 2980; baseline 0.001 -14"><span class='ocrx_word' id='word_1_351' title='bbox 365 2927 490 2968; x_wconf 70' lang='grc' dir='ltr'>ΡΙιιΙί.</span> <span class='ocrx_word' id='word_1_352' title='bbox 518 2928 628 2975; x_wconf 82' lang='lat' dir='ltr'>(axis</span> <span class='ocrx_word' id='word_1_353' title='bbox 648 2940 691 2966; x_wconf 85' lang='lat' dir='ltr'>m</span> <span class='ocrx_word' id='word_1_354' title='bbox 713 2940 793 2968; x_wconf 80' lang='lat' dir='ltr'>ras,</span> <span class='ocrx_word' id='word_1_355' title='bbox 803 2929 817 2977; x_wconf 90' lang='lat'><em>)</em></span> <span class='ocrx_word' id='word_1_356' title='bbox 961 2930 1010 2967; x_wconf 91' lang='lat'>16</span> <span class='ocrx_word' id='word_1_357' title='bbox 1041 2929 1162 2967; x_wconf 84' lang='lat' dir='ltr'>fictae</span> <span class='ocrx_word' id='word_1_358' title='bbox 1182 2927 1223 2965; x_wconf 92' lang='grc' dir='ltr'><em>Β</em></span> <span class='ocrx_word' id='word_1_359' title='bbox 1331 2926 1687 2977; x_wconf 87' lang='lat' dir='ltr'>septentrionales</span> <span class='ocrx_word' id='word_1_360' title='bbox 1710 2925 1759 2963; x_wconf 91' lang='lat' dir='ltr'>C1</span> <span class='ocrx_word' id='word_1_361' title='bbox 1912 2940 1960 2977; x_wconf 89' lang='lat'>17</span> <span class='ocrx_word' id='word_1_362' title='bbox 1990 2928 2108 2980; x_wconf 90' lang='lat' dir='ltr'>quia]</span> 
     </span>
     <span class='ocr_line' id='line_1_37' title="bbox 366 2979 2116 3033; baseline 0 -12"><span class='ocrx_word' id='word_1_363' title='bbox 366 2983 476 3031; x_wconf 91' lang='lat' dir='ltr'>quod</span> <span class='ocrx_word' id='word_1_364' title='bbox 497 2982 538 3020; x_wconf 90' lang='grc' dir='ltr'><em>Β</em></span> <span class='ocrx_word' id='word_1_365' title='bbox 667 2995 720 3021; x_wconf 90' lang='grc' dir='ltr'>2ο</span> <span class='ocrx_word' id='word_1_366' title='bbox 749 2982 804 3021; x_wconf 92' lang='lat' dir='ltr'>id.</span> <span class='ocrx_word' id='word_1_367' title='bbox 824 2979 1020 3022; x_wconf 83' lang='lat' dir='ltr'>noctialis</span> <span class='ocrx_word' id='word_1_368' title='bbox 1040 2982 1081 3021; x_wconf 91' lang='grc' dir='ltr'><em>Β</em></span> <span class='ocrx_word' id='word_1_369' title='bbox 1190 2995 1238 3021; x_wconf 83' lang='lat'>21</span> <span class='ocrx_word' id='word_1_370' title='bbox 1272 2982 1400 3020; x_wconf 57' lang='lat' dir='ltr'>facin</span> <span class='ocrx_word' id='word_1_371' title='bbox 1422 2981 1478 3019; x_wconf 91' lang='grc' dir='ltr'>Β1</span> <span class='ocrx_word' id='word_1_372' title='bbox 1589 2992 1641 3029; x_wconf 88' lang='grc'>23</span> <span class='ocrx_word' id='word_1_373' title='bbox 1672 2981 1807 3033; x_wconf 83' lang='lat' dir='ltr'>resp.]</span> <span class='ocrx_word' id='word_1_374' title='bbox 1828 2982 2116 3032; x_wconf 76' lang='lat' dir='ltr'>praespicitur.</span> 
     </span>
     <span class='ocr_line' id='line_1_38' title="bbox 367 3035 2110 3088; baseline 0 -12"><span class='ocrx_word' id='word_1_375' title='bbox 367 3039 503 3087; x_wconf 84' lang='lat' dir='ltr'>(pre-)</span> <span class='ocrx_word' id='word_1_376' title='bbox 527 3035 624 3076; x_wconf 88' lang='lat' dir='ltr'>CT:</span> <span class='ocrx_word' id='word_1_377' title='bbox 655 3036 910 3087; x_wconf 89' lang='lat' dir='ltr'>prospicitur</span> <span class='ocrx_word' id='word_1_378' title='bbox 929 3037 971 3076; x_wconf 90' lang='lat' dir='ltr'><em>K</em></span> <span class='ocrx_word' id='word_1_379' title='bbox 992 3052 1000 3077; x_wconf 91' lang='lat'><strong>:</strong></span> <span class='ocrx_word' id='word_1_380' title='bbox 1030 3036 1335 3088; x_wconf 86' lang='lat' dir='ltr'>praescribitur</span> <span class='ocrx_word' id='word_1_381' title='bbox 1353 3035 1394 3074; x_wconf 92' lang='grc' dir='ltr'><em>Β</em></span> <span class='ocrx_word' id='word_1_382' title='bbox 1505 3047 1557 3085; x_wconf 88' lang='grc'>23</span> <span class='ocrx_word' id='word_1_383' title='bbox 1586 3041 1762 3075; x_wconf 87' lang='lat' dir='ltr'>vocatus</span> <span class='ocrx_word' id='word_1_384' title='bbox 1782 3035 1822 3074; x_wconf 94' lang='grc' dir='ltr'><em>Β</em></span> <span class='ocrx_word' id='word_1_385' title='bbox 1932 3038 1986 3076; x_wconf 89' lang='grc'>26</span> <span class='ocrx_word' id='word_1_386' title='bbox 2014 3048 2110 3087; x_wconf 86' lang='lat' dir='ltr'>per·</span> 
     </span>
     <span class='ocr_line' id='line_1_39' title="bbox 362 3090 2109 3143; baseline 0.001 -14"><span class='ocrx_word' id='word_1_387' title='bbox 362 3091 530 3130; x_wconf 87' lang='lat' dir='ltr'>venerit</span> <span class='ocrx_word' id='word_1_388' title='bbox 557 3090 634 3130; x_wconf 90' lang='lat' dir='ltr'>TK</span> <span class='ocrx_word' id='word_1_389' title='bbox 651 3095 744 3131; x_wconf 84' lang='lat' dir='ltr'>ante</span> <span class='ocrx_word' id='word_1_390' title='bbox 772 3105 875 3131; x_wconf 84' lang='lat' dir='ltr'>corr.</span> <span class='ocrx_word' id='word_1_391' title='bbox 900 3106 909 3131; x_wconf 86' lang='lat'>:</span> <span class='ocrx_word' id='word_1_392' title='bbox 942 3092 1139 3142; x_wconf 87' lang='lat' dir='ltr'>pervenit</span> <span class='ocrx_word' id='word_1_393' title='bbox 1161 3090 1240 3131; x_wconf 88' lang='lat' dir='ltr'>CK</span> <span class='ocrx_word' id='word_1_394' title='bbox 1256 3104 1306 3129; x_wconf 85' lang='lat' dir='ltr'>ex</span> <span class='ocrx_word' id='word_1_395' title='bbox 1318 3104 1417 3130; x_wconf 80' lang='lat' dir='ltr'>corr.</span> <span class='ocrx_word' id='word_1_396' title='bbox 1439 3105 1448 3130; x_wconf 84' lang='lat' dir='ltr'><strong><em>z</em></strong></span> <span class='ocrx_word' id='word_1_397' title='bbox 1477 3091 1642 3130; x_wconf 88' lang='lat' dir='ltr'>venerit</span> <span class='ocrx_word' id='word_1_398' title='bbox 1664 3090 1704 3128; x_wconf 91' lang='grc' dir='ltr'><em>Β</em></span> <span class='ocrx_word' id='word_1_399' title='bbox 1901 3104 1951 3141; x_wconf 86' lang='grc'>27</span> <span class='ocrx_word' id='word_1_400' title='bbox 1982 3091 2109 3143; x_wconf 89' lang='lat' dir='ltr'>aest.]</span> 
     </span>
     <span class='ocr_line' id='line_1_40' title="bbox 361 3145 1046 3196; baseline 0.001 -13"><span class='ocrx_word' id='word_1_401' title='bbox 361 3146 500 3185; x_wconf 86' lang='lat' dir='ltr'>statim</span> <span class='ocrx_word' id='word_1_402' title='bbox 521 3145 577 3183; x_wconf 92' lang='grc' dir='ltr'>Β1</span> <span class='ocrx_word' id='word_1_403' title='bbox 689 3147 760 3196; x_wconf 90' lang='lat' dir='ltr'>qui</span> <span class='ocrx_word' id='word_1_404' title='bbox 781 3148 832 3185; x_wconf 91' lang='lat' dir='ltr'>ad</span> <span class='ocrx_word' id='word_1_405' title='bbox 853 3152 982 3185; x_wconf 85' lang='lat' dir='ltr'>austr.</span> <span class='ocrx_word' id='word_1_406' title='bbox 1006 3146 1046 3184; x_wconf 90' lang='grc' dir='ltr'><em>Β</em></span> 
     </span>
    </p>
   </div>
  </div>
 </body>
</html>
