2176 3424
1028 132 1300 181 ISIDORI

169 275 262 310 102
288 279 402 311 casu
421 261 740 312 venientium.
804 261 1067 324 Fatigatus,
1088 262 1226 324 quasi
1249 260 1357 309 fatis
1378 260 1604 324 agitatus.
1666 263 1705 309 F
1708 260 2037 311 ormidolosus

286 361 314 392 a
351 346 524 405 formo,
565 344 616 394 id
654 352 726 393 est
764 345 1020 407 sanguine,
1057 344 1232 402 dictus,
1274 359 1388 390 cum
1428 359 1480 391 se
1515 359 1545 391 a
1580 351 1693 392 cute
1729 345 1805 392 vel
1841 359 1870 392 a
1906 360 2039 406 prae-

288 426 457 476 cordia
483 428 674 490 fugiens
701 427 947 475 contrahit
974 425 1184 489 sanguis.
1249 426 1379 473 Nam
1406 426 1553 474 timor
1579 424 1867 488 sanguinem
1893 427 2037 488 gelat,

289 508 374 571 qui
424 518 625 558 coactus
675 507 829 572 gignit
865 507 1198 567 formidinem,
1237 508 1372 556 unde
1409 515 1483 555 est
1519 506 1640 556 illud
1669 505 1825 572 (Virg.
1849 509 1972 557 Aen.
1995 524 2036 570 3,

292 590 377 655 30)
403 611 412 640 ι
2065 604 2087 644 5

666 672 976 734 Gelidusque
1013 672 1113 720 coit
1150 670 1415 720 formidine
1453 672 1664 734 sanguis.

292 753 666 802 Formidolosus
697 762 862 803 autem
900 770 1014 801 cum
1050 752 1110 801 sit
1147 753 1364 811 timidus,
1394 761 1441 800 et
1472 753 1751 801 timendum
1786 751 2040 816 significat.

173 852 266 899 103
292 838 476 885 Fatuus
513 835 628 885 ideo
668 835 976 884 existimatur
1015 836 1192 894 dictus,
1232 833 1348 896 quia
1386 850 1548 897 neque
1586 835 1723 897 quod
1759 836 1886 883 fatur
1921 835 2039 897 ipse,

291 934 454 981 neque
479 919 616 980 quod
641 917 719 966 alii
749 917 922 967 dicunt
948 916 1199 979 intellegit.
1265 918 1448 964 Fatuos
1483 914 1670 979 origine
1696 917 1812 964 duci
1838 914 2040 978 quidam

290 1009 466 1063 putant
503 1017 532 1048 a
571 999 884 1049 miratoribus
925 1002 1124 1059 Fatuae,
1168 999 1325 1046 Fauni
1370 999 1532 1047 uxoris
1571 997 1815 1058 fatidicae,
1857 1013 2043 1060 eosque
2070 1014 2118 1042 10

290 1081 504 1145 primum
541 1082 702 1130 fatuos
736 1082 1024 1144 appellatos,
1065 1081 1202 1143 quod
1235 1089 1425 1142 praeter
1464 1080 1670 1128 modum
1714 1078 2043 1142 obstupefacti

172 1176 268 1229 104
292 1173 406 1212 sunt
430 1163 674 1212 vaticiniis
700 1162 828 1211 illius
855 1178 1013 1225 usque
1038 1163 1103 1211 ad
1132 1162 1417 1210 amentiam.
1491 1163 1686 1222 Fautor,
1715 1162 1778 1210 ab
1813 1177 1873 1210 eo
1907 1161 2044 1224 quod

292 1247 453 1295 faveat
489 1255 537 1294 et
575 1246 866 1295 consentiat.
943 1244 1109 1293 Fictor
1143 1245 1416 1308 appellatus
1450 1260 1479 1291 a
1512 1244 1746 1307 fingendo
1781 1252 1828 1291 et
1863 1259 2044 1306 conpo-

293 1329 461 1377 nendo
481 1327 682 1390 aliquid,
707 1329 833 1376 sicut
855 1326 1057 1390 capillos
1084 1328 1346 1375 mulierum
1366 1325 1486 1374 lenit
1507 1334 1555 1374 et
1575 1334 1849 1389 pertractat,
1872 1326 2045 1388 unguit

177 1425 270 1474 105
294 1418 342 1459 et
367 1409 557 1459 nitidat.
615 1411 794 1470 Fallax,
825 1410 961 1472 quod
987 1410 1153 1468 fando,
1182 1408 1233 1457 id
1259 1417 1333 1457 est
1357 1408 1626 1471 loquendO,
1655 1406 1881 1469 decipiat.
1937 1409 2046 1455 Fer·
2073 1426 2120 1467 15

294 1493 453 1552 vidus,
484 1491 764 1540 iracundus.
843 1479 1087 1540 Ira'enim
1123 1492 1410 1539 inflammat.
1485 1490 1756 1548 Frendens‚
1792 1490 1928 1552 quod
1962 1490 2047 1537 mi-

295 1576 464 1624 nando
490 1575 681 1638 frangat
707 1576 882 1623 dentes
918 1583 966 1623 et
999 1572 1291 1636 conprimat.
1366 1575 1616 1621 Fremens.
1691 1573 1860 1630 Ferox,
1887 1571 1952 1619 ab
1986 1588 2046 1620 eo

175 1661 272 1708 106
296 1658 432 1720 quod
458 1657 699 1705 feritatem
728 1665 965 1716 exerceat,
994 1665 1047 1703 ut
1081 1655 1251 1704 bestia.
1328 1656 1425 1702 Fur
1454 1671 1482 1702 a
1516 1655 1654 1702 furvo
1687 1653 1848 1701 dictus
1881 1661 1968 1711 est,
1997 1653 2047 1701 id

296 1748 369 1788 est
395 1756 422 1788 a
449 1740 602 1787 fusco.
678 1740 809 1786 Nam
836 1737 995 1787 noctis
1022 1739 1172 1786 utitur
1198 1746 1435 1800 tempore.
1509 1737 1549 1783 F
1551 1733 1780 1792 actiosus,
1809 1734 1933 1781 inter
1965 1748 2049 1794 op-

296 1822 504 1884 probria,
534 1838 648 1868 cum
684 1820 976 1869 seditiosum
1011 1819 1170 1883 accipi
1195 1821 1453 1868 volumus:
1493 1834 1606 1866 cum
1631 1833 1747 1885 vero
1779 1814 2047 1878 gratiosum
2074 1836 2124 1863 20

182 1922 272 1971 107
296 1920 353 1952 ac
390 1911 645 1966 potentem
684 1912 732 1950 et
768 1903 905 1965 quasi
944 1918 1153 1965 magnae
1191 1899 1432 1949 factionis.
1506 1898 1833 1947 Facinorosus
1869 1914 1900 1945 a
1934 1896 2048 1944 facti

298 1985 566 2034 commisso
593 1984 876 2033 nominatus
898 2003 906 2032 :
942 1983 1057 2032 facit
1083 1985 1215 2032 enim
1243 1983 1379 2045 quod
1404 1982 1542 2030 alteri
1567 1989 1757 2029 noceat.
1830 1977 1898 2046 [F
1901 1979 2050 2028 emel-

297 2069 458 2126 larius,
482 2066 678 2116 feminis
705 2066 916 2125 deditus,
941 2083 1090 2129 quern
1116 2064 1304 2128 antiqui
1333 2062 1665 2112 mulierarium
1691 2057 2046 2126 appellabant]

300 2147 608 2211 FlagitiosuS,
648 2164 708 2197 eo
758 2149 895 2210 quod
937 2146 1243 2210 frequentius
1287 2144 1472 2209 flagitet
1514 2153 1663 2207 atque
1705 2143 1905 2206 adpetat
1946 2140 2052 2190 libi-

179 2237 272 2287 108
299 2230 483 2279 dinem.
559 2231 776 2278 Furcifer
802 2229 1060 2278 dicebatur
1085 2230 1204 2277 olim
1239 2227 1323 2290 qui
1349 2226 1415 2275 ob
1441 2225 1534 2274 levi
1568 2224 1751 2274 delicto
1784 2223 2052 2286 cogebatur
2076 2244 2123 2284 25

298 2314 362 2361 ad
401 2311 616 2360 hominis
647 2311 987 2375 ignominiam,
1023 2310 1178 2374 magis
1216 2326 1364 2373 quam
1403 2307 1630 2371 supplicii
1667 2323 1828 2366 causa,
1863 2307 2048 2354 furcam

300 2396 428 2443 circa
454 2394 581 2443 viam
609 2396 745 2454 ferre,
774 2393 1066 2457 praedicans
1092 2401 1352 2456 peccatum
1380 2407 1540 2450 suum,
1561 2398 1610 2438 et
1635 2404 1836 2437 monere
1862 2396 2050 2436 ceteros

361 2538 376 2562 1
411 2524 532 2563 factis
552 2537 618 2573 ag.
643 2523 711 2561 K:
741 2524 844 2562 satis
866 2536 933 2573 ag.
965 2521 1002 2560 T
1143 2534 1166 2559 2
1197 2520 1335 2560 dietus
1356 2533 1437 2559 om.
1465 2519 1500 2558 C
1583 2548 1586 2550 ψ
1680 2519 1707 2556 6
1736 2517 1990 2567 genitusque
2010 2514 2056 2553 K

300 2593 327 2629 9
355 2579 564 2629 originem
585 2579 695 2618 codd.
829 2578 909 2617 dici
931 2577 995 2615 K:
1029 2577 1183 2615 ducere
1204 2575 1294 2614 dett.
1555 2585 1604 2611 10
1635 2572 1788 2623 Fauni]
1811 2571 1898 2611 fatu
1920 2571 1993 2609 uni
2023 2569 2061 2607 T

303 2633 463 2673 fatidici
484 2633 530 2671 K
694 2646 739 2671 11
763 2633 899 2683 primo
922 2631 969 2670 K
1073 2631 1191 2669 favos
1210 2629 1252 2667 B
1379 2627 1516 2679 quod]
1537 2629 1607 2678 qui
1628 2627 1670 2665 Β
1836 2639 1884 2676 14
1915 2624 2052 2676 capilli

302 2688 414 2728 codd.
563 2686 668 2724 lenit
690 2702 774 2726 om.
806 2687 858 2724 T1
1062 2697 1112 2735 15
1141 2685 1266 2724 fando
1295 2684 1348 2723 T:
1380 2683 1575 2722 faciendo
1591 2681 1727 2719 BIK:
1757 2681 1979 2720 fauciendo
2002 2679 2050 2718 Cl

307 2756 354 2793 17
387 2744 589 2782 Fremens
620 2754 702 2782 om.
726 2742 791 2781 K:
821 2742 1023 2780 Fremens
1045 2745 1318 2791 prestrepens
1350 2739 1437 2790 (sic)
1460 2739 1646 2776 irascens
1675 2736 1711 2773 T
1733 2738 1839 2786 (pre.
1864 2735 1913 2774 ir.
1941 2734 1980 2772 T
1987 2734 2050 2781 ²2)

305 2799 358 2836 ab
380 2811 466 2837 om.
486 2797 528 2835 B
630 2798 678 2836 18
709 2803 773 2835 est
794 2797 959 2848 (prius)
981 2809 1062 2835 om.
1085 2794 1132 2832 K
1218 2806 1268 2842 19
1297 2794 1455 2832 unitur
1482 2792 1531 2830 Tl
1614 2805 1666 2829 20
1695 2791 1787 2829 viro
1805 2790 1991 2840 gratioso
2012 2788 2058 2826 K

308 2865 357 2890 21
378 2864 437 2901 “ac
457 2865 539 2891 om.
567 2852 602 2892 C
708 2864 764 2889 cm
787 2857 851 2889 est
871 2851 1018 2902 quasi?
1157 2861 1209 2886 22
1240 2853 1364 2886 nocet
1384 2847 1471 2885 AB
1596 2845 1766 2884 Femell.
1788 2874 1798 2883 .
1824 2874 1834 2883 .
1861 2874 1870 2882 .
1889 2843 2047 2893 appell.

307 2908 398 2947 hab.
425 2906 526 2946 CT:
556 2921 639 2946 om.
662 2905 866 2944 ABIKU
1101 2903 1263 2942 Eadem
1283 2903 1326 2940 in
1347 2915 1480 2952 marg.
1504 2899 1599 2940 add.
1624 2912 1740 2938 man.
1762 2911 1832 2937 rec.
1854 2899 1900 2936 in
1930 2897 1966 2935 T
1981 2897 2058 2949 (ad

310 2965 330 3009 ξ
352 2963 428 3013 96)
456 2962 627 3011 V(ad§
655 2962 750 3011 101)
938 2972 990 3008 23
1021 2959 1214 2998 dedictus
1239 2957 1290 2997 C1
1474 2969 1525 3005 24
1556 2954 1776 3003 Flagiosus
1798 2951 1845 2990 K
1862 2953 1968 3001 (non
1986 2952 2051 3002 A)

310 3028 362 3066 25
383 3017 467 3056 levi
488 3030 572 3058 om.
596 3017 645 3056 C¹
666 3030 674 3054 z
696 3015 790 3054 leve
814 3014 868 3065 (et
889 3015 1105 3065 delictum)
1126 3011 1217 3052 dett.
1331 3013 1384 3049 26
1404 3011 1457 3050 ab
1475 3009 1604 3051 omnii
1626 3007 1884 3058 gnominiam
1903 3006 1971 3045 K:
1999 3006 2052 3045 ad

309 3072 447 3110 omnis
470 3071 727 3120 ignominiae
750 3069 785 3108 C
919 3069 1054 3117 magis
1075 3080 1157 3107 om.
1178 3066 1235 3104 Β1
1402 3078 1452 3114 27
1484 3076 1650 3103 morere
1671 3062 1717 3101 K
