2176 3424
1011 146 1283 195 ISIDORI

274 277 407 338 apud
434 275 633 325 Cretam
664 275 812 335 Iovis,
838 277 971 338 apud
1006 279 1207 324 Mauros
1239 277 1382 336 Iuba,
1407 279 1539 339 apud
1576 278 1779 326 Latinos
1807 277 2022 336 Faunus,

222 370 253 405 2
273 359 407 421 apud
435 360 692 406 Romanos
718 357 969 420 Quirinus.
1022 359 1216 406 Eodem
1243 374 1443 421 quoque
1469 361 1621 408 modo
1644 361 1776 424 apud
1802 361 2022 408 Athenas

276 440 519 501 Minerva,
534 442 668 504 apud
687 442 890 490 Samum
919 442 1067 501 Iuno,
1081 442 1214 504 apud
1234 443 1432 503 Paphos
1449 444 1638 503 Venus,
1653 444 1785 506 apud
1807 445 2024 491 Lemnos

275 524 548 582 Vulcanus,
573 524 706 585 apud
733 524 901 571 Naxos
929 522 1095 583 Liber‚
1119 525 1253 586 apud
1280 525 1434 571 Delos
1460 526 1654 587 Apollo.
1729 526 1790 572 In
1815 541 2023 587 quorum

277 604 425 653 etiam
450 604 682 653 laudibus
714 614 1027 653 accesserunt
1059 614 1107 653 et
1140 614 1334 667 poetae,
1359 613 1407 653 et
1437 605 1702 669 conpositis
1727 606 2025 655 carminibus
2050 631 2071 672 5

226 686 326 746 3in
371 688 561 735 caelum
604 703 688 735 eos
731 688 1048 735 sustulerunt.
1121 688 1251 735 Nam
1289 689 1601 750 quorundam
1640 698 1687 737 et
1719 688 2026 738 inventiones

276 769 452 817 artium
472 770 607 816 cultu
623 768 870 832 peperisse
887 768 1135 829 dicuntur,
1151 778 1203 817 ut
1213 769 1512 832 Aesculapio
1530 769 2027 824 medicina‚Vulcano

277 850 475 899 fabrica.
525 851 607 899 Ab
631 850 825 899 actibus
850 860 1016 899 autem
1042 859 1298 912 vocantur,
1313 860 1365 900 ut
1394 851 1681 912 Mercurius,
1701 854 1838 915 quod
1863 852 2030 901 merci-

226 945 259 992 4
281 936 373 984 bus
399 943 621 997 praeest3
660 933 808 982 Liber
832 950 861 981 a
888 933 1126 982 libertate.
1202 936 1420 982 Fuerunt
1450 933 1597 983 etiam
1632 944 1679 982 et
1713 935 1916 997 quidam
1941 934 2029 984 viri

280 1019 429 1065 fortes
460 1024 544 1064 aut
576 1015 773 1063 urbium
800 1015 1104 1075 conditores,
1129 1015 1310 1077 quibus
1337 1016 1540 1064 mortuis
1566 1015 1806 1075 homines,
1835 1014 1919 1078 qui
1944 1030 2028 1062 eos
2055 1040 2104 1070 10

280 1099 569 1159 dilexerunt,
599 1097 858 1146 simulacra
893 1099 1153 1158 finxerunt,
1180 1107 1234 1146 ut
1267 1099 1507 1147 haberent
1540 1099 1742 1161 aliquod
1775 1115 1833 1146 ex
1867 1096 2031 1159 imagi-

281 1199 401 1230 num
445 1179 867 1243 contemplatione
919 1180 1156 1228 solacium
1178 1198 1190 1240 3
1241 1182 1328 1229 sed
1370 1180 1607 1243 paulatim
1649 1182 1781 1228 hunc
1819 1195 2028 1227 errorem

282 1262 696 1327 persuadentibus
733 1262 1063 1310 daemonibus
1098 1262 1164 1310 ita
1197 1262 1246 1309 in
1276 1262 1483 1325 posteris
1521 1261 1798 1326 inrepsisse,
1824 1270 1876 1309 ut
1906 1277 2030 1323 quos

283 1346 349 1393 illi
385 1362 473 1409 pro
507 1346 612 1393 sola
644 1343 860 1392 nominis
895 1343 1134 1392 memoria
1163 1345 1545 1405 honoraverunt,
1570 1359 1877 1393 successores
1911 1343 2031 1390 deos

229 1441 261 1492 5
284 1427 617 1477 existimarent
653 1435 801 1489 atque
839 1427 1070 1474 colerent.
1143 1426 1524 1475 Simulacrorum
1562 1444 1678 1474 usus
1715 1434 1908 1474 exortus
1943 1433 2031 1484 est,
2056 1448 2103 1488 15

283 1528 395 1558 cum
424 1525 482 1558 ex
507 1508 754 1558 desiderio
787 1517 1093 1556 mortuorum
1129 1509 1541 1558 constituerentur
1575 1509 1812 1572 imagines
1837 1510 1913 1556 vel
1937 1509 2032 1556 effi-

282 1593 402 1656 gies,
427 1602 681 1653 tamquam
716 1590 763 1638 in
796 1592 986 1639 caelum
1024 1591 1249 1654 receptis)
1275 1608 1363 1653 pro
1393 1591 1572 1653 quibus
1605 1608 1655 1639 se
1688 1591 1736 1638 in
1761 1590 1897 1639 terris
1924 1591 2034 1638 dae-

285 1691 459 1724 mones
499 1672 695 1722 colendi
733 1683 1117 1736 supposuerunt,
1155 1685 1203 1722 et
1240 1673 1332 1721 sibi
1370 1673 1628 1722 sacrificari
1664 1690 1693 1721 a
1729 1672 1948 1736 deceptis
1987 1681 2034 1720 et

226 1764 260 1811 6
286 1756 488 1819 perditis
515 1764 874 1819 persuaserunt.
949 1755 1219 1804 Simulacra
1243 1764 1408 1804 autem
1435 1773 1463 1804 a
1497 1755 1816 1804 similitudine
1849 1771 2034 1802 nuncu-

285 1848 416 1901 pata,
442 1854 502 1887 eo
543 1839 680 1900 quod
723 1854 872 1885 manu
906 1837 1104 1884 artificis
1141 1854 1199 1884 ex
1236 1837 1399 1899 lapide
1435 1837 1589 1886 aliave
1626 1836 1826 1886 materia
1862 1853 2031 1884 eorum
2057 1857 2110 1886 20

288 1922 450 1969 vultus
477 1919 729 1968 imitantur
755 1918 804 1966 in
831 1935 1041 1981 quorum
1068 1921 1257 1967 honore
1282 1919 1544 1981 finguntur.
1620 1920 1750 1981 Ergo
1777 1917 2034 1966 simulacra

288 2004 364 2051 vel
395 2019 484 2066 pro
516 2019 576 2051 eo
610 2002 747 2064 quod
779 2010 894 2049 sunt
929 2000 1122 2062 similia,
1148 2002 1224 2049 vel
1258 2018 1348 2063 pro
1381 2017 1441 2049 eo
1471 2002 1606 2063 quod
1631 2000 1859 2049 simulata
1886 2009 2035 2062 atque

235 2099 264 2148 7
290 2086 532 2145 conficta;
571 2086 705 2133 unde
737 2093 784 2132 et
814 2085 934 2132 falsa
960 2093 1088 2132 sunt.
1157 2085 1220 2131 Et
1245 2084 1524 2131 notandum
1551 2084 1687 2145 quod
1715 2081 1919 2130 Latinus
1945 2098 2036 2131 ser-

290 2184 373 2215 mo
408 2167 469 2214 sit
500 2166 549 2213 in
578 2166 838 2214 Hebraeis.
910 2167 1061 2228 Apud
1092 2182 1176 2214 eos
1211 2165 1342 2213 enim
1370 2165 1558 2213 idolum
1585 2165 1684 2213 sive
1722 2164 2035 2213 simulacrum

291 2251 454 2298 Semel
481 2247 671 2297 dicitur.
747 2247 921 2296 Iudaei
948 2247 1121 2295 dicunt
1147 2248 1284 2310 quod
1303 2248 1483 2295 Ismael
1509 2245 1694 2309 primus
1721 2247 2033 2295 simulacrum
2060 2266 2112 2307 25

238 2334 268 2380 8
293 2333 396 2378 luto
423 2330 602 2378 fecerit.
665 2329 888 2378 Gentiles
913 2338 1078 2378 autem
1106 2331 1318 2392 primum
1346 2330 1696 2377 Prometheum
1723 2328 2036 2376 simulacrum

293 2412 552 2461 hominum
602 2413 665 2460 de
713 2414 817 2460 luto
866 2412 1062 2461 finxisse
1109 2411 1384 2475 perhibent,
1412 2411 1475 2459 ab
1523 2428 1682 2473 eoque
1724 2419 1889 2458 natam
1933 2428 2039 2459 esse

295 2505 448 2543 artem
487 2495 747 2543 simulacra
784 2504 830 2543 et
869 2503 1052 2543 statuas
1091 2494 1321 2557 fingendi.
1394 2494 1540 2541 Vnde
1577 2502 1625 2542 et
1661 2502 1837 2556 poetae
1873 2494 1937 2541 ab
1979 2510 2039 2542 eo

356 2640 373 2665 1
409 2628 507 2667 Fau.
532 2627 770 2676 appellatur
791 2640 856 2677 ap.
881 2626 926 2664 K
1060 2640 1085 2676 3
1113 2638 1244 2677 pavos
1263 2625 1365 2665 BT:
1397 2624 1581 2675 paphum
1602 2623 1691 2675 (-f-)
1716 2623 1795 2663 CK
1920 2627 1947 2663 6
1976 2625 2038 2676 et]

299 2683 351 2721 ad
373 2681 418 2719 K
528 2695 549 2730 7
580 2683 735 2721 cultum
760 2682 794 2720 C
902 2683 1065 2732 perisse
1085 2681 1151 2719 B:
1182 2680 1390 2730 reperisse
1411 2679 1457 2717 K
1591 2680 1616 2717 8
1645 2685 1742 2718 actu
1762 2678 1807 2716 K
1942 2693 1969 2729 9
1998 2686 2040 2718 et

298 2752 381 2777 om.
410 2737 447 2775 T
556 2749 604 2774 10
634 2737 795 2776 orbium
819 2736 869 2775 C1
951 2737 1151 2775 mortales
1172 2735 1218 2773 K
1329 2747 1372 2774 11
1407 2735 1594 2773 fixerunt
1619 2733 1657 2772 T
1763 2747 1811 2772 12
1842 2734 1938 2786 sed]
1960 2735 2039 2773 dm

302 2793 351 2830 Cl
521 2803 569 2840 13
599 2793 907 2841 persuadentes
935 2791 973 2830 T
1106 2790 1167 2842 in]
1190 2795 1236 2828 ut
1255 2790 1296 2828 Β
1437 2801 1485 2840 15
1514 2801 1693 2828 exorsus
1712 2788 1753 2826 Β
1867 2790 1914 2827 16
1943 2800 2039 2826 con-

301 2848 531 2885 stituerunt
550 2845 603 2883 Β1
627 2861 636 2885 :
666 2847 947 2885 constituetur
969 2846 1017 2885 Cl
1187 2846 1234 2882 18
1263 2845 1340 2883 col.
1366 2874 1375 2884 .
1403 2875 1412 2884 .
1438 2875 1447 2885 .
1473 2844 1610 2883 sacrif.
1633 2856 1713 2882 om.
1737 2842 1793 2880 Β1
1905 2848 1947 2881 et
1962 2843 2041 2881 sibi

303 2902 419 2941 ficari
449 2901 487 2939 T
640 2913 688 2950 19
716 2901 968 2950 perfiditatis
997 2901 1034 2939 T
1183 2900 1274 2938 sim.
1301 2906 1397 2938 sunt
1417 2911 1539 2937 nunc.
1560 2897 1602 2935 B
1751 2910 1805 2935 20
1834 2896 1914 2935 alia
1934 2910 2037 2936 vero

302 2962 400 2994 mat.
427 2956 477 2994 C1
597 2966 649 2993 22
669 2967 746 3005 pro
767 2968 850 2995 om.
874 2955 919 2992 K
1026 2959 1126 2995 sunt
1147 2954 1240 2994 sim.
1261 2967 1343 2994 om.
1372 2953 1433 2992 T:
1462 2958 1559 2992 sunt
1579 2965 1660 2990 om.
1681 2951 1736 2989 Β1
1846 2964 1898 3000 24
1928 2953 2040 2990 enim

301 3026 384 3049 om.
407 3010 454 3048 K
563 3010 703 3049 dolum
724 3009 779 3048 Β1
918 3021 969 3059 25
1000 3010 1223 3048 simulacro
1243 3007 1290 3045 K
1423 3010 1476 3047 26
1505 3007 1634 3046 lutum
1652 3005 1712 3043 Kl
1821 3006 2042 3046 simulacra

302 3066 416 3104 hom.
439 3064 540 3104 BC:
570 3065 837 3104 simulacrum
859 3064 1040 3103 hominis
1062 3064 1248 3103 Lactant.
1273 3063 1366 3103 inst.
1391 3076 1430 3112 2,
1456 3075 1517 3112 10,
1544 3075 1590 3100 12
1759 3073 1808 3111 27
1840 3067 1983 3099 natum
2003 3061 2043 3099 Β

305 3121 357 3157 28
387 3119 535 3158 simula
557 3119 611 3157 Β1

2156 3300 2176 3424 mmmm-1
2164 3236 2176 3254 ;,,
2172 3196 2176 3198 .
