2176 3424
520 112 1150 162 ETYMOLOGIARVM
1191 111 1320 158 LIB.
1359 113 1405 157 X

108 254 267 293 torum
305 241 556 307 praevidet
592 259 749 291 casus.
839 240 1036 290 Patiens
1074 242 1236 290 dictus
1273 257 1302 288 a
1337 240 1579 303 pavendo.
1667 242 1851 287 Pavere

108 325 241 375 enim
261 327 400 375 ferire
420 334 506 374 est.
570 323 844 373 Percutitur
863 322 996 371 enirn
1022 332 1070 372 et
1095 324 1282 372 tolerat.
1345 323 1612 381 Perfectus,
1632 320 1711 369 cui
1731 319 1852 369 nihil
1875 334 1979 370 202

108 406 205 455 iam
230 406 360 456 adici
385 415 561 470 potest.
637 405 773 454 Huic
798 404 990 454 nomini
1014 406 1148 468 apud
1175 402 1539 454 Grammaticos
1565 401 1852 466 conparatio

108 506 210 537 non
228 479 451 547 adicitur,
481 489 595 551 quia
615 487 654 536 si
680 487 857 537 dixeris
881 506 889 535 :
933 489 1051 536 ‘Ille
1080 485 1338 550 perfectior
1364 486 1466 546 est,’
1492 486 1583 534 iste
1607 486 1852 549 perfectus

59 585 81 624 5
108 587 208 619 non
229 569 329 619 erit.
406 571 580 618 Pulcer
598 569 662 618 ab
679 568 843 632 specie
867 567 992 617 cutis
1013 569 1187 629 dictus,
1216 568 1352 631 quod
1378 575 1451 616 est
1476 566 1615 630 pellis
1636 588 1644 616 :
1681 575 1855 630 postea
1877 577 1981 626 203

108 651 295 700 transiit
327 653 423 700 hoc
456 668 640 700 nomen
674 650 724 698 in
756 667 926 714 genus.
999 652 1130 699 Nam
1166 649 1482 714 pulchritudo
1516 648 1731 698 hominis
1769 658 1854 697 aut

108 734 157 782 in
183 736 319 782 vultu
346 743 433 794 est,
461 742 514 782 ut
539 732 694 798 (Virg.
713 735 838 782 Aen.
863 751 901 792 1,
923 731 1041 797 589)
1066 753 1075 781 ε

581 816 653 864 Os
691 816 1024 877 humerosque
1061 816 1158 863 deo
1196 813 1382 863 similis.

107 906 190 946 aut
217 897 264 945 in
291 896 492 960 capillis,
520 906 573 944 ut
601 895 753 960 (Virg,
775 900 900 945 Aen.
923 915 962 957 1,
989 896 1106 961 589)
1128 916 1136 945 :

37 993 85 1021 10
779 979 1012 1041 Namque
1050 977 1154 1041 ipse
1190 979 1428 1027 decoram

650 1059 933 1109 caesariem.

107 1152 191 1192 aut
218 1144 267 1191 in
293 1142 462 1201 oculis,
492 1150 544 1190 ut
571 1141 723 1206 (Virg.
745 1144 871 1191 Aen.
896 1160 934 1202 1,
958 1140 1073 1206 591)
1095 1161 1103 1190 :

512 1225 695 1272 Laetos
731 1222 888 1272 oculis
924 1224 1128 1272 adflarat
1167 1224 1395 1272 honores.

107 1315 191 1355 aut
217 1306 266 1354 in
291 1307 520 1365 candore,
549 1315 602 1353 ut
627 1303 782 1369 (Virg.
801 1307 929 1353 Aen.
953 1323 991 1364 1,
1015 1306 1134 1370 592)
1157 1325 1165 1354 ε

37 1405 82 1444 15
505 1388 665 1447 Quale
702 1403 877 1435 manus
913 1387 1106 1435 addunt
1143 1385 1281 1435 ebori
1318 1387 1487 1435 decus.

108 1479 191 1518 aut
218 1469 266 1517 in
293 1467 620 1528 lineamentis,
647 1477 701 1516 ut
726 1467 855 1532 (Cic.
873 1470 1009 1516 Verr.
1035 1486 1074 1528 2,
1098 1467 1183 1533 36)
1208 1487 1216 1517 2
1259 1470 1360 1516 ‘Te
1387 1469 1544 1516 multo
1570 1467 1680 1529 plus
1701 1467 1854 1530 figura

109 1561 156 1601 et
181 1550 479 1600 lineamenta
503 1549 710 1613 hospitis
736 1549 1083 1611 delectabant,'
1116 1558 1201 1598 aut
1230 1549 1281 1598 in
1315 1550 1618 1613 proceritate,
1648 1556 1701 1596 ut
1733 1550 1853 1597 Tur-

109 1649 201 1680 nus
226 1631 382 1698 (Virg.
401 1634 527 1680 Aen.
551 1649 570 1679 1
585 1649 624 1692 1,
645 1631 763 1694 683)
785 1650 794 1679 ε

311 1713 530 1762 Vertitur
567 1712 617 1760 in
657 1712 848 1772 mediis,
889 1723 937 1762 et
974 1722 1078 1762 tota
1114 1713 1294 1762 vertice
1331 1730 1478 1777 supra
1515 1724 1601 1763 est.

37 1814 87 1842 20
110 1798 275 1845 Pellax
293 1813 320 1844 a
340 1794 656 1859 perliciendo.
732 1794 1007 1858 Perspicax,
1027 1794 1332 1858 splendidus,
1353 1813 1413 1844 eo
1429 1798 1567 1859 quod
1586 1799 1849 1861 perluceat.
1878 1810 1982 1858 204

110 1875 447 1944 [Perpetuus].
523 1876 770 1937 Perennis,
789 1877 854 1926 ab
880 1894 940 1926 eo
966 1878 1102 1940 quod
1127 1877 1188 1926 sit
1212 1887 1478 1941 perpetuus
1497 1879 1652 1929 annis.
1716 1883 1855 1929 Prae·
1879 1893 1983 1943 205

109 1961 183 2007 sul
208 1968 410 2008 vocatus
441 1959 555 2021 quia
593 1967 786 2021 praeest
819 1958 1165 2008 sollicitudine.
1242 1959 1555 2022 Praepositus
1580 1963 1853 2025 appellatus

111 2057 170 2090 eo
207 2042 343 2104 quod
377 2040 438 2089 sit
470 2039 805 2089 subiectorum
840 2057 897 2088 ac
932 2040 1276 2089 famulantium
1303 2043 1555 2091 ordinator
1579 2045 1656 2092 vel
1681 2053 1851 2093 rector.

112 2122 309 2171 Patroni
336 2140 364 2171 a
389 2121 608 2186 patribus
634 2121 752 2170 dicti
778 2131 905 2181 sunt,
934 2124 1070 2185 quod
1096 2122 1381 2172 huiusmodi
1406 2126 1638 2173 affectum
1671 2125 1855 2174 clienti-

41 2224 86 2264 25
111 2205 203 2253 bus
229 2203 494 2253 exhibeant
513 2214 566 2252 ut
591 2203 731 2267 quasi
757 2214 917 2267 patres
943 2204 1051 2253 illos
1072 2215 1255 2268 regant.
1329 2207 1650 2271 Paedagogus
1675 2216 1750 2257 est
1775 2207 1854 2256 eui
1878 2205 1984 2252 206

111 2285 299 2350 parvuli
325 2285 660 2350 adsignantur.
733 2286 980 2335 Graecum
1006 2303 1192 2335 nomen
1218 2298 1321 2349 est3
1358 2297 1406 2336 et
1440 2298 1512 2337 est
1539 2289 1853 2353 conpositum

111 2368 175 2416 ab
201 2384 260 2416 eo
286 2369 422 2430 quod
456 2384 635 2431 pueros
664 2376 789 2431 agat,
819 2367 870 2416 id
904 2377 976 2416 est
1010 2369 1180 2418 ductet
1209 2379 1257 2418 et
1283 2369 1619 2420 lascivientem
1645 2374 1855 2422 refrenet

112 2459 337 2499 aetatem.
410 2452 648 2499 Praesens
675 2449 836 2498 dictus
863 2451 1000 2512 quod
1026 2449 1087 2499 sit
1112 2467 1228 2513 prae
1253 2451 1494 2511 sensibus,
1515 2452 1566 2502 id
1591 2462 1664 2503 est
1689 2471 1854 2503 coram
1880 2464 1980 2514 207

171 2593 188 2618 1
222 2592 278 2619 an
298 2591 458 2630 pavens
481 2580 558 2619 dic.
582 2593 606 2618 a
626 2579 848 2629 paviendo.
872 2579 1020 2618 Pavire
1041 2580 1181 2621 enim?
1295 2594 1316 2630 7
1347 2582 1388 2620 in
1410 2583 1549 2623 vultus
1572 2583 1628 2623 T:
1657 2585 1793 2623 inultu
1814 2583 1857 2622 Κ

113 2638 140 2675 8
169 2635 441 2684 humerisque
471 2633 511 2672 d.
545 2633 622 2672 C1:
662 2634 860 2673 humeros
889 2634 1002 2683 quod
1032 2647 1085 2673 eo
1115 2634 1162 2672 K
1185 2640 1279 2674 ante
1306 2649 1405 2675 corr.
1625 2639 1785 2678 similes
1814 2637 1856 2676 B

117 2702 163 2730 11
187 2702 400 2728 cesaream
423 2687 469 2726 K
484 2692 578 2726 ante
596 2701 694 2728 corr.
826 2701 874 2737 13
895 2687 997 2740 lae.]
1019 2689 1139 2728 lectis
1168 2689 1204 2726 T
1304 2692 1478 2732 adflaret
1499 2693 1546 2731 K
1654 2696 1702 2731 16
1722 2699 1768 2731 ut
1789 2693 1852 2744 te]

114 2751 184 2784 ute
206 2743 252 2782 K
356 2743 534 2782 multum
553 2742 594 2780 B
778 2756 825 2792 17
856 2749 900 2782 et
920 2744 1130 2782 niamenta
1153 2744 1201 2783 Cl
1340 2748 1505 2796 ospitiis
1531 2747 1588 2787 T:
1619 2748 1783 2798 aspitiis
1806 2741 1855 2786 C‘l

115 2798 382 2839 declinabant
410 2797 452 2836 B
566 2810 614 2847 19
646 2797 794 2836 medus
814 2801 864 2836 ut
878 2797 958 2836 vid.
992 2797 1029 2835 T
1029 2798 1044 2823 1
1153 2811 1207 2837 20
1234 2800 1479 2849 perlicendo
1498 2802 1610 2841 codd.
1728 2802 1854 2841 Prae-

117 2854 262 2903 spicax
283 2852 425 2904 (Pre-)
452 2850 531 2891 CK
536 2851 573 2889 T
772 2865 821 2890 21
857 2852 982 2902 Perp.
1002 2852 1095 2893 hab.
1120 2852 1207 2890 AB
1228 2858 1339 2905 (ante
1360 2855 1531 2908 Persp.)
1556 2856 1636 2895 CI:
1667 2870 1749 2896 om.
1773 2856 1819 2895 K
1823 2857 1861 2895 T

116 2920 254 2947 annus
281 2907 331 2945 12
465 2919 516 2944 22
546 2905 664 2957 quia]
687 2908 798 2955 quod
817 2906 859 2945 A
973 2919 1024 2956 23
1055 2921 1123 2958 qu.
1148 2908 1237 2946 sub.
1261 2922 1309 2948 ac
1330 2909 1550 2950 fulantium
1571 2912 1660 2950 ord.
1682 2911 1724 2949 A
1745 2925 1754 2950 ε
1783 2925 1852 2962 qu.

117 2963 174 3000 sit
193 2963 282 3002 sub.
307 2963 384 3001 hoc
405 2961 688 3000 ordinantium
710 2961 932 3001 famulator
952 2961 998 2999 K
1121 2962 1208 3014 vel]
1232 2977 1280 3001 ac
1302 2963 1354 3001 T2
1518 2977 1570 3015 25
1600 2965 1800 3005 exiebant
1826 2966 1863 3004 T

118 3017 187 3066 qui
206 3017 387 3068 parvulis
418 3017 508 3055 ads.
538 3015 592 3054 T:
621 3015 686 3055 cui
711 3017 911 3065 parvulus
938 3017 1184 3066 adsignatur
1210 3016 1257 3056 K
1272 3018 1375 3070 (non
1396 3019 1458 3070 A)
1624 3033 1675 3069 27
1705 3021 1795 3072 agit
1813 3020 1860 3059 K

119 3073 224 3123 (non
239 3070 305 3122 Α)
433 3071 575 3110 ductet
594 3069 684 3110 CT:
706 3070 821 3110 ducit
837 3069 896 3110 K:
920 3071 1070 3110 doceat
1081 3071 1171 3110 AB
1278 3074 1330 3112 28
1350 3086 1452 3124 prae
1465 3073 1522 3125 s.]
1538 3074 1806 3125 presentibus
1827 3075 1863 3114 T
