2176 3424
405 106 1034 157 ETYMOLOGIARVM
1077 106 1204 152 LIB.
1246 105 1386 151 XIX.
1426 102 1555 150 vii—x

21 235 27 244 ¹
104 250 325 291 mentum
343 242 528 290 dictum
548 239 683 301 quod
701 238 882 285 fundus
900 235 960 284 sit
975 235 1202 285 aedificii.
1261 236 1403 283 Idem
1426 244 1472 282 et
1494 241 1808 282 caementum
1826 249 1853 280 a

103 325 361 372 caedendo
386 322 589 380 dictum,
611 320 747 382 quod
772 334 917 367 caeso
937 334 1101 366 crasso
1126 318 1289 380 lapide
1315 324 1491 378 surgat.
1566 314 1780 378 Lapides
1806 315 1856 362 in
1881 335 1912 381 3

104 404 355 454 structuris
375 403 475 466 apti
499 422 508 451 z
544 402 699 462 albus,
723 399 1027 458 Tiburtinus,
1045 398 1372 457 columbinus,
1393 396 1614 456 fluvialis,
1633 395 1854 459 spongia,

105 487 279 535 rubrus
304 495 351 551 et
376 484 563 547 reliqui.
625 483 784 531 Albus
804 484 939 544 lapis,
967 483 1090 529 alius
1108 482 1274 540 durus,
1295 479 1418 528 alius
1446 481 1621 528 mollis.
1687 480 1856 527 Mollis
1880 490 1913 536 4

61 591 82 630 5
107 571 307 619 dentata
332 585 460 616 serra
485 576 690 624 secatur,
710 563 975 612 tractabilis
1002 563 1052 610 in
1078 580 1226 625 opere
1252 571 1339 621 est,
1368 561 1433 609 ita
1459 571 1512 609 ut
1539 560 1590 608 in
1616 578 1690 620 eo,
1714 560 1854 623 quasi

107 654 157 700 in
191 650 337 714 ligno,
370 649 558 698 litterae
592 646 876 696 scribantur.
951 643 1241 693 Tiburtinus
1271 660 1298 691 a
1328 645 1440 691 loco
1476 642 1647 691 Italiae
1681 642 1856 703 dictus,
1884 660 1914 708 5

109 733 193 796 qui
219 734 338 782 dum
366 732 425 780 sit
454 731 517 778 ad
543 729 776 778 fabricam
804 726 953 786 fortis,
983 742 1162 789 vapore
1196 734 1363 773 tamen
1388 724 1578 773 dissilit.
1651 725 1860 786 Tophus
1886 732 1919 778 6

109 813 345 864 aedificiis
371 811 554 861 inutilis
580 820 666 870 est,
695 807 1030 858 fundamentis
1056 817 1213 871 aptus,
1238 806 1535 855 mortalitate
1562 815 1610 855 et
1637 805 1858 854 mollitia.

112 900 186 946 Ex
221 905 358 945 aestu
388 894 520 944 enim
558 901 606 941 et
638 891 791 940 halitu
822 889 967 938 maris
1005 889 1171 937 friatur
1208 898 1256 937 et
1288 888 1570 937 verberatur
1605 887 1861 936 imbribus.

41 997 90 1024 10
114 979 383 1027 Arenacius
403 975 525 1038 lapis
545 983 804 1023 concretus
831 972 975 1021 maris
1001 971 1175 1020 arenis.
1234 970 1335 1019 Hic
1361 979 1408 1019 et
1435 970 1633 1019 bibulus
1660 970 1838 1019 dicitur
1851 988 1864 1030 3
1886 990 1914 1039 7

113 1068 269 1110 servat
306 1057 435 1107 enim
476 1059 735 1104 humorem
778 1063 1053 1117 acceptum.
1126 1053 1269 1101 Idem
1308 1061 1355 1100 et
1388 1051 1439 1100 in
1476 1053 1677 1100 Baetica
1716 1051 1865 1101 Gadi-

113 1153 257 1191 tanus
283 1140 346 1189 ab
371 1139 528 1187 insula
556 1136 745 1187 Oceani
771 1136 856 1184 ubi
882 1134 1120 1198 plurimus
1145 1134 1393 1183 exciditur.
1471 1133 1727 1197 Piperinus
1754 1134 1861 1182 sub·
1889 1142 1919 1189 8

114 1223 308 1273 albidus
334 1240 446 1270 cum
481 1219 676 1283 punctis
702 1217 863 1281 nigris,
893 1219 1043 1266 durus
1068 1225 1217 1279 atque
1247 1216 1554 1265 fortissimus.
1627 1216 1866 1266 Cochlea-

115 1306 218 1355 cius
242 1303 458 1354 cochleis
482 1301 758 1366 lapillisque
789 1309 836 1349 et
861 1315 1008 1348 arena
1032 1307 1306 1357 concretus,
1331 1298 1625 1361 asperrimus
1651 1307 1698 1347 et
1723 1298 1868 1347 inter-

46 1403 92 1443 15
116 1392 236 1438 dum
262 1388 523 1436 fistulosus.
596 1382 928 1433 Columbinus
964 1399 992 1430 a
1018 1382 1182 1430 colore
1207 1380 1308 1429 avis
1335 1391 1662 1444 nuncupatus,
1691 1389 1864 1429 natura
1891 1398 1924 1444 9

117 1470 304 1519 vicinus
329 1484 481 1532 gypso
498 1476 545 1515 et
564 1464 769 1514 mollitie
785 1463 1075 1513 simillimus.
1139 1462 1342 1511 Molaris
1362 1462 1409 1510 in
1431 1462 1697 1525 parietibus
1718 1462 1861 1521 utilis,
1888 1480 1945 1514 10

118 1552 232 1615 quia
257 1560 329 1601 est
354 1550 598 1613 quaedam
624 1546 850 1610 pinguior
874 1555 1046 1594 natura
1071 1545 1188 1604 eius,
1211 1546 1433 1607 duraque
1459 1554 1507 1593 et
1531 1561 1715 1608 aspera.
1792 1547 1864 1592 Ex

120 1651 219 1698 quo
258 1633 403 1682 etiam
453 1641 501 1680 et
543 1631 704 1678 molae
753 1630 876 1677 fiunt
897 1647 909 1688 3
966 1629 1099 1676 unde
1143 1637 1190 1675 et
1237 1644 1422 1676 nomen
1470 1627 1625 1675 traxit.
1701 1626 1867 1675 Huius

120 1724 348 1778 quattuor
373 1729 578 1777 genera:
615 1712 770 1771 albus,
794 1709 942 1773 niger,
961 1708 1227 1772 permixtus
1253 1725 1311 1756 ac
1331 1709 1590 1757 fistulosus.
1653 1710 1869 1772 Spongia
1893 1724 1938 1757 11

48 1817 99 1845 20
119 1797 242 1862 lapis
267 1805 458 1846 creatus
478 1812 534 1843 ex
560 1810 700 1856 aqua,
728 1792 846 1841 levis
871 1808 929 1840 ac
948 1793 1196 1839 fistulosus
1216 1800 1263 1839 et
1289 1789 1494 1839 cameris
1509 1800 1665 1853 aptus.
1741 1790 1869 1839 Silex
1892 1804 1948 1839 12

122 1882 272 1929 durus
292 1877 430 1941 lapis,
457 1894 514 1925 ex
547 1875 685 1923 cuius
718 1890 895 1938 genere
930 1872 1051 1936 nigri
1083 1871 1242 1921 silices
1275 1871 1465 1935 optimi,
1494 1872 1794 1934 quibusdam
1821 1875 1870 1920 in

120 1953 241 2010 locis
278 1969 325 2009 et
363 1958 610 2007 rubentes,
683 1955 798 2003 Albi
836 1954 995 2003 silices
1032 1963 1202 2002 contra
1238 1963 1531 2002 vetustatem
1573 1953 1873 2018 incorrupti:

122 2044 254 2092 idem
282 2050 328 2090 et
348 2042 398 2088 in
425 2037 760 2088 monumentis
786 2035 958 2099 scalpti
989 2044 1037 2084 et
1063 2035 1331 2098 incorrupti
1356 2045 1660 2097 permanent,
1690 2036 1870 2099 quibus

124 2143 186 2174 ne
211 2124 335 2188 ignis
360 2121 560 2185 quidem
588 2128 764 2180 nocet3
818 2135 932 2166 nam
959 2135 1016 2166 ex
1043 2119 1117 2166 his
1142 2116 1288 2166 etiam
1316 2118 1502 2165 formae
1528 2119 1664 2178 fiunt,
1694 2118 1743 2166 in
1770 2119 1872 2181 qui-

53 2224 100 2263 25
125 2209 216 2256 bus
263 2222 373 2255 aera
412 2205 699 2252 funduntur.
772 2199 954 2248 Viridis
1004 2200 1121 2247 silex
1147 2200 1464 2248 vehementer
1513 2209 1560 2247 et
1620 2199 1724 2262 ipse
1772 2200 1871 2264 igni

184 2351 200 2376 1
236 2337 374 2374 fundis
397 2336 450 2374 sit
478 2335 514 2372 T
664 2333 775 2370 idem
797 2343 930 2370 caem.
952 2331 1017 2368 B:
1048 2330 1087 2368 id
1110 2336 1173 2368 est
1195 2342 1325 2368 caem.
1353 2330 1398 2367 K
1583 2344 1606 2367 2
1638 2344 1766 2370 caeso
1788 2345 1869 2371 om.

126 2392 252 2432 BDF
258 2391 294 2429 T
309 2392 420 2442 (cnm
441 2388 551 2428 codd.
576 2388 666 2427 XV.
690 2399 782 2425 vm.
814 2388 850 2438 1)
874 2393 978 2435 (non
1000 2383 1044 2422 N
1049 2389 1062 2434 >
1197 2397 1346 2433 grasso
1376 2384 1413 2421 T
1536 2386 1577 2423 in
1590 2387 1692 2435 sort.
1716 2387 1869 2426 delend.

126 2461 150 2496 3
180 2445 388 2486 stricturis
419 2444 455 2480 T
539 2442 749 2481 tiburinus
773 2441 810 2478 Β
909 2439 1124 2478 fluviatilis
1143 2438 1265 2477 BCT
1353 2440 1520 2489 sfungia
1540 2439 1650 2478 BT:
1681 2441 1871 2490 essungia

130 2503 188 2542 C:
218 2501 383 2548 issungu
407 2498 452 2536 K
625 2511 648 2546 4
680 2497 806 2534 rubro
826 2494 895 2534 K:
927 2494 1076 2532 rubros
1095 2493 1158 2531 B:
1191 2493 1318 2532 rubus
1349 2493 1385 2531 T
1470 2499 1473 2502 “
1503 2494 1636 2533 mollis
1656 2495 1768 2546 (alt.)
1791 2509 1873 2536 om.

127 2556 215 2594 ΒΚ
376 2566 400 2604 5
432 2555 649 2592 detentata
666 2550 713 2589 CI
825 2563 958 2599 opore
981 2548 1059 2587 BC
1233 2562 1254 2598 7
1286 2549 1336 2586 ad
1360 2549 1504 2587 fricam
1529 2548 1575 2587 C¹
1702 2549 1874 2590 Tochus

127 2610 196 2649 K:
244 2609 373 2648 Tofus
411 2607 532 2646 BCT
636 2608 660 2644 8
691 2610 934 2644 mortatatet
974 2616 1026 2641 ex
1073 2603 1110 2640 T
1214 2617 1240 2652 9
1272 2609 1447 2641 exestur
1493 2617 1560 2641 en.
1601 2604 1733 2643 halitu
1775 2617 1871 2655 ma„

130 2664 276 2704 friatur
296 2670 437 2714 vento,
462 2661 734 2701 everberatur
756 2660 825 2699 im.
845 2659 955 2697 Plin.
979 2657 1031 2696 N.
1053 2657 1111 2696 H.
1129 2660 1194 2707 36,
1218 2660 1293 2696 166
1445 2658 1531 2697 altu
1553 2658 1599 2696 K
1749 2660 1877 2698 maris

129 2733 178 2758 ex
198 2719 318 2757 malis
339 2717 379 2756 Β
542 2715 713 2754 ferritur
739 2714 775 2751 T
955 2726 1002 2751 10
1033 2712 1248 2751 Arenatus
1268 2711 1325 2750 Β1
1513 2725 1561 2750 12
1592 2713 1814 2752 excidetur
1835 2715 1876 2752 Β

130 2773 375 2812 subalbinus
402 2772 439 2810 T
681 2782 728 2818 13
759 2768 1036 2807 Concleacius
1064 2766 1118 2806 T:
1149 2767 1423 2806 Concleatius
1443 2766 1513 2806 K:
1543 2768 1787 2806 Cocleatius
1807 2768 1875 2807 B:

132 2826 395 2866 Colcleacius
417 2826 462 2865 C1
703 2837 750 2872 14
781 2823 935 2861 cocleis
955 2836 1003 2860 ex
1021 2821 1205 2860 concleis
1226 2820 1295 2860 K:
1326 2821 1513 2860 concleis
1533 2821 1639 2860 BT:
1667 2822 1820 2861 cocleis
1845 2822 1879 2860 C

131 2882 338 2920 concretis
362 2882 397 2920 C
547 2881 596 2917 16
625 2877 826 2916 mollitiae
847 2878 945 2928 (-c-)
963 2875 1082 2914 KCB
1236 2889 1282 2924 17
1313 2876 1382 2914 Ab
1398 2882 1547 2914 natura
1563 2875 1654 2914 eius
1677 2890 1804 2927 usque
1822 2877 1880 2915 ad

134 2936 356 2975 scindulae
373 2948 424 2974 eo
441 2935 550 2984 quod
566 2934 669 2972 scin.
695 2934 802 2981 (xxx.
827 2933 870 2981 7)
889 2931 1037 2969 desunt
1055 2931 1097 2968 in
1115 2929 1154 2968 F
1263 2943 1311 2978 ¹9
1342 2930 1637 2979 SsungiaBT:
1672 2930 1875 2982 Essungia

137 2990 196 3029 C:
226 2989 416 3040 Issungia
436 2989 482 3026 K
635 3000 686 3025 20
716 2999 770 3024 ex
791 2999 874 3036 qua
895 2986 934 3023 Β
1095 2998 1146 3034 23
1177 2984 1327 3023 sclubti
1355 2985 1392 3023 T
1409 2985 1510 3032 (non
1539 2985 1610 3035 V):
1639 2985 1788 3035 sclapti
1814 2986 1876 3026 U:

134 3044 288 3093 squalti
308 3044 352 3081 K
372 3044 475 3095 (non
494 3042 557 3090 N)
741 3047 782 3080 et
803 3041 880 3079 inc.
904 3039 974 3079 del.
998 3038 1193 3078 Schwarz
1469 3051 1520 3088 25
1552 3039 1670 3091 aera]
1693 3053 1821 3079 arena
1847 3040 1872 3078 7

133 3098 267 3138 Vix-idi
296 3098 332 3136 T
436 3097 513 3146 ipsi
543 3096 579 3134 T
