2176 3424
1094 144 1363 193 ISIDORI

354 269 551 318 iniurias
588 269 755 320 vitant.
830 271 977 320 Dicta
1019 282 1184 322 autem
1223 274 1540 324 tabernacula
1575 279 1711 339 quod
1751 277 1968 327 cortinae
2005 278 2098 327 dis-

354 360 519 400 tentae
580 351 779 400 funibus
843 353 1023 402 tabulis
1086 354 1457 405 interstantibus
1507 359 1920 422 adpenderentur‚
1970 376 2098 424 quae

300 447 332 483 2
354 433 564 483 tentoria
597 434 908 484 sustinerent.
1002 438 1291 487 Tentorium
1332 449 1561 489 vocaturn
1599 458 1660 490 eo
1698 443 1835 504 quod
1870 444 2100 491 tendatur

301 532 332 578 3
356 515 556 565 funibus
575 526 725 579 atque
745 517 866 581 palis
873 536 885 578 ;
910 519 1045 568 unde
1061 528 1109 568 et
1129 521 1278 570 hodie
1299 524 1619 584 praetendere
1637 523 1884 572 dicuntur.
1926 524 2102 588 Papili-

355 615 476 647 ones
514 608 753 647 vocantur
790 617 820 648 a
858 599 1180 651 similitudine
1217 603 1403 667 parvuli
1445 603 1670 653 animalis
1712 605 1934 665 volantis,
1975 622 2102 669 quae
2124 627 2145 665 5

353 682 565 730 maxime
589 680 849 730 abundant
874 683 1162 733 florentibus
1183 685 1369 734 malvis.
1443 688 1588 735 Haec
1607 696 1722 735 sunt
1741 686 1958 736 aviculae
1975 704 2101 752 quae

352 762 539 811 lumine
564 779 776 812 accenso
802 764 1122 826 conveniunt,
1147 775 1195 814 et
1220 768 1348 815 circa
1372 767 1631 817 volitantes
1657 769 1719 817 ab
1745 768 1858 832 igne
1881 769 2102 833 proxime

352 844 548 894 interire
572 855 828 908 coguntur.

267 942 330 981 X1
492 929 574 974 DE
616 942 948 976 SEPVLCHms.
1036 931 1362 992 Sepulchrum
1393 946 1421 978 a
1454 932 1647 994 sepulto
1681 930 1885 980 dictum.
1962 931 2100 981 Prius

354 1016 519 1056 autem
555 1008 764 1072 quisque
788 1009 838 1057 in
865 1011 1018 1058 domo
1056 1027 1143 1059 sua
1175 1011 1518 1074 sepeliebatur.
1590 1015 1769 1061 Postea
1797 1013 2002 1062 vetitum
2029 1023 2101 1063 est
2127 1033 2174 1061 10

354 1089 556 1153 legibuS,
581 1107 644 1139 ne
669 1092 856 1140 foetore
882 1093 990 1155 ipso
1010 1109 1217 1155 corpora
1235 1093 1503 1142 viventium
1525 1103 1753 1143 contacta
1771 1094 2099 1145 inficerentur.

355 1174 745 1222 Monumentum
782 1175 897 1223 ideo
930 1185 1244 1238 nuncupatur
1280 1192 1340 1225 eo
1377 1177 1514 1239 quod
1548 1185 1766 1226 mentem
1801 1187 2002 1226 moneat
2037 1179 2101 1226 ad

353 1254 574 1303 defuncti
611 1255 916 1305 memoriam.
1007 1257 1137 1308 Cum
1175 1257 1307 1307 enim
1344 1275 1447 1307 non
1487 1258 1664 1308 videris
1703 1269 2097 1319 monumentum,

354 1337 475 1385 illud
501 1346 573 1385 est
599 1339 735 1400 quod
761 1338 995 1402 scriptum
1023 1348 1096 1388 est
1121 1339 1325 1404 (Psalm.
1355 1358 1432 1403 31,
1467 1339 1577 1405 12):
1617 1341 1820 1390 ‘Excidi
1847 1351 2101 1404 tamquam

352 1426 575 1467 mortuus
608 1435 636 1467 a
672 1421 852 1469 corde.’
924 1420 1054 1471 Cum
1091 1431 1255 1471 autem
1284 1421 1476 1483 videris,
1506 1432 1674 1472 monet
1704 1432 1923 1472 mentem
1957 1431 2005 1471 et
2037 1424 2101 1471 ad
2126 1441 2175 1481 15

353 1500 641 1549 memoriam
692 1510 739 1550 te
779 1503 969 1551 reducit
1008 1513 1060 1551 ut
1101 1514 1350 1552 mortuum
1392 1505 1673 1554 recorderis.
1769 1507 2101 1553 Monumenta

301 1601 332 1636 2
354 1581 520 1645 itaque
546 1591 594 1631 et
618 1585 887 1633 memoriae
911 1601 1000 1648 pro
1027 1585 1205 1634 mentis
1230 1586 1571 1636 admonitione
1605 1587 1780 1636 dictae.
1854 1588 2099 1635 Tumulus

352 1663 513 1712 dictus
539 1664 680 1727 quasi
705 1674 902 1714 tumens
928 1668 1085 1715 tellus.
1161 1669 1500 1732 Sarcophagus
1527 1670 1772 1718 Graecum
1799 1677 1872 1716 est
1897 1684 2096 1727 nomen,

353 1762 413 1794 eo
430 1747 566 1809 quod
583 1745 651 1794 ibi
669 1763 874 1810 corpora
893 1748 1217 1798 absumantur
1234 1769 1247 1811 5
1284 1752 1406 1814 σάρξ
1421 1750 1553 1799 enim
1576 1752 1764 1799 Graece
1784 1766 1914 1810 caro,
1930 1754 2100 1816 φαγεῖν

300 1838 331 1885 3
352 1829 615 1877 comedere
654 1827 845 1877 dicitur.
919 1832 1180 1879 Mausolea
1217 1840 1331 1880 sunt
1361 1833 1619 1894 sepulchra
1653 1848 1738 1880 seu
1774 1841 2098 1881 monumenta
2126 1848 2176 1875 20

352 1926 535 1973 regum,
557 1927 586 1958 a
608 1908 919 1978 Mausol[e]o
935 1927 1048 1975 rege
1063 1912 1418 1976 Aegyptiorum
1440 1913 1586 1962 dicta.
1637 1914 1768 1961 Nam
1785 1928 1845 1961 eo
1862 1914 2098 1962 defuncto

352 2007 473 2039 uxor
498 1991 602 2041 eius
637 1991 788 2042 mirae
821 1993 1176 2056 magnitudinis
1209 2004 1258 2043 et
1291 1994 1672 2058 pulchritudinis
1704 1996 1913 2043 extruxit
1942 1997 2099 2059 sepul-

353 2075 525 2122 chrum
553 2073 601 2121 in
630 2083 821 2123 tantum
847 2084 901 2124 ut
926 2092 1084 2139 usque
1104 2075 1255 2125 hodie
1280 2076 1449 2125 omnia
1465 2085 1790 2125 monumenta
1809 2075 2024 2139 pretiosa
2039 2093 2098 2124 ex

299 2167 333 2214 4
354 2157 558 2205 nomine
583 2155 686 2204 eius
714 2158 975 2206 Mausolea
1007 2166 1368 2222 nuncupentur.
1443 2157 1727 2222 Pyramides
1756 2174 1911 2222 genus
1942 2159 2099 2221 sepul-

353 2239 583 2286 chrorum
619 2239 915 2301 quadratum
954 2247 1002 2287 et
1038 2239 1336 2302 fastigiatum
1372 2241 1497 2288 ultra
1530 2256 1731 2288 ornnem
1766 2239 2098 2288 excelsitatem
2127 2256 2174 2294 25

352 2335 480 2382 quae
506 2319 608 2368 fieri
635 2336 785 2367 manu
811 2319 980 2383 possit,
1009 2322 1143 2369 unde
1168 2330 1216 2369 et
1241 2338 1522 2370 mensuram
1561 2321 1845 2369 umbrarum
1881 2337 2101 2385 egressae

352 2403 538 2450 nullam
565 2401 747 2450 habere
773 2402 1000 2450 umbram
1021 2401 1265 2451 dicuntur.
1340 2402 1449 2451 Tali
1468 2411 1634 2452 autern
1651 2402 1880 2452 aedificio
1900 2410 2102 2466 surgunt

414 2545 430 2570 1
464 2537 606 2571 autem
629 2546 711 2572 om.
741 2531 778 2570 T
868 2545 892 2570 2
922 2534 1188 2572 adstantibus
1209 2533 1255 2571 K
1346 2547 1370 2582 4
1399 2533 1512 2571 unde
1534 2562 1543 2571 .
1569 2562 1578 2571 .
1603 2561 1612 2570 .
1639 2532 1718 2571 dic.
1742 2546 1825 2572 om.
1851 2531 1886 2571 C
1949 2532 2103 2571 dicitur

355 2587 482 2627 Arev.
626 2587 728 2638 Pap.
752 2601 846 2626 voc.
866 2601 948 2627 om.
978 2585 1030 2625 T1
1194 2601 1218 2637 5
1247 2587 1420 2639 parvole
1447 2586 1506 2625 T:
1534 2586 1735 2636 parvulae
1755 2586 1797 2624 B
1932 2588 2002 2636 qui
2020 2585 2108 2624 ΒΚ

357 2645 384 2681 6
413 2642 587 2681 floribus
606 2640 653 2679 K
833 2643 968 2681 vicule
995 2641 1033 2680 T
1234 2655 1255 2691 7
1285 2642 1430 2680 lumini
1452 2641 1498 2679 K
1671 2642 1825 2680 circum
1846 2641 2039 2681 volantes
2059 2640 2106 2678 K

357 2710 448 2748 pro·
472 2697 524 2736 ab
545 2697 598 2747 ig.
622 2695 668 2734 K
762 2697 956 2747 proximo
978 2697 1071 2739 dett.
1196 2709 1244 2736 10
1273 2703 1356 2737 vet.
1378 2709 1475 2735 esse
1496 2695 1675 2745 legimus
1697 2696 1732 2735 C
1843 2709 1892 2734 12
1922 2709 1946 2734 a
1967 2695 2106 2734 des.K

362 2764 411 2801 14
442 2765 511 2802 qu.
535 2751 663 2801 scrip.
686 2757 750 2790 est
771 2765 852 2791 om.
873 2751 919 2789 K
989 2752 1143 2791 excidii
1173 2751 1233 2790 T:
1264 2749 1490 2790 exceditK
1587 2763 1634 2800 15
1666 2763 1776 2790 mon.
1801 2750 1938 2801 mem]
1958 2762 2102 2788 mone-

360 2813 548 2846 mentum
577 2805 614 2844 T
718 2812 761 2845 et
782 2820 865 2848 om.
888 2806 937 2846 C¹
1084 2809 1133 2846 16
1162 2807 1335 2845 reducet
1355 2812 1401 2844 ut
1420 2805 1545 2844 morti
1564 2805 1610 2844 K
1749 2807 1797 2843 18
1826 2805 2102 2854 sarcofagum

362 2862 514 2914 (-cu1n)
544 2860 624 2899 TK
640 2875 649 2900 ε
679 2874 795 2911 -gom
816 2860 858 2898 B
1008 2874 1056 2911 19
1085 2874 1199 2911 corp.
1224 2861 1279 2899 ibi
1306 2859 1344 2898 T
1439 2861 1716 2900 adsumantur
1734 2858 1846 2899 codd.
1971 2860 2106 2897 sarcia

361 2915 471 2956 codd.
638 2915 758 2965 fagus
791 2917 903 2966 (-cus
942 2915 1006 2966 K)
1045 2915 1155 2954 codd.
1346 2927 1397 2953 22
1427 2922 1469 2954 et
1507 2914 1788 2965 pulcritudine
1833 2912 1892 2952 T:
1937 2926 2021 2952 om.
2062 2913 2108 2952 K

362 2983 415 3020 23
444 2976 489 3009 ut
508 2984 593 3010 om.
628 2969 666 3008 T
811 2984 863 3020 24
894 2970 1031 3010 Piram
1053 2971 1094 3009 id
1115 2975 1180 3009 est
1200 2982 1266 3019 ge.
1289 2968 1336 3007 K
1481 2972 1534 3008 26
1561 2973 1738 3019 possunt
1761 2966 1840 3007 CK
1845 2966 1884 3005 T
1987 2981 2104 3006 men-

363 3037 462 3063 sura
497 3038 580 3064 una
620 3025 731 3064 umb.
755 3023 869 3063 KO:
914 3038 1138 3064 mensurae
1173 3036 1297 3062 unam
1335 3025 1443 3064 umb.
1477 3023 1564 3062 ΒΗ
1607 3035 1829 3061 mensurae
1861 3035 1945 3061 una
1973 3034 2104 3061 mem-

360 3079 527 3118 brarum
550 3079 594 3118 D
703 3093 754 3129 27
785 3080 868 3118 tale
888 3078 976 3118 ΒΚ
