2228 3444
413 154 1048 205 ETYMOLOGIARVM
1088 154 1219 203 LIB.
1259 153 1360 203 ΙΙΙ.
1399 153 1687 203 xxvi—xxxiii

177 288 386 350 plagam,
412 285 479 335 ita
504 284 778 334 declinatur
797 285 848 332 in
867 285 1146 332 australem.
1217 284 1381 347 Caput
1405 292 1572 332 autem
1593 283 1696 332 eius
1717 293 1764 334 et
1784 287 1924 349 quasi

175 368 324 418 facies
349 368 597 418 orientalis
623 366 757 430 regio
783 375 869 427 est,
898 365 1071 414 ultima
1096 382 1206 430 pars
1233 365 1627 429 septentrionalis
1653 375 1742 417 est.

313 453 395 498 DE
432 465 600 498 CAELo
637 464 701 497 ET
740 463 854 497 Ervs
891 462 1118 497 NOMINE.
1190 447 1399 498 Caelum
1436 446 1720 511 philosophi
1759 457 1923 497 rotun·
1944 460 2095 500 XXXI

175 533 314 592 dum,
349 531 566 580 volubile
603 540 753 593 atque
788 531 966 578 ardens
1003 545 1110 577 esse
1151 529 1406 590 dixerunt,
1454 537 1787 592 vocatumque
1827 532 1921 579 hoc

130 637 151 676 5
175 615 391 673 nomine,
420 629 480 662 eo
506 614 644 676 quod
663 621 917 674 tamquam
937 627 1020 659 vas
1054 612 1298 660 caelatum
1329 610 1547 673 inpressa
1580 610 1718 674 signa
1742 611 1922 660 habeat

175 696 441 744 stellarum.
496 694 732 743 Distinxit
748 692 880 741 enim
897 708 1011 741 eum
1031 694 1169 740 Deus
1189 694 1330 740 claris
1346 692 1635 753 luminibus,
1655 701 1703 740 et
1718 691 1921 755 inplevit
1947 697 1978 730 2

175 778 278 824 sole
326 775 510 824 scilicet
559 784 606 824 et
648 777 795 823 lunae
837 774 956 823 orbe
997 773 1218 837 fulgenti,
1259 783 1308 824 et
1349 783 1589 822 astrorum
1633 774 1922 822 micantium

175 857 550 921 splendentibus
587 856 736 920 signis
784 855 1057 905 adornavit.
1130 858 1247 905 Hoc
1284 865 1451 904 autem
1500 857 1688 904 Graece
1736 857 1927 920 οὐρανὸς

175 939 354 989 dicitur
396 940 487 987 ἀπὸ
525 943 607 987 τοῦ
650 939 862 1001 ὁρᾶσθαι,
901 937 952 986 id
978 946 1051 986 est
1087 955 1116 986 a
1152 938 1382 996 videndo,
1423 954 1483 986 eo
1522 938 1658 1000 quod
1699 954 1782 986 aer
1822 953 1926 1001 per-

102 1044 154 1074 10
176 1021 373 1086 spicuus
400 1020 460 1069 sit
485 1029 533 1069 et
557 1022 622 1069 ad
647 1020 1007 1083 speculandum
1033 1019 1213 1082 purior.

313 1105 396 1151 DE
420 1117 695 1152 SPHAERAE
721 1116 997 1151 CAELEs‘rls
1023 1116 1151 1152 srTV.
1225 1103 1440 1165 Sphaera
1472 1103 1594 1150 caeli
1629 1111 1701 1151 est
1735 1101 1923 1165 species
1945 1105 2116 1145 XXXII

175 1186 420 1248 quaedam
468 1186 519 1233 in
567 1186 783 1234 rotundo
831 1186 1055 1244 formata,
1104 1183 1242 1232 cuius
1292 1193 1517 1232 centrum
1566 1193 1690 1232 terra
1746 1194 1818 1233 est
1866 1201 1925 1233 ex

174 1267 407 1316 omnibus
443 1266 664 1331 partibus
699 1266 968 1330 aequaliter
1009 1268 1259 1315 conclusa.
1333 1267 1483 1314 Hanc
1531 1267 1789 1330 sphaeram
1833 1283 1926 1315 nec

176 1348 472 1413 principium
510 1350 692 1399 habere
726 1349 899 1398 dicunt
933 1365 1025 1397 nec
1059 1348 1340 1407 terminum,
1366 1348 1481 1398 ideo
1507 1350 1645 1412 quod
1679 1351 1728 1397 in
1762 1358 1926 1397 rotun-

103 1454 152 1496 15
177 1432 315 1493 dum,
352 1433 492 1494 quasi
530 1433 758 1491 circulus,
790 1432 925 1479 unde
958 1430 1161 1494 incipiat
1185 1432 1261 1480 vel
1295 1431 1380 1479 ubi
1417 1432 1611 1480 desinat
1647 1448 1750 1479 non
1782 1431 1925 1479 facile

176 1515 621 1577 conprehendatur.
696 1513 988 1576 Philosophi
1020 1522 1187 1562 autern
1227 1512 1402 1562 mundi
1435 1521 1624 1576 septem
1659 1514 1836 1573 caelos,
1873 1514 1923 1561 id
1950 1527 1979 1561 2

175 1606 247 1647 est
285 1598 524 1660 planetas,
553 1596 814 1659 globorum
852 1611 1076 1644 consono
1111 1603 1249 1644 motu
1288 1596 1675 1655 introduxerunt,
1712 1611 1923 1658 quorum

174 1679 378 1728 orbibus
414 1694 601 1727 conexa
638 1672 916 1726 memorant‘
950 1678 1137 1738 omnia,
1173 1693 1298 1740 quos
1335 1676 1428 1725 sibi
1464 1676 1670 1725 innexos
1707 1686 1755 1726 et
1792 1678 1925 1726 velut

175 1761 384 1810 insertos
432 1759 611 1809 versari
670 1768 813 1819 retro,
865 1768 912 1808 et
963 1757 1032 1825 [e]
1082 1757 1327 1807 contrario
1384 1760 1557 1808 ceteris
1616 1767 1755 1807 motu
1814 1757 1925 1807 ferri

103 1867 152 1894 20
174 1842 483 1892 arbitrantur.

312 1927 395 1973 DE
432 1938 663 1972 EIVSDEM
701 1937 976 1971 SPHAERAE
1014 1937 1173 1972 MOTV.
1246 1924 1492 1986 Sphaerae
1525 1931 1687 1971 motus
1725 1923 1923 1971 duobus
1947 1927 2142 1967 XXXIII

175 2006 346 2055 axibus
372 2005 596 2065 volvitur,
625 2022 837 2068 quorum
863 2022 990 2053 unus
1018 2014 1090 2053 est
1111 2003 1524 2067 septentrionalis,
1540 2003 1624 2067 qui
1651 2020 1923 2067 numquam

175 2087 372 2148 occidit,
407 2088 781 2150 appellaturque
816 2089 1037 2146 Boreus;
1083 2088 1204 2134 alter
1233 2086 1487 2144 Australis,
1528 2087 1612 2148 qui
1650 2102 1923 2149 numquam

175 2169 385 2230 videtur,
427 2178 475 2218 et
513 2167 866 2217 Austronotius
909 2166 1102 2216 dicitur.
1176 2167 1272 2215 His
1321 2167 1517 2216 duobus
1566 2167 1689 2231 polis
1738 2166 1923 2216 moveri
1950 2183 1980 2217 2

177 2253 433 2314 sphaeram
472 2250 594 2299 caeli
629 2249 813 2309 dicunt,
843 2258 891 2299 et
927 2265 1041 2297 cum
1068 2257 1205 2298 motu
1239 2248 1343 2297 eius
1381 2248 1540 2297 sidera
1565 2250 1615 2297 in
1647 2266 1704 2298 ea
1738 2250 1831 2296 fixa
1859 2249 1924 2296 ab

175 2332 363 2381 oriente
387 2349 545 2395 usque
570 2333 634 2381 ad
655 2330 968 2380 occidentem
994 2330 1214 2392 circuire,
1234 2330 1652 2394 septentrionibus
1679 2330 1924 2379 breviores

172 2432 313 2479 gyros
340 2417 473 2473 iuxta
497 2414 749 2464 cardinem
774 2412 1136 2478 peragentibus.

102 2289 148 2328 ²5

231 2559 248 2584 1
282 2551 324 2584 et
339 2558 422 2584 om.
440 2544 621 2583 KPln'll.
644 2546 743 2593 1831
766 2545 869 2593 (non
882 2543 946 2591 A)
1078 2556 1102 2580 2
1134 2555 1233 2592 pars
1248 2543 1393 2582 ultima
1410 2541 1591 2581 KPhill.
1614 2542 1715 2591 1831
1737 2542 1841 2593 (non
1857 2542 1922 2592 A)

173 2614 198 2648 4
228 2613 320 2639 voc.
345 2630 354 2639 .
377 2629 387 2640 .
411 2630 421 2640 .
446 2600 560 2650 quod
580 2612 663 2639 om.
684 2599 730 2637 K
746 2599 868 2638 Phill.
897 2599 996 2646 1831
1021 2598 1125 2650 (non
1147 2597 1211 2650 A)
1368 2608 1392 2646 5
1423 2597 1496 2648 eo]
1520 2603 1562 2636 et
1590 2596 1627 2635 T
1771 2599 1797 2635 6
1827 2610 1922 2635 eum

173 2669 255 2694 om.
279 2655 325 2693 K
340 2654 466 2695 Phill.
493 2656 591 2704 1831
620 2654 721 2706 (non
741 2654 805 2705 A)
934 2652 1175 2691 nominibus
1196 2652 1238 2689 A
1365 2657 1407 2690 et
1426 2651 1603 2701 inplevit
1624 2665 1707 2690 om.
1731 2651 1777 2689 K
1793 2651 1916 2691 Phill.

178 2711 277 2759 1831
299 2723 308 2748 ε
338 2714 381 2748 et
400 2722 483 2750 om.
506 2710 547 2748 A
764 2721 785 2757 7
818 2708 918 2747 501ἰ5
947 2707 1024 2746 ΤΚ
1040 2707 1165 2747 ΡΙιιἸΙ.
1193 2707 1293 2757 1831
1321 2707 1424 2758 (non
1445 2707 1510 2757 A)
1650 2706 1741 2745 scil.
1767 2706 1852 2745 lun.
1875 2705 1917 2742 A

172 2766 198 2803 8
229 2765 297 2803 hic
318 2763 451 2802 ABT
579 2777 606 2814 9
636 2777 660 2803 a
682 2777 763 2803 om.
787 2763 834 2802 K
853 2764 955 2815 (non
980 2762 1039 2813 A)
1152 2761 1226 2814 eo]
1250 2767 1292 2800 et
1310 2761 1351 2800 B
1372 2765 1478 2816 (non
1499 2760 1564 2813 A)
1677 2773 1818 2810 persp.
1844 2759 1919 2811 sit]

174 2819 428 2869 praescussit
446 2818 488 2857 A
667 2831 715 2868 14
745 2818 864 2869 ideo]
887 2818 929 2856 id
951 2824 1017 2856 est
1039 2816 1074 2856 C
1093 2817 1198 2869 (non
1219 2816 1281 2868 A)
1420 2816 1529 2865 quod
1551 2829 1632 2855 om.
1654 2815 1711 2853 Β1
1733 2815 1836 2865 <non
1856 2813 1918 2865 A)

177 2885 225 2923 15
256 2875 372 2923 quasi
395 2903 406 2914 .
433 2904 441 2913 .
471 2903 481 2913 .
503 2873 676 2924 incipiat
697 2886 781 2914 om.
800 2873 840 2910 A
958 2874 1007 2910 16
1036 2871 1428 2920 conpraehenditur
1447 2870 1488 2908 B
1509 2871 1611 2922 <non
1632 2869 1696 2915 A)
1780 2874 1920 2908 autem

173 2941 258 2968 om.
273 2928 319 2967 K
331 2931 434 2978 (non
447 2927 512 2980 A)
628 2941 674 2977 17
695 2927 808 2977 glob.
826 2956 835 2968 .
851 2958 860 2968 .
874 2956 884 2968 .
904 2927 1081 2978 introd.]
1097 2927 1298 2965 dixerunt
1315 2926 1357 2963 A
1478 2926 1526 2963 18
1549 2929 1868 2964 conmemorant
1890 2923 1927 2962 T

174 2996 280 3032 quae
310 2983 366 3022 ibi
395 2983 555 3021 innexa
584 2983 651 3021 vel
682 2983 842 3022 inserta
871 2982 917 3020 K
945 2985 1046 3032 (non
1067 2980 1125 3027 A)
1303 2993 1353 3030 19
1382 2995 1406 3019 e
1433 2993 1514 3020 om.
1538 2978 1687 3016 ACK:
1721 2978 1814 3016 hab.
1840 2977 1927 3017 BT

174 3038 301 3077 certis
319 3037 356 3075 T
442 3042 578 3076 motus
593 3035 731 3075 ABC1
748 3051 757 3076 ε
787 3037 971 3077 motibus
986 3036 1030 3075 K
1039 3035 1077 3074 T
1181 3048 1232 3086 23
1263 3035 1415 3075 occidit
1435 3065 1445 3074 .
1469 3064 1479 3074 .
1504 3064 1513 3073 .
1535 3045 1761 3082 numquam
1775 3046 1858 3072 om.
1876 3032 1918 3070 A

173 3105 270 3142 app.
288 3091 386 3132 Bor.
401 3106 487 3132 om.
503 3092 548 3130 K
556 3092 682 3132 Phill.
703 3094 802 3141 1831
918 3103 969 3141 25
994 3097 1204 3131 commotu
1221 3090 1304 3130 ΒΑ
1325 3104 1334 3129 1
1361 3091 1414 3130 ob
1429 3094 1543 3128 motu
1557 3087 1603 3126 K
1710 3089 1763 3126 26
1789 3099 1920 3136 usque

173 3146 399 3186 occidente
419 3147 465 3186 K
481 3145 584 3198 (non
603 3147 644 3185 A
652 3149 687 3198 )'
