2176 3424
385 138 1015 187 ETYMOLOGIARVM
1056 139 1184 194 LIB,
1224 139 1361 185 XVI.
1402 136 1480 195 xii,
1506 135 1586 184 xiii

115 275 341 328 temptor,
367 265 557 315 hircino
581 266 821 330 rumpitur
839 266 1074 329 sanguine
1090 266 1274 315 recenti
1300 275 1348 315 et
1373 265 1536 315 calido
1562 275 1849 325 maceratus,

112 346 282 410 sicque
307 347 471 396 multis
497 347 675 396 ictibus
701 347 810 396 ferri
837 347 1175 411 perfrangitur.
1248 346 1404 398 Cuius
1435 349 1709 411 fragmenta
1733 348 1855 396 scul-

113 438 278 492 ptores
302 446 390 493 pro
422 428 630 492 gemmis
667 428 989 492 insigniendis
1019 427 1424 492 perforandisque
1461 437 1678 477 utuntur.
1754 428 1855 477 Hic
1878 441 1910 488 3

112 520 276 560 autern
303 511 508 559 dissidet
533 528 647 560 cum
674 519 900 573 magnete
934 509 1097 574 lapide
1122 509 1173 558 in
1198 518 1390 559 tantum
1425 520 1478 558 ut
1510 511 1643 558 iuxta
1667 511 1856 573 positus

68 607 89 645 5
112 592 291 640 ferrum
317 609 419 640 non
443 591 654 655 patiatur
677 591 894 641 abstrahi
920 601 1213 655 magnetem,
1232 601 1316 641 aut
1337 591 1376 640 si
1395 593 1627 641 admotus
1653 608 1856 655 magnes

111 674 539 738 conprehenderit,
566 676 720 739 rapiat
743 682 894 737 atque
919 675 1120 723 auferat.
1195 676 1366 723 Fertur
1385 691 1587 738 quoque
1613 673 1663 722 in
1689 674 1858 724 electri

113 754 433 805 similitudine
458 772 648 804 venena
673 757 1058 819 deprehendere,
1079 764 1239 805 metus
1265 772 1418 804 vanos
1435 757 1691 819 expellere,
1714 758 1859 804 male-

114 836 217 885 ficis
242 836 463 887 resistere
487 836 686 886 artibus.
762 839 958 886 Genera
983 837 1087 886 eius
1108 854 1206 886 sex.
1279 837 1533 888 Chalazias
1558 839 1856 901 grandinum
1879 853 1912 900 4

114 929 161 967 et
200 920 466 968 candorem
502 928 551 967 et
585 920 788 983 figuram
826 919 1174 969 adamantinae
1210 918 1418 968 duritiae
1454 920 1620 968 habet.
1691 919 1856 968 Etiam

42 1019 91 1047 10
113 999 162 1047 in
188 1000 324 1064 ignes
349 999 509 1063 posita
533 1017 732 1049 manere
758 1017 902 1049 suum
929 1000 1090 1064 frigus.
1165 1000 1525 1050 Cerauniorum
1551 1002 1654 1050 duo
1679 1018 1858 1065 genera
1879 1017 1909 1066 5

113 1090 238 1131 sunt.
313 1084 494 1140 Vnum,
523 1083 660 1145 quod
680 1084 947 1131 Germania
973 1081 1134 1142 mittit,
1156 1081 1420 1145 crystallini
1437 1082 1609 1142 simile,
1629 1084 1858 1147 splendet

113 1174 279 1212 tamen
311 1166 550 1223 caeruleo,
586 1173 635 1213 et
672 1165 711 1211 si
747 1164 838 1213 sub
870 1164 985 1212 divo
1023 1163 1238 1226 positum
1271 1163 1428 1223 fuerit,
1457 1165 1696 1227 fulgorem
1733 1165 1858 1227 rapit

113 1245 342 1295 siderum.
416 1245 718 1296 Ceraunium
749 1247 957 1295 alterum
992 1244 1236 1308 Hispania
1266 1245 1317 1293 in
1353 1244 1600 1294 Lusitanis
1632 1245 1856 1296 litoribus

111 1326 277 1390 gignit,
305 1325 385 1375 cui
422 1329 555 1375 color
581 1343 606 1375 e
633 1343 821 1390 pyropo
855 1326 1063 1386 rubenti,
1092 1336 1140 1375 et
1165 1326 1373 1390 qualitas
1409 1336 1462 1376 ut
1498 1326 1637 1390 ignis.
1713 1331 1858 1377 Haec

41 1432 87 1474 15
113 1409 346 1458 adversus
388 1408 487 1457 vim
526 1410 771 1471 fulgurum
811 1407 1037 1472 opitulari
1076 1410 1239 1469 fertur,
1287 1409 1325 1457 si
1373 1408 1636 1458 credimus.
1710 1409 1858 1460 Dicta

110 1499 276 1539 autem
314 1489 543 1538 ceraunia
579 1489 815 1553 quoniam
855 1489 971 1539 alibi
1009 1507 1111 1540 non
1148 1490 1424 1539 inveniatur
1466 1507 1615 1553 quam
1655 1490 1705 1540 in
1744 1493 1855 1541 loco

111 1570 315 1620 fulmine
356 1571 454 1620 icto
493 1570 747 1634 proximo3
799 1573 988 1620 Graece
1028 1571 1160 1620 enim
1195 1574 1383 1621 fulmen
1419 1574 1632 1636 κεραυνὸς
1661 1572 1852 1622 dicitur.

113 1652 203 1701 Iris
238 1654 372 1716 apud
397 1653 635 1702 Arabiam
670 1653 720 1700 in
752 1653 872 1700 mari
899 1653 1074 1702 Rubro
1104 1653 1334 1713 nascitur,
1363 1653 1541 1703 coloris
1575 1654 1853 1718 crystallini,
1879 1670 1915 1718 6

112 1735 437 1797 sexangulata,
466 1736 599 1783 dicta
623 1751 682 1783 ex
706 1744 997 1797 argumento
1023 1734 1117 1783 iris.
1193 1737 1324 1784 Nam
1350 1736 1443 1785 sub
1469 1745 1602 1786 tecto
1627 1753 1858 1800 percussa

40 1837 90 1864 20
111 1817 214 1864 sole
239 1815 427 1879 species
453 1825 500 1865 et
524 1817 712 1864 colores
743 1832 884 1864 arcus
919 1815 1142 1865 caelestis
1169 1815 1219 1864 in
1245 1817 1494 1880 proximos
1520 1818 1728 1882 parietes
1755 1819 1858 1867 imi-

110 1905 250 1945 tatur.
323 1896 524 1945 Astrion
548 1914 607 1946 ex
624 1896 770 1946 India
794 1906 881 1957 est,
899 1899 1126 1960 crystallo
1144 1898 1438 1963 propinqua,
1463 1901 1513 1948 in
1530 1902 1669 1950 cuius
1686 1910 1856 1951 centro
1878 1918 1908 1968 7

109 1979 248 2027 stella
272 1979 403 2027 lucet
426 1980 613 2042 fulgore
637 1980 782 2027 lunae
810 1980 998 2041 plenae.
1071 1979 1290 2043 Sumpsit
1315 1990 1482 2031 autem
1508 1999 1692 2032 nomen
1719 1985 1855 2046 quod

108 2059 247 2108 astris
281 2059 508 2123 opposita
542 2061 779 2124 fulgorem
817 2062 941 2124 rapit
972 2078 1030 2109 ac
1063 2061 1249 2125 regerit.
1335 2063 1564 2125 Electria,
1588 2064 1730 2128 quasi
1761 2066 1855 2115 ale·
1878 2074 1908 2119 8

168 2204 184 2228 1
219 2194 449 2229 maceratus
469 2194 515 2228 ut
532 2189 614 2230 vid.
645 2190 702 2229 T:
733 2197 820 2229 -tur
839 2189 960 2229 BCK
1101 2205 1125 2229 2
1154 2191 1320 2244 multis]
1343 2193 1508 2243 magnis
1527 2193 1573 2231 K
1718 2208 1743 2244 3
1773 2208 1850 2245 pro

108 2258 189 2283 om.
213 2243 259 2281 K
436 2245 711 2295 forandisque
731 2245 778 2284 K
796 2259 805 2284 :
835 2245 1118 2296 forambisque
1140 2247 1186 2284 N
1362 2248 1444 2286 Hic
1465 2279 1473 2287 .
1497 2279 1505 2288 .
1525 2280 1533 2289 .
1555 2249 1742 2288 abstrahi
1764 2264 1848 2290 om.

107 2299 154 2338 K
172 2299 276 2351 (non
296 2299 358 2350 N)
578 2313 602 2349 4
630 2300 797 2338 desidet
814 2298 884 2340 N.:
914 2300 1069 2340 insidet
1094 2301 1158 2340 U:
1188 2301 1400 2341 discordat
1426 2302 1478 2340 Τ2
1640 2310 1685 2342 ut
1705 2317 1788 2344 om.
1819 2304 1848 2343 1

109 2354 211 2404 (non
237 2351 294 2402 U)
459 2366 483 2403 5
514 2354 621 2405 non]
642 2367 797 2393 nomen
824 2353 980 2405 T(non
1006 2354 1060 2406 U>
1200 2357 1405 2396 abstrahit
1423 2358 1470 2395 N
1604 2365 1848 2408 magnetem

95 2408 200 2457 fort.
225 2407 405 2448 delend.:
438 2409 611 2458 magniti
630 2409 677 2447 K
695 2424 703 2448 :
732 2423 756 2448 a
778 2416 974 2459 magnete
996 2409 1033 2448 C
1191 2412 1218 2448 6
1246 2413 1559 2462 compraederit
1582 2412 1617 2452 C
1635 2427 1643 2451 :
1672 2427 1848 2462 conpre-

107 2463 305 2502 hederint
325 2461 371 2500 K
558 2463 666 2514 rapit
685 2461 773 2502 ΒΚ
974 2465 1126 2504 auserit
1146 2463 1192 2502 K
1440 2480 1461 2516 7
1491 2467 1711 2507 maleficiis
1731 2468 1811 2507 BC
1815 2469 1852 2508 T

106 2518 132 2555 8
161 2523 237 2556 art.
262 2530 343 2558 res.
367 2516 403 2556 C
525 2518 684 2557 Calatia
706 2518 798 2557 CT:
830 2518 995 2558 Galatia
1014 2518 1102 2556 ΒΚ
1116 2534 1124 2558 :
1155 2519 1365 2560 Galatiam
1383 2520 1431 2559 N
1575 2535 1602 2572 9
1631 2522 1790 2573 frigora
1808 2524 1851 2563 K

106 2571 363 2611 adamantini
384 2570 472 2609 ΒΚ
489 2586 498 2611 :
526 2573 737 2612 adamanti
765 2573 802 2611 T
1017 2586 1066 2612 10
1095 2574 1135 2613 in
1158 2588 1239 2614 om.
1261 2573 1308 2612 K
1483 2577 1582 2627 igne
1602 2576 1644 2615 B
1658 2593 1666 2618 :
1697 2578 1784 2628 igni
1805 2577 1852 2617 K

106 2627 289 2676 positum
309 2625 376 2665 K:
407 2628 568 2677 positus
587 2627 630 2664 Β
746 2628 1054 2667 Cerauniorum
1075 2641 1122 2667 ex
1143 2629 1398 2669 Ceraunium
1420 2629 1466 2668 K
1644 2645 1687 2670 11
1721 2646 1846 2682 quem

105 2679 186 2719 BC
190 2681 226 2719 T
367 2681 538 2720 cristalli
563 2681 602 2720 T
740 2683 921 2722 similem
940 2681 1020 2721 BC
1024 2683 1061 2721 T
1076 2683 1145 2735 (ex
1164 2697 1262 2724 corr.
1278 2685 1314 2736 2>
1468 2698 1518 2725 12
1548 2687 1710 2737 positus
1729 2687 1810 2727 BC
1815 2687 1853 2727 T

107 2735 220 2785 capit
239 2735 310 2774 K:
339 2736 476 2774 reddit
496 2735 537 2773 Β
682 2749 729 2786 13
759 2737 970 2776 sidereum
992 2736 1082 2774 ΒΚ
1218 2738 1429 2779 lusitaniis
1449 2739 1538 2778 ΒΚ
1674 2753 1722 2791 14
1752 2755 1844 2780 curn

107 2790 186 2830 col.
206 2788 296 2827 ΒΚ
312 2804 322 2829 z
354 2790 554 2829 concolor
576 2790 611 2829 C
789 2805 814 2831 e
832 2805 914 2832 om.
939 2791 1018 2831 CK
1023 2791 1060 2829 T
1224 2795 1393 2844 purenti
1417 2794 1466 2834 Cl
1640 2802 1681 2834 et
1702 2810 1786 2837 om.
1815 2795 1853 2835 T

110 2855 158 2893 15
188 2843 399 2894 fulgorum
437 2843 539 2885 BT:
590 2844 796 2894 fulgorem
837 2845 886 2886 C1
1065 2849 1115 2887 16
1143 2848 1363 2900 quoniam]
1403 2850 1516 2899 quod
1554 2848 1600 2888 K
1615 2864 1623 2888 :
1670 2851 1769 2901 quia
1805 2851 1848 2890 Β

109 2898 319 2939 invenitur
338 2897 379 2941 T,
583 2912 629 2948 17
659 2899 902 2940 fulminisK
1080 2902 1166 2942 ictu
1181 2901 1271 2940 ΒΚ
1448 2905 1497 2944 ic.
1516 2932 1527 2943 .
1549 2935 1558 2944 .
1580 2933 1590 2944 .
1614 2905 1685 2945 sul.
1705 2918 1786 2945 om.
1814 2905 1852 2944 T

109 2953 253 2993 dicunt
279 2953 317 2992 T
452 2954 501 2993 18
529 2954 767 2994 cristallinis
787 2968 942 3005 exang.
963 2954 1050 2995 BT
1185 2969 1234 3007 19
1263 2962 1376 2997 tectu
1396 2956 1485 2997 ΒΚ
1611 2972 1665 2998 20
1693 2961 1846 3001 emittit

108 3008 233 3048 Arev.
400 3021 450 3047 22
480 3008 608 3057 pleno
629 3008 738 3049 Plin.
761 3008 818 3049 N.
841 3010 898 3050 H.
921 3022 986 3060 37,
1004 3023 1080 3059 132
1250 3025 1302 3062 23
1332 3013 1442 3062 regit
1468 3011 1568 3052 TD:
1599 3014 1754 3055 retinet
1775 3013 1821 3054 K
1837 3030 1846 3055 z

108 3062 279 3101 remittit
301 3063 336 3102 C
468 3062 655 3102 Alectria
677 3064 799 3104 Arev.
913 3065 1115 3104 electoria
1135 3065 1245 3106 codd.

931 3144 1016 3178 02
