2176 3424
384 136 1013 185 ETYMOLOGIARVM
1055 139 1183 184 LIB.
1223 139 1390 184 XVII.
1431 137 1531 184 i—iii

81 276 234 315 terrae
258 269 497 315 culturam
524 268 836 326 exercebant,r
851 275 1116 329 antequam
1137 267 1247 316 ferri
1266 266 1436 316 fuisset
1456 285 1572 316 usus
1593 279 1824 332 repertus.

84 349 278 411 Duplex
303 357 375 397 est
411 357 577 397 autem
603 350 786 398 aratio:
829 350 1036 397 vernalis
1063 358 1110 397 et
1135 350 1446 398 autumnalis.
1522 351 1828 400 Intermissio

81 438 166 488 est,
206 446 304 492 qua
337 428 533 478 alternis
569 429 710 477 annis
747 446 928 478 vacuus
965 446 1078 493 ager
1119 429 1242 480 vires
1278 430 1463 494 recipit.
1534 432 1830 481 Stercoratio
1854 444 1884 490 3

81 519 153 559 est
203 510 475 560 laetaminis
522 510 789 573 adsparsio.
863 512 1058 560 Stercus
1105 522 1270 561 autern
1318 522 1548 562 vocaturn
1591 515 1668 563 vel
1717 515 1831 577 quia

33 610 54 650 5
81 591 307 640 sternitur
339 591 389 639 in
423 591 561 655 agris,
597 594 673 641 vel
706 592 822 656 quia
854 593 1035 657 extergi
1069 603 1292 657 oporteat
1326 596 1462 657 quod
1497 595 1753 645 sordidum
1779 596 1830 645 in

80 673 274 723 civitate
305 676 549 724 redundat
582 672 717 740 [sive,
745 677 882 738 quod
918 675 1077 724 verius
1116 686 1202 736 est,
1229 677 1293 725 ab
1319 678 1486 726 Sterce
1516 677 1600 740 qui
1626 686 1673 727 et
1707 679 1831 727 Ster-

80 757 219 804 culus
256 753 452 822 dictus].
527 758 669 804 Idem
707 766 755 805 et
791 758 935 805 fimus
973 766 1062 818 θεῖ,
1096 758 1180 821 qui
1216 775 1302 821 per
1336 776 1476 822 agros
1507 759 1692 808 iacitur.
1768 763 1833 808 Et

80 837 240 886 dictus
262 839 404 886 fimus
427 836 583 903 [quod
610 840 692 886 fiat
713 837 860 905 mus]‚
884 838 935 888 id
962 849 1033 888 est
1060 850 1244 889 stercus
1262 843 1396 904 quod
1416 843 1562 904 vulgo
1588 844 1834 891 laetamen

80 931 293 980 vocatur,
316 937 376 969 eo
402 922 537 982 quod
563 937 653 969 suo
678 920 981 969 nutrimento
999 923 1126 970 laeta
1150 922 1295 971 faciat
1314 922 1535 986 germina
1560 925 1833 987 reddatque

2 1018 57 1045 =10
78 1018 192 1049 arva
216 1000 414 1064 pinguia
439 1011 486 1050 et
512 1003 739 1051 fecunda.
814 1003 1022 1052 Occatio
1056 1013 1129 1053 est
1155 1021 1268 1052 cum
1296 1004 1463 1054 rustici
1489 1004 1679 1055 satione
1706 1007 1833 1054 facta
1854 1015 1887 1063 4

82 1083 241 1131 bubus
275 1083 487 1132 dimissis
516 1086 724 1146 grandes
760 1085 927 1148 glebas
961 1087 1176 1135 caedunt
1212 1104 1269 1135 ac
1302 1087 1548 1151 ligonibus
1574 1088 1832 1152 frangunt:

81 1174 128 1213 et
153 1164 285 1214 dicta
310 1165 500 1214 occatio
526 1165 665 1229 quasi
683 1166 984 1227 obcaecatio,
1013 1170 1147 1230 quod
1166 1169 1353 1232 operiat
1378 1169 1582 1218 semina.
1646 1171 1834 1220 Occare

81 1247 225 1310 igitur
244 1256 316 1296 est
341 1247 529 1310 operire
555 1257 679 1296 terra
713 1248 914 1309 semina,
943 1251 1064 1299 vites
1090 1253 1166 1299 vel
1199 1251 1410 1300 arbores.
1488 1252 1737 1302 Runcatio
1764 1262 1836 1301 est
1859 1259 1890 1307 5

79 1348 107 1379 a
123 1339 247 1379 terra
266 1329 442 1378 herbas
460 1332 666 1379 evellere
688 1349 700 1391 3
737 1347 851 1379 nam
871 1349 951 1380 rus
973 1341 1098 1381 terra
1117 1342 1203 1381 est.
1267 1334 1443 1383 Sulcus
1462 1351 1491 1382 a
1511 1336 1614 1383 sole
1633 1344 1836 1383 vocatus

4 1431 54 1471 ·15
82 1415 220 1476 quod
257 1412 527 1476 proscissus
565 1414 720 1461 solem
758 1413 933 1476 capiat.
1006 1417 1304 1464 Vervactum
1336 1415 1525 1465 dictum
1560 1416 1699 1479 quasi
1727 1434 1838 1466 vere

80 1503 259 1554 actum,
287 1494 338 1543 id
376 1504 449 1543 est
479 1511 629 1543 verno
663 1503 866 1543 aratum.
939 1496 1207 1545 Proscissio
1234 1507 1307 1546 est
1336 1497 1491 1547 aratio
1525 1499 1694 1561 prima,
1723 1516 1837 1547 curn

81 1578 243 1626 adhuc
277 1578 427 1626 durus
460 1594 573 1640 ager
610 1586 697 1626 est.
769 1577 903 1626 Satio
940 1579 1072 1627 dicta
1108 1581 1246 1641 quasi
1285 1580 1485 1629 seminis
1521 1582 1663 1640 actio,
1698 1581 1838 1643 quasi
1860 1579 1894 1626 6

83 1668 299 1707 satorum
336 1658 481 1708 actio.
555 1660 723 1708 Serere
752 1669 917 1708 autem
952 1669 1200 1721 vocatum,
1224 1661 1340 1724 quia
1376 1664 1471 1711 hoc
1501 1679 1675 1711 sereno
1701 1664 1838 1711 caelo

83 1742 363 1790 faciendum
391 1750 480 1803 est,
505 1757 607 1790 non
633 1758 717 1804 per
743 1740 940 1791 imbres.
1011 1742 1148 1790 Hinc
1181 1751 1254 1792 est
1279 1754 1327 1793 et
1352 1743 1475 1792 illud
1501 1743 1838 1807 Vergilianum

18 1840 60 1867 ³0
85 1823 286 1888 (Georg.
309 1842 345 1883 1,
371 1824 509 1888 299):

127 1928 130 1930 v
618 1906 797 1954 Nudus
834 1922 927 1965 ara,
968 1922 1073 1954 sere
1109 1908 1287 1955 nudus.

91 1987 270 2036 Messis
296 2004 324 2035 a
348 1989 597 2046 metendo,
626 1986 676 2035 id
710 1996 783 2035 est
818 2004 847 2034 a
871 1986 1154 2047 recidendo,
1183 1989 1327 2036 dicta.
1403 1991 1551 2052 Seges
1585 1999 1749 2039 autem
1777 1991 1840 2038 de
1861 2005 1890 2055 7

88 2068 276 2118 semine
305 2065 485 2134 [dicta]
509 2070 645 2131 quod
670 2068 889 2128 iacimus,
919 2070 1020 2117 sive
1045 2086 1073 2117 a
1098 2069 1330 2118 sectione.

222 2153 305 2198 DE
328 2165 640 2198 FRVMENTIS.
706 2149 868 2197 Prima
886 2151 1036 2199 Ceres
1057 2150 1219 2214 coepit
1240 2151 1310 2200 uti
1328 2151 1547 2216 frugibus
1565 2154 1615 2200 in
1631 2153 1838 2202 Graecia
1866 2156 1926 2195 ΙΙΙ

2 2252 59 2292 225
85 2242 132 2281 et
157 2232 340 2281 habere
366 2241 553 2295 segetes
580 2231 823 2280 translatis
849 2231 1050 2281 aliunde
1070 2232 1356 2282 seminibus.
1421 2233 1587 2283 Huius
1614 2235 1838 2284 meminit

87 2313 296 2364 Ovidius
322 2313 492 2362 dicens
519 2315 747 2378 (Metam.
768 2329 810 2377 5,
832 2314 949 2378 341)
970 2334 979 2362 :

352 2395 513 2443 Prima
550 2396 700 2445 Ceres
737 2411 867 2444 unco
904 2395 1098 2458 glebam
1137 2395 1343 2446 dimovit
1378 2407 1549 2458 aratro,

354 2475 511 2538 prima
546 2476 683 2526 dedit
721 2478 879 2539 fruges
917 2476 1249 2540 alimentaque
1286 2478 1422 2528 mitia
1457 2479 1609 2529 terris.

142 2620 166 2644 2
197 2605 310 2656 dupl.
333 2636 342 2646 .
368 2636 377 2646 .
399 2636 408 2645 .
431 2611 620 2644 autumn.
644 2618 728 2645 om.
759 2605 795 2643 T
957 2605 1038 2645 Int.
1059 2619 1143 2655 qua
1162 2606 1206 2644 D
1375 2621 1400 2658 5
1431 2608 1542 2660 ext.]
1566 2611 1697 2660 stergi
1724 2610 1765 2647 D
1786 2611 1841 2659 (et

87 2660 207 2709 Isid.)
401 2661 534 2712 quod]
558 2661 761 2710 quidquid
789 2659 826 2698 T
1060 2663 1087 2699 6
1115 2662 1203 2700 sive
1228 2692 1236 2701 .
1262 2691 1270 2700 .
1295 2692 1302 2701 .
1327 2663 1424 2703 dict.
1447 2664 1538 2703 hab.
1567 2665 1620 2704 T:
1651 2679 1731 2703 om.
1753 2665 1843 2702 DK

89 2721 256 2754 stercen
285 2714 323 2752 T
502 2728 523 2764 7
555 2715 654 2764 quia
676 2727 751 2764 per
778 2713 854 2753 TD
1038 2716 1063 2752 8
1094 2717 1207 2765 quod
1230 2716 1302 2756 fiat
1322 2730 1416 2757 mus
1435 2719 1528 2758 hab.
1560 2719 1614 2758 T:
1645 2733 1727 2758 om.
1753 2718 1843 2756 DK

88 2770 240 2819 vulgus
267 2768 305 2807 T
467 2782 516 2808 10
545 2775 611 2808 est
630 2782 712 2808 om.
736 2768 783 2806 K
929 2769 1097 2809 rusticis
1123 2770 1160 2808 T
1327 2784 1371 2810 11
1406 2774 1560 2812 cedant
1582 2774 1649 2825 <ex
1667 2775 1776 2824 -dat)
1797 2774 1840 2811 D

89 2823 311 2873 legonibus
332 2837 427 2862 corr.
449 2837 500 2862 ex
516 2824 757 2873 legionibus
784 2823 821 2861 T
1103 2837 1152 2874 13
1182 2831 1320 2865 terrae
1340 2826 1385 2865 D
1626 2828 1712 2879 vel]
1736 2836 1777 2866 et
1797 2827 1844 2866 K

92 2877 229 2918 Runc.
252 2892 277 2917 a
295 2877 341 2916 K
519 2890 566 2926 14
596 2878 696 2917 erba
723 2877 762 2916 T
903 2879 1062 2918 vellere
1082 2879 1126 2917 D
1312 2893 1360 2930 15
1390 2883 1618 2922 Veractum
1637 2882 1749 2922 codd.
1775 2884 1842 2934 (ex

91 2938 224 2971 -tuum
250 2933 302 2985 T)
459 2934 508 2971 16
534 2939 628 2972 acto
655 2933 692 2973 T
836 2933 885 2971 18
912 2940 1101 2973 saturum
1123 2933 1214 2973 DK
1315 2936 1435 2988 quia]
1453 2939 1572 2987 quasi
1592 2937 1637 2976 D
1738 2936 1840 2988 hoc]

93 2987 135 3025 in
156 2985 202 3024 K
322 3000 371 3037 19
400 2993 465 3026 est
484 2987 540 3028 ill.
570 2987 606 3026 T
722 2999 770 3025 21
803 2987 956 3027 nudius
975 3002 1012 3029 a.
1038 2989 1290 3028 serenodius
1314 2990 1357 3028 D
1484 3005 1536 3030 22
1566 2992 1778 3031 medendo
1798 2991 1844 3030 K

94 3053 147 3090 23
177 3041 287 3080 dicta
305 3041 398 3082 hab.
426 3042 483 3080 T:
513 3056 594 3081 om.
616 3041 703 3080 ΒΚ
947 3055 1000 3092 27
1033 3045 1163 3095 unco]
1183 3044 1296 3084 hunc
1320 3045 1363 3084 D
1555 3048 1751 3086 demovet
1770 3046 1816 3085 K
1831 3061 1840 3085 :

96 3095 279 3135 demovit
299 3096 342 3134 D
454 3097 505 3135 28
534 3096 666 3145 frugis
687 3095 732 3134 K
