2176 3424
869 281 1083 327 LIBER
1121 280 1195 325 IX

162 417 268 467 DE
326 412 663 482 LINGVIS‚
720 409 1135 472 GENTIBVS‚
1197 407 1509 469 REGNIS,
1566 403 1895 465 MILITIA,

522 497 853 560 CIVIBVS,
907 492 1531 546 AFFINITATIBVS

294 637 374 682 DE
402 648 607 682 L1Nov1s
634 647 886 682 GENTIVM.
962 630 1263 693 Linguarum
1284 626 1537 678 diversitas
1564 634 1728 676 exorta
1748 635 1820 674 est
1847 623 1895 672 in
1921 636 1937 674 Ι

154 716 497 766 aedificatione
534 714 674 764 turris
713 723 822 778 post
848 712 1102 762 diluvium.
1177 713 1307 760 Nam
1345 709 1629 774 priusquam
1667 706 1896 771 superbia

154 799 295 848 turris
346 798 471 846 illius
522 797 572 844 in
609 796 826 845 diversos
864 795 1113 858 signorum
1164 810 1312 842 sonos
1349 793 1619 840 humanam
1657 788 1897 838 divideret

157 880 456 939 societatem,
485 895 582 926 una
613 877 837 926 omnium
872 875 1131 924 nationum
1166 874 1331 937 lingua
1362 873 1464 933 fuit,
1494 888 1620 935 quae
1662 870 1897 919 Hebraea

112 985 132 1023 5
156 971 384 1021 vocatur3
423 977 570 1023 quam
599 959 908 1008 Patriarchae
934 968 982 1006 et
1010 958 1286 1020 Prophetae
1314 956 1384 1004 usi
1413 965 1526 1003 sunt
1547 971 1648 1002 non
1665 954 1826 1001 solum
1848 951 1897 997 in

155 1043 463 1093 sermonibus
493 1042 606 1102 suis,
634 1058 802 1090 verum
838 1041 985 1089 etiam
1017 1040 1064 1087 in
1100 1038 1269 1087 litteris
1304 1037 1468 1086 sacris.
1541 1035 1691 1085 Initio
1730 1045 1895 1083 autem

156 1135 276 1189 quot
312 1134 495 1188 gentes,
532 1133 604 1172 tot
641 1123 834 1187 linguae
873 1125 1081 1181 fuerunt,
1122 1120 1304 1170 deinde
1341 1121 1503 1183 plures
1539 1128 1710 1182 gentes
1746 1134 1894 1180 quam

154 1208 347 1271 linguae
367 1226 379 1267 3
415 1206 530 1269 quia
556 1224 613 1254 ex
640 1223 737 1253 una
762 1205 927 1268 lingua
954 1206 1137 1252 multae
1164 1213 1277 1252 sunt
1302 1212 1472 1265 gentes
1499 1210 1707 1250 exortae.
1783 1198 1895 1246 Lin-
1919 1216 1948 1250 2

151 1307 275 1354 guae
313 1299 478 1338 autem
521 1288 681 1337 dictae
723 1287 772 1335 in
807 1289 902 1336 hoc
939 1288 1050 1334 loco
1088 1302 1175 1349 pro
1206 1284 1365 1334 verbis
1400 1300 1525 1347 quae
1560 1300 1645 1346 per
1677 1281 1894 1345 linguam

83 1388 129 1416 ιο
155 1374 291 1431 fiunt,
319 1388 496 1433 genere
522 1369 784 1418 locutionis
820 1368 902 1417 illo
928 1385 1027 1431 quo
1055 1367 1092 1416 is
1120 1368 1204 1430 qui
1230 1366 1377 1415 efficit
1402 1383 1488 1430 per
1514 1365 1563 1414 id
1591 1366 1727 1428 quod
1753 1363 1896 1413 effici-

154 1463 229 1502 tur
262 1452 544 1501 nominatur
560 1471 573 1513 3
611 1451 735 1499 sicut
769 1468 823 1499 os
858 1450 956 1499 dici
990 1452 1114 1498 solet
1138 1466 1227 1512 pro
1253 1447 1427 1508 verbis,
1455 1447 1580 1496 sicut
1607 1463 1781 1495 manus
1806 1463 1895 1509 pro

154 1535 336 1584 litteris.
410 1536 530 1582 Tres
569 1543 682 1582 sunt
718 1541 885 1580 autem
923 1531 1117 1594 linguae
1155 1547 1351 1578 sacrae:
1403 1529 1652 1589 Hebraea,
1690 1529 1892 1589 Graeca,
1922 1545 1952 1591 3

157 1616 342 1676 Latina,
383 1632 508 1679 quae
545 1625 650 1664 toto
688 1615 805 1663 orbe
844 1613 1054 1662 maxime
1092 1614 1348 1661 excellunt.
1439 1610 1534 1659 His
1573 1610 1705 1659 enim
1743 1610 1896 1659 tribus

154 1698 329 1762 linguis
364 1714 507 1761 super
541 1713 737 1745 crucem
770 1694 976 1744 Domini
1008 1712 1036 1743 a
1072 1694 1229 1743 Pilato
1260 1693 1348 1742 fuit
1383 1710 1530 1741 causa
1564 1692 1667 1742 eius
1702 1692 1896 1756 scripta.

82 1795 130 1836 15
154 1781 301 1829 Vnde
332 1789 378 1828 et
412 1788 609 1842 propter
638 1777 989 1827 obscuritatem
1024 1786 1302 1825 sanctarum
1334 1775 1692 1838 Scripturarum
1722 1776 1895 1823 harum

154 1862 298 1910 trium
333 1861 608 1924 linguarum
646 1859 861 1924 cognitio
896 1859 1170 1909 necessaria
1204 1868 1291 1918 est,
1319 1867 1373 1906 ut
1405 1859 1469 1907 ad
1502 1860 1704 1906 alteram
1742 1875 1897 1906 recur—

152 1954 281 1992 ratur
331 1945 450 1992 dum
489 1943 680 2005 siquam
718 1941 1081 1991 dubitationem
1119 1940 1334 1989 nominis
1371 1942 1448 1989 vel
1485 1939 1897 2002 interpretationis

153 2043 314 2075 sermo
363 2025 506 2073 unius
555 2025 750 2088 linguae
797 2023 1040 2072 adtulerit.
1115 2025 1304 2072 Graeca
1346 2032 1511 2070 autem
1560 2022 1726 2085 lingua
1774 2021 1952 2085 inter4

156 2117 340 2156 ceteras
365 2105 586 2170 gentium
613 2105 786 2154 clarior
811 2105 1033 2154 habetur.
1108 2106 1196 2152 Est
1223 2103 1355 2152 enim
1382 2114 1430 2152 et
1457 2103 1643 2151 Latinis
1670 2114 1718 2152 et
1743 2102 1898 2152 omni-

82 2208 131 2234 20
156 2190 247 2237 bus
272 2188 449 2251 linguis
483 2187 766 2236 sonantior:
805 2187 942 2236 cuius
974 2186 1179 2234 varietas
1214 2185 1263 2233 in
1294 2185 1514 2249 quinque
1548 2185 1767 2248 partibus
1801 2186 1897 2234 dis-

155 2270 381 2320 cernitur.
470 2272 693 2331 Quarum
745 2269 901 2333 prima
952 2268 1130 2318 dicitur
1181 2269 1322 2330 κοινὴ,
1367 2268 1417 2317 id
1468 2277 1541 2317 est
1592 2267 1755 2328 mixta,
1796 2268 1896 2317 sive

155 2351 433 2401 communis
471 2369 620 2414 quam
663 2368 835 2400 omnes
874 2361 1091 2399 utuntur.
1182 2352 1413 2399 Secunda
1449 2350 1629 2410 Attica,
1669 2350 1896 2399 videlicet
1920 2361 1951 2410 5

154 2433 484 2494 Atheniensis,
528 2450 625 2497 qua
672 2433 748 2482 usi
790 2442 903 2481 sunt
946 2449 1120 2481 omnes
1157 2432 1393 2482 Graeciae
1419 2441 1657 2481 auctores.
1732 2432 1899 2480 Tertia

155 2516 352 2574 Dorica,
379 2533 527 2579 quam
558 2514 744 2563 habent
770 2514 998 2578 Aegyptii
1025 2524 1072 2562 et
1098 2514 1216 2577 Syri.
1290 2516 1479 2576 Quarta
1513 2513 1698 2574 Ionica,
1727 2513 1898 2576 quinta

82 2619 128 2659 25
155 2597 370 2658 Aeolica,
399 2604 553 2660 †quas
589 2598 808 2646 Αἰολιστὶ
837 2598 1030 2645 locutos
1060 2597 1334 2648 dixerunt.†
1406 2597 1471 2643 Et
1503 2606 1616 2644 sunt
1651 2595 1701 2643 in
1737 2596 1898 2644 obser-

208 2742 232 2778 3
263 2727 471 2766 dividerat
498 2725 607 2776 T<et
621 2725 720 2764 Isz'd.
740 2725 775 2776 2)
892 2739 916 2774 4
947 2726 1122 2764 natione
1143 2725 1187 2762 K
1308 2727 1334 2764 6
1364 2725 1508 2777 initio]
1532 2726 1605 2764 itio
1627 2727 1675 2765 C1
1791 2739 1811 2775 7
1840 2727 1895 2766 su.

155 2788 232 2823 tot.
254 2783 324 2821 lin.
349 2781 395 2819 K
413 2782 517 2834 (non
536 2780 598 2833 A)
729 2793 755 2829 9
783 2781 913 2832 quae]
932 2781 1029 2830 quia
1052 2780 1086 2819 C
1196 2792 1244 2818 10
1264 2780 1336 2819 illo
1356 2793 1437 2830 quo
1455 2810 1464 2819 .
1489 2810 1497 2819 .
1514 2811 1523 2820 .
1541 2794 1618 2830 pro
1638 2780 1790 2819 litteris
1811 2795 1895 2821 om.

156 2836 200 2875 K
220 2838 323 2890 (non
343 2836 405 2888 A)
503 2849 580 2886 per
595 2835 696 2874 illud
712 2835 752 2873 Β
771 2849 780 2873 z
801 2848 878 2885 pro
894 2848 944 2874 eo
960 2835 1156 2874 Schwarz
1271 2837 1319 2873 16
1339 2842 1383 2874 ut
1404 2835 1476 2873 alt.
1500 2835 1534 2874 C
1538 2835 1550 2859 ¹
1563 2835 1600 2874 T
1709 2847 1753 2883 17
1776 2835 1896 2886 dum]

157 2897 241 2930 tum
263 2891 354 2930 dett.
456 2890 576 2940 siqua
595 2890 636 2928 Β
733 2891 781 2927 18
803 2890 933 2941 inter]
955 2890 997 2928 in
1019 2888 1064 2927 K
1082 2890 1184 2939 (non
1205 2889 1270 2938 A)
1360 2902 1408 2939 19
1429 2903 1495 2929 en.
1521 2891 1590 2929 lat.
1623 2889 1660 2928 T
1750 2903 1804 2928 20
1824 2891 1895 2928 de-

158 2946 344 2985 cernitur
371 2944 407 2983 T
540 2958 588 2983 21
619 2942 749 2995 κοινή]
774 2946 961 2983 coenedo
984 2945 1194 2997 (ceonedo
1219 2943 1273 2994 C)
1296 2944 1411 2983 codd.
1569 2957 1619 2992 24
1651 2957 1775 2993 quem
1796 2945 1891 2984 hab.

157 2999 240 3038 BT
343 2999 463 3050 Syri]
486 2999 595 3049 phiri
620 2999 670 3038 Cl
690 3013 698 3037 :
730 2998 859 3038 Siculi
879 2999 1007 3040 Arev.
1147 3011 1198 3047 25
1229 3011 1334 3047 quas
1353 2999 1490 3038 eolisti
1510 2998 1675 3037 locutos
1697 2999 1896 3038 dixerunt

157 3053 317 3093 BC1T:
346 3067 428 3104 qua
449 3067 494 3092 se
516 3053 687 3093 colistas
708 3053 832 3093 locuti
856 3055 971 3104 (corr.
994 3054 1035 3106 ο)
1059 3067 1078 3092 s
1095 3054 1134 3093 d.
1150 3052 1196 3090 K
1213 3053 1244 3104 <3
1259 3053 1386 3093 locuti
1408 3053 1483 3103 Kl‚
1504 3059 1587 3092 -tos
1608 3051 1686 3104 K2)
1791 3055 1891 3103 sort.

156 3108 277 3148 Ἰαστί
297 3114 340 3147 et
361 3107 542 3148 Αἷολιστί
