<?xml version="1.0" encoding="UTF-8"?>
<!DOCTYPE html PUBLIC "-//W3C//DTD XHTML 1.0 Transitional//EN"
    "http://www.w3.org/TR/xhtml1/DTD/xhtml1-transitional.dtd">
<html xmlns="http://www.w3.org/1999/xhtml" xml:lang="en" lang="en">
 <head>
  <title>
</title>
<meta http-equiv="Content-Type" content="text/html;charset=utf-8" />
  <meta name='ocr-system' content='tesseract 3.04.00' />
  <meta name='ocr-capabilities' content='ocr_page ocr_carea ocr_par ocr_line ocrx_word'/>
</head>
<body>
  <div class='ocr_page' id='page_1' title='image "./isidori01isiduoft/isidori01isiduoft_0462.png"; bbox 0 0 2176 3424; ppageno 0'>
   <div class='ocr_carea' id='block_1_1' title="bbox 1025 119 1295 168">
    <p class='ocr_par' dir='ltr' id='par_1_1' title="bbox 1025 119 1295 168">
     <span class='ocr_line' id='line_1_1' title="bbox 1025 119 1295 168; baseline 0.011 -4"><span class='ocrx_word' id='word_1_1' title='bbox 1025 119 1295 168; x_wconf 85' lang='lat' dir='ltr'>ISIDORI</span> 
     </span>
    </p>
   </div>
   <div class='ocr_carea' id='block_1_2' title="bbox 198 246 2108 1786">
    <p class='ocr_par' dir='ltr' id='par_1_2' title="bbox 223 246 2080 888">
     <span class='ocr_line' id='line_1_2' title="bbox 223 246 2026 314; baseline 0.008 -28"><span class='ocrx_word' id='word_1_2' title='bbox 223 260 256 306; x_wconf 88' lang='lat'><strong>9</strong></span> <span class='ocrx_word' id='word_1_3' title='bbox 283 250 430 302; x_wconf 87' lang='lat' dir='ltr'><strong>caput</strong></span> <span class='ocrx_word' id='word_1_4' title='bbox 465 252 549 290; x_wconf 87' lang='lat' dir='ltr'><strong>aut</strong></span> <span class='ocrx_word' id='word_1_5' title='bbox 587 260 695 292; x_wconf 87' lang='lat' dir='ltr'><strong>crus</strong></span> <span class='ocrx_word' id='word_1_6' title='bbox 733 246 959 294; x_wconf 88' lang='lat' dir='ltr'><strong>nascitur.</strong></span> <span class='ocrx_word' id='word_1_7' title='bbox 1033 247 1157 307; x_wconf 88' lang='lat' dir='ltr'><strong>Alia,</strong></span> <span class='ocrx_word' id='word_1_8' title='bbox 1188 265 1314 311; x_wconf 88' lang='lat' dir='ltr'><strong>quae</strong></span> <span class='ocrx_word' id='word_1_9' title='bbox 1353 249 1401 296; x_wconf 90' lang='lat' dir='ltr'><strong>in</strong></span> <span class='ocrx_word' id='word_1_10' title='bbox 1441 258 1575 311; x_wconf 88' lang='lat' dir='ltr'><strong>parte</strong></span> <span class='ocrx_word' id='word_1_11' title='bbox 1612 252 2026 314; x_wconf 83' lang='lat' dir='ltr'><strong>transfigurantur,</strong></span> 
     </span>
     <span class='ocr_line' id='line_1_3' title="bbox 283 319 2032 397; baseline 0.009 -30"><span class='ocrx_word' id='word_1_12' title='bbox 283 319 408 370; x_wconf 88' lang='lat' dir='ltr'><strong>sicut</strong></span> <span class='ocrx_word' id='word_1_13' title='bbox 435 323 518 386; x_wconf 91' lang='lat' dir='ltr'><strong>qui</strong></span> <span class='ocrx_word' id='word_1_14' title='bbox 543 325 699 375; x_wconf 92' lang='lat' dir='ltr'><strong>leonis</strong></span> <span class='ocrx_word' id='word_1_15' title='bbox 720 328 906 377; x_wconf 91' lang='lat' dir='ltr'><strong>habent</strong></span> <span class='ocrx_word' id='word_1_16' title='bbox 926 330 1114 377; x_wconf 90' lang='lat' dir='ltr'><strong>vultum</strong></span> <span class='ocrx_word' id='word_1_17' title='bbox 1135 332 1210 379; x_wconf 90' lang='lat' dir='ltr'><strong>vel</strong></span> <span class='ocrx_word' id='word_1_18' title='bbox 1237 330 1384 390; x_wconf 89' lang='lat' dir='ltr'><strong>canis,</strong></span> <span class='ocrx_word' id='word_1_19' title='bbox 1404 332 1479 380; x_wconf 93' lang='lat' dir='ltr'><strong>vel</strong></span> <span class='ocrx_word' id='word_1_20' title='bbox 1505 331 1750 381; x_wconf 87' lang='lat' dir='ltr'><strong>taurinum</strong></span> <span class='ocrx_word' id='word_1_21' title='bbox 1776 342 1924 397; x_wconf 89' lang='lat' dir='ltr'><strong>caput</strong></span> <span class='ocrx_word' id='word_1_22' title='bbox 1947 342 2032 383; x_wconf 90' lang='lat' dir='ltr'><strong>aut</strong></span> 
     </span>
     <span class='ocr_line' id='line_1_4' title="bbox 282 409 2032 478; baseline 0.007 -27"><span class='ocrx_word' id='word_1_23' title='bbox 282 419 473 467; x_wconf 89' lang='lat' dir='ltr'><strong>corpus,</strong></span> <span class='ocrx_word' id='word_1_24' title='bbox 502 416 555 455; x_wconf 92' lang='lat' dir='ltr'><strong>ut</strong></span> <span class='ocrx_word' id='word_1_25' title='bbox 581 424 638 456; x_wconf 83' lang='lat' dir='ltr'><strong>ex</strong></span> <span class='ocrx_word' id='word_1_26' title='bbox 666 409 906 473; x_wconf 73' lang='lat' dir='ltr'><strong>Pasiphae</strong></span> <span class='ocrx_word' id='word_1_27' title='bbox 933 421 1208 460; x_wconf 90' lang='lat' dir='ltr'><strong>memorant</strong></span> <span class='ocrx_word' id='word_1_28' title='bbox 1240 412 1459 476; x_wconf 88' lang='lat' dir='ltr'><strong>genitum</strong></span> <span class='ocrx_word' id='word_1_29' title='bbox 1489 412 1828 463; x_wconf 87' lang='lat' dir='ltr'><strong>Minotaurum</strong></span> <span class='ocrx_word' id='word_1_30' title='bbox 1847 433 1860 476; x_wconf 82' lang='lat'><em>3</em></span> <span class='ocrx_word' id='word_1_31' title='bbox 1897 417 2032 478; x_wconf 91' lang='lat' dir='ltr'><strong>quod</strong></span> 
     </span>
     <span class='ocr_line' id='line_1_5' title="bbox 284 487 2034 560; baseline 0.007 -27"><span class='ocrx_word' id='word_1_32' title='bbox 284 487 460 535; x_wconf 90' lang='lat' dir='ltr'><strong>Graeci</strong></span> <span class='ocrx_word' id='word_1_33' title='bbox 495 493 830 555; x_wconf 83' lang='grc' dir='ltr'>ἑτερομορφίαν</span> <span class='ocrx_word' id='word_1_34' title='bbox 865 503 1058 542; x_wconf 87' lang='lat' dir='ltr'><strong>vocant.</strong></span> <span class='ocrx_word' id='word_1_35' title='bbox 1131 493 1254 555; x_wconf 90' lang='lat' dir='ltr'><strong>Alia,</strong></span> <span class='ocrx_word' id='word_1_36' title='bbox 1284 511 1410 558; x_wconf 89' lang='lat' dir='ltr'><strong>quae</strong></span> <span class='ocrx_word' id='word_1_37' title='bbox 1447 513 1503 544; x_wconf 90' lang='lat' dir='ltr'><strong>ex</strong></span> <span class='ocrx_word' id='word_1_38' title='bbox 1540 495 1676 544; x_wconf 90' lang='lat' dir='ltr'><strong>omni</strong></span> <span class='ocrx_word' id='word_1_39' title='bbox 1712 506 1848 560; x_wconf 91' lang='lat' dir='ltr'><strong>parte</strong></span> <span class='ocrx_word' id='word_1_40' title='bbox 1885 506 2034 546; x_wconf 88' lang='lat' dir='ltr'><strong>trans-</strong></span> 
     </span>
     <span class='ocr_line' id='line_1_6' title="bbox 286 568 2080 645; baseline 0.008 -31"><span class='ocrx_word' id='word_1_41' title='bbox 286 568 553 630; x_wconf 86' lang='lat' dir='ltr'><strong>figurantur</strong></span> <span class='ocrx_word' id='word_1_42' title='bbox 571 574 622 620; x_wconf 93' lang='lat' dir='ltr'><strong>in</strong></span> <span class='ocrx_word' id='word_1_43' title='bbox 641 573 829 623; x_wconf 90' lang='lat' dir='ltr'><strong>alienae</strong></span> <span class='ocrx_word' id='word_1_44' title='bbox 848 575 1108 624; x_wconf 81' lang='lat' dir='ltr'>creationis</span> <span class='ocrx_word' id='word_1_45' title='bbox 1129 586 1427 639; x_wconf 84' lang='lat' dir='ltr'><strong>portentum,</strong></span> <span class='ocrx_word' id='word_1_46' title='bbox 1446 586 1499 626; x_wconf 90' lang='lat' dir='ltr'><strong>ut</strong></span> <span class='ocrx_word' id='word_1_47' title='bbox 1525 594 1583 626; x_wconf 93' lang='lat' dir='ltr'><strong>ex</strong></span> <span class='ocrx_word' id='word_1_48' title='bbox 1602 579 1806 627; x_wconf 91' lang='lat' dir='ltr'><strong>muliere</strong></span> <span class='ocrx_word' id='word_1_49' title='bbox 1824 578 2031 627; x_wconf 89' lang='lat' dir='ltr'><strong>vitulum</strong></span> <span class='ocrx_word' id='word_1_50' title='bbox 2058 605 2080 645; x_wconf 87' lang='lat'>5</span> 
     </span>
     <span class='ocr_line' id='line_1_7' title="bbox 283 650 2033 724; baseline 0.007 -26"><span class='ocrx_word' id='word_1_51' title='bbox 283 650 403 700; x_wconf 90' lang='lat' dir='ltr'><strong>dicit</strong></span> <span class='ocrx_word' id='word_1_52' title='bbox 429 653 630 703; x_wconf 86' lang='lat' dir='ltr'><strong>historia</strong></span> <span class='ocrx_word' id='word_1_53' title='bbox 653 667 956 719; x_wconf 88' lang='lat' dir='ltr'><strong>generatum.</strong></span> <span class='ocrx_word' id='word_1_54' title='bbox 1030 657 1155 718; x_wconf 89' lang='lat' dir='ltr'><strong>Alia,</strong></span> <span class='ocrx_word' id='word_1_55' title='bbox 1183 676 1310 722; x_wconf 89' lang='lat' dir='ltr'><strong>quae</strong></span> <span class='ocrx_word' id='word_1_56' title='bbox 1343 659 1448 708; x_wconf 87' lang='lat' dir='ltr'><strong>sine</strong></span> <span class='ocrx_word' id='word_1_57' title='bbox 1474 660 1898 724; x_wconf 88' lang='lat' dir='ltr'><strong>transfiguratione</strong></span> <span class='ocrx_word' id='word_1_58' title='bbox 1933 678 2033 710; x_wconf 90' lang='lat' dir='ltr'><strong>mu-</strong></span> 
     </span>
     <span class='ocr_line' id='line_1_8' title="bbox 285 733 2028 805; baseline 0.006 -24"><span class='ocrx_word' id='word_1_59' title='bbox 285 733 521 784; x_wconf 82' lang='lat' dir='ltr'>tationem</span> <span class='ocrx_word' id='word_1_60' title='bbox 552 737 738 786; x_wconf 90' lang='lat' dir='ltr'><strong>habent</strong></span> <span class='ocrx_word' id='word_1_61' title='bbox 774 741 1010 800; x_wconf 89' lang='lat' dir='ltr'><strong>locorum,</strong></span> <span class='ocrx_word' id='word_1_62' title='bbox 1039 749 1091 788; x_wconf 93' lang='lat' dir='ltr'><strong>ut</strong></span> <span class='ocrx_word' id='word_1_63' title='bbox 1127 742 1298 790; x_wconf 90' lang='lat' dir='ltr'><strong>oculos</strong></span> <span class='ocrx_word' id='word_1_64' title='bbox 1335 741 1385 789; x_wconf 93' lang='lat' dir='ltr'><strong>in</strong></span> <span class='ocrx_word' id='word_1_65' title='bbox 1421 751 1621 805; x_wconf 81' lang='lat' dir='ltr'><strong>pectore</strong></span> <span class='ocrx_word' id='word_1_66' title='bbox 1658 744 1733 791; x_wconf 85' lang='lat' dir='ltr'><strong>vel</strong></span> <span class='ocrx_word' id='word_1_67' title='bbox 1770 742 1821 790; x_wconf 90' lang='lat' dir='ltr'><strong>in</strong></span> <span class='ocrx_word' id='word_1_68' title='bbox 1857 745 2028 802; x_wconf 89' lang='lat' dir='ltr'><strong>fronte,</strong></span> 
     </span>
     <span class='ocr_line' id='line_1_9' title="bbox 283 821 2031 888; baseline 0.005 -25"><span class='ocrx_word' id='word_1_69' title='bbox 283 833 423 866; x_wconf 90' lang='lat' dir='ltr'><strong>aures</strong></span> <span class='ocrx_word' id='word_1_70' title='bbox 462 835 607 882; x_wconf 88' lang='lat' dir='ltr'><strong>supra</strong></span> <span class='ocrx_word' id='word_1_71' title='bbox 643 829 891 884; x_wconf 89' lang='lat' dir='ltr'><strong>tempora:</strong></span> <span class='ocrx_word' id='word_1_72' title='bbox 942 824 1016 870; x_wconf 91' lang='lat' dir='ltr'><strong>vel</strong></span> <span class='ocrx_word' id='word_1_73' title='bbox 1057 821 1182 871; x_wconf 90' lang='lat' dir='ltr'><strong>sicut</strong></span> <span class='ocrx_word' id='word_1_74' title='bbox 1218 822 1506 874; x_wconf 90' lang='lat' dir='ltr'><strong>Aristoteles</strong></span> <span class='ocrx_word' id='word_1_75' title='bbox 1543 823 1743 873; x_wconf 80' lang='lat' dir='ltr'>tradidit</span> <span class='ocrx_word' id='word_1_76' title='bbox 1780 827 2031 888; x_wconf 85' lang='lat' dir='ltr'><strong>quendam</strong></span> 
     </span>
    </p>

    <p class='ocr_par' dir='ltr' id='par_1_3' title="bbox 198 898 2108 1383">
     <span class='ocr_line' id='line_1_10' title="bbox 198 898 2034 969; baseline 0.005 -24"><span class='ocrx_word' id='word_1_77' title='bbox 198 918 256 953; x_wconf 93' lang='lat'><strong>10</strong></span> <span class='ocrx_word' id='word_1_78' title='bbox 284 899 334 946; x_wconf 89' lang='lat' dir='ltr'><strong>in</strong></span> <span class='ocrx_word' id='word_1_79' title='bbox 361 898 552 949; x_wconf 87' lang='lat' dir='ltr'><strong>sinistra</strong></span> <span class='ocrx_word' id='word_1_80' title='bbox 585 912 722 965; x_wconf 91' lang='lat' dir='ltr'><strong>parte</strong></span> <span class='ocrx_word' id='word_1_81' title='bbox 757 904 901 962; x_wconf 86' lang='lat' dir='ltr'><strong>iecur,</strong></span> <span class='ocrx_word' id='word_1_82' title='bbox 932 903 981 951; x_wconf 90' lang='lat' dir='ltr'><strong>in</strong></span> <span class='ocrx_word' id='word_1_83' title='bbox 1015 905 1213 953; x_wconf 88' lang='lat' dir='ltr'><strong>dextera</strong></span> <span class='ocrx_word' id='word_1_84' title='bbox 1247 907 1386 969; x_wconf 82' lang='lat' dir='ltr'><strong>splen</strong></span> <span class='ocrx_word' id='word_1_85' title='bbox 1410 907 1655 955; x_wconf 88' lang='lat' dir='ltr'><strong>habuisse.</strong></span> <span class='ocrx_word' id='word_1_86' title='bbox 1726 906 1839 954; x_wconf 89' lang='lat' dir='ltr'><strong>Alia</strong></span> <span class='ocrx_word' id='word_1_87' title='bbox 1864 923 2034 955; x_wconf 87' lang='lat' dir='ltr'><strong>secun·</strong></span> 
     </span>
     <span class='ocr_line' id='line_1_11' title="bbox 284 982 2108 1052; baseline 0.005 -23"><span class='ocrx_word' id='word_1_88' title='bbox 284 982 405 1029; x_wconf 90' lang='lat' dir='ltr'><strong>dum</strong></span> <span class='ocrx_word' id='word_1_89' title='bbox 431 986 906 1045; x_wconf 78' lang='lat' dir='ltr'><strong>connaturationem,</strong></span> <span class='ocrx_word' id='word_1_90' title='bbox 927 995 981 1034; x_wconf 90' lang='lat' dir='ltr'><strong>ut</strong></span> <span class='ocrx_word' id='word_1_91' title='bbox 1006 985 1055 1034; x_wconf 93' lang='lat' dir='ltr'><strong>in</strong></span> <span class='ocrx_word' id='word_1_92' title='bbox 1082 988 1175 1035; x_wconf 88' lang='lat' dir='ltr'><strong>alia</strong></span> <span class='ocrx_word' id='word_1_93' title='bbox 1201 1004 1351 1036; x_wconf 90' lang='lat' dir='ltr'><strong>manu</strong></span> <span class='ocrx_word' id='word_1_94' title='bbox 1377 988 1514 1052; x_wconf 86' lang='lat' dir='ltr'><strong>digiti</strong></span> <span class='ocrx_word' id='word_1_95' title='bbox 1534 991 1696 1052; x_wconf 90' lang='lat' dir='ltr'><strong>plures</strong></span> <span class='ocrx_word' id='word_1_96' title='bbox 1722 989 2032 1038; x_wconf 88' lang='lat' dir='ltr'><strong>connaturati</strong></span> <span class='ocrx_word' id='word_1_97' title='bbox 2058 1011 2108 1039; x_wconf 91' lang='lat'><strong>10</strong></span> 
     </span>
     <span class='ocr_line' id='line_1_12' title="bbox 284 1066 2032 1134; baseline 0.004 -23"><span class='ocrx_word' id='word_1_98' title='bbox 284 1072 331 1111; x_wconf 91' lang='lat' dir='ltr'><strong>et</strong></span> <span class='ocrx_word' id='word_1_99' title='bbox 359 1066 679 1115; x_wconf 82' lang='lat' dir='ltr'><strong>cohaerentes</strong></span> <span class='ocrx_word' id='word_1_100' title='bbox 705 1067 1023 1131; x_wconf 89' lang='lat' dir='ltr'><strong>reperiuntur,</strong></span> <span class='ocrx_word' id='word_1_101' title='bbox 1048 1071 1095 1117; x_wconf 91' lang='lat' dir='ltr'><strong>in</strong></span> <span class='ocrx_word' id='word_1_102' title='bbox 1123 1069 1216 1118; x_wconf 91' lang='lat' dir='ltr'><strong>alia</strong></span> <span class='ocrx_word' id='word_1_103' title='bbox 1242 1071 1419 1131; x_wconf 88' lang='lat' dir='ltr'><strong>minus,</strong></span> <span class='ocrx_word' id='word_1_104' title='bbox 1443 1070 1543 1119; x_wconf 86' lang='lat' dir='ltr'><strong>sive</strong></span> <span class='ocrx_word' id='word_1_105' title='bbox 1568 1072 1618 1119; x_wconf 89' lang='lat' dir='ltr'><strong>in</strong></span> <span class='ocrx_word' id='word_1_106' title='bbox 1645 1070 1868 1134; x_wconf 76' lang='lat' dir='ltr'><strong>pedibus,</strong></span> <span class='ocrx_word' id='word_1_107' title='bbox 1919 1071 2032 1119; x_wconf 87' lang='lat' dir='ltr'><strong>Alia</strong></span> 
     </span>
     <span class='ocr_line' id='line_1_13' title="bbox 284 1148 2031 1216; baseline 0.005 -24"><span class='ocrx_word' id='word_1_108' title='bbox 284 1148 557 1195; x_wconf 86' lang='lat' dir='ltr'><strong>secundum</strong></span> <span class='ocrx_word' id='word_1_109' title='bbox 585 1148 880 1198; x_wconf 85' lang='lat' dir='ltr'><strong>inmaturam</strong></span> <span class='ocrx_word' id='word_1_110' title='bbox 907 1160 955 1199; x_wconf 89' lang='lat' dir='ltr'><strong>et</strong></span> <span class='ocrx_word' id='word_1_111' title='bbox 980 1150 1355 1215; x_wconf 87' lang='lat' dir='ltr'><strong>intemperatam</strong></span> <span class='ocrx_word' id='word_1_112' title='bbox 1383 1153 1696 1213; x_wconf 83' lang='lat' dir='ltr'><strong>creationem,</strong></span> <span class='ocrx_word' id='word_1_113' title='bbox 1721 1152 1846 1201; x_wconf 90' lang='lat' dir='ltr'><strong>sicut</strong></span> <span class='ocrx_word' id='word_1_114' title='bbox 1871 1154 1922 1201; x_wconf 93' lang='lat' dir='ltr'><strong>hi</strong></span> <span class='ocrx_word' id='word_1_115' title='bbox 1948 1153 2031 1216; x_wconf 88' lang='lat' dir='ltr'><strong>qui</strong></span> 
     </span>
     <span class='ocr_line' id='line_1_14' title="bbox 284 1228 2033 1299; baseline 0.004 -24"><span class='ocrx_word' id='word_1_116' title='bbox 284 1228 473 1277; x_wconf 85' lang='lat' dir='ltr'><strong>dentati</strong></span> <span class='ocrx_word' id='word_1_117' title='bbox 506 1241 776 1280; x_wconf 89' lang='lat' dir='ltr'><strong>nascuntur</strong></span> <span class='ocrx_word' id='word_1_118' title='bbox 810 1234 910 1282; x_wconf 88' lang='lat' dir='ltr'><strong>sive</strong></span> <span class='ocrx_word' id='word_1_119' title='bbox 945 1233 1136 1282; x_wconf 89' lang='lat' dir='ltr'><strong>barbati</strong></span> <span class='ocrx_word' id='word_1_120' title='bbox 1162 1237 1238 1283; x_wconf 87' lang='lat' dir='ltr'><strong>vel</strong></span> <span class='ocrx_word' id='word_1_121' title='bbox 1272 1235 1396 1285; x_wconf 92' lang='lat' dir='ltr'><strong>cani.</strong></span> <span class='ocrx_word' id='word_1_122' title='bbox 1470 1235 1581 1283; x_wconf 89' lang='lat' dir='ltr'><strong>Alia</strong></span> <span class='ocrx_word' id='word_1_123' title='bbox 1614 1237 1857 1298; x_wconf 89' lang='lat' dir='ltr'><strong>conplexu</strong></span> <span class='ocrx_word' id='word_1_124' title='bbox 1890 1234 2033 1299; x_wconf 91' lang='lat' dir='ltr'><strong>pluri-</strong></span> 
     </span>
     <span class='ocr_line' id='line_1_15' title="bbox 284 1312 2030 1383; baseline 0.005 -27"><span class='ocrx_word' id='word_1_125' title='bbox 284 1326 474 1358; x_wconf 89' lang='lat' dir='ltr'><strong>marum</strong></span> <span class='ocrx_word' id='word_1_126' title='bbox 502 1312 899 1375; x_wconf 84' lang='lat' dir='ltr'><strong>differentiarum,</strong></span> <span class='ocrx_word' id='word_1_127' title='bbox 922 1315 1047 1364; x_wconf 88' lang='lat' dir='ltr'><strong>sicut</strong></span> <span class='ocrx_word' id='word_1_128' title='bbox 1073 1316 1194 1365; x_wconf 89' lang='lat' dir='ltr'><strong>illud</strong></span> <span class='ocrx_word' id='word_1_129' title='bbox 1211 1319 1346 1380; x_wconf 87' lang='lat' dir='ltr'><strong>quod</strong></span> <span class='ocrx_word' id='word_1_130' title='bbox 1372 1316 1701 1380; x_wconf 83' lang='lat' dir='ltr'><strong>praediximus</strong></span> <span class='ocrx_word' id='word_1_131' title='bbox 1723 1317 1766 1383; x_wconf 65' lang='grc' dir='ltr'><strong>(ξ</strong></span> <span class='ocrx_word' id='word_1_132' title='bbox 1789 1316 1838 1381; x_wconf 84' lang='grc'><strong>5)</strong></span> <span class='ocrx_word' id='word_1_133' title='bbox 1856 1318 1905 1365; x_wconf 92' lang='lat' dir='ltr'><strong>in</strong></span> <span class='ocrx_word' id='word_1_134' title='bbox 1923 1319 2030 1365; x_wconf 87' lang='lat' dir='ltr'><strong>Ale-</strong></span> 
     </span>
    </p>

    <p class='ocr_par' dir='ltr' id='par_1_4' title="bbox 214 1394 2104 1786">
     <span class='ocr_line' id='line_1_16' title="bbox 214 1394 2104 1465; baseline 0.006 -26"><span class='ocrx_word' id='word_1_135' title='bbox 214 1405 258 1439; x_wconf 93' lang='lat'><strong>11</strong></span> <span class='ocrx_word' id='word_1_136' title='bbox 286 1394 472 1442; x_wconf 86' lang='lat' dir='ltr'><strong>xandro</strong></span> <span class='ocrx_word' id='word_1_137' title='bbox 508 1395 809 1446; x_wconf 87' lang='lat' dir='ltr'><strong>multiforme</strong></span> <span class='ocrx_word' id='word_1_138' title='bbox 846 1407 1146 1460; x_wconf 86' lang='lat' dir='ltr'><strong>portentum.</strong></span> <span class='ocrx_word' id='word_1_139' title='bbox 1221 1398 1332 1447; x_wconf 87' lang='lat' dir='ltr'><strong>Alia</strong></span> <span class='ocrx_word' id='word_1_140' title='bbox 1369 1399 1706 1448; x_wconf 86' lang='lat' dir='ltr'><strong>conmixtione</strong></span> <span class='ocrx_word' id='word_1_141' title='bbox 1744 1398 1950 1463; x_wconf 87' lang='lat' dir='ltr'><strong>generis,</strong></span> <span class='ocrx_word' id='word_1_142' title='bbox 1978 1408 2031 1447; x_wconf 89' lang='lat' dir='ltr'><strong>ut</strong></span> <span class='ocrx_word' id='word_1_143' title='bbox 2059 1423 2104 1465; x_wconf 84' lang='lat'><strong>15</strong></span> 
     </span>
     <span class='ocr_line' id='line_1_17' title="bbox 285 1476 2031 1546; baseline 0.004 -23"><span class='ocrx_word' id='word_1_144' title='bbox 285 1476 554 1542; x_wconf 80' lang='grc' dir='ltr'>ἀνδρόγυνοι</span> <span class='ocrx_word' id='word_1_145' title='bbox 591 1488 637 1526; x_wconf 78' lang='lat' dir='ltr'><strong>et</strong></span> <span class='ocrx_word' id='word_1_146' title='bbox 677 1481 1010 1543; x_wconf 82' lang='grc' dir='ltr'>ἑρμαφροδῖται</span> <span class='ocrx_word' id='word_1_147' title='bbox 1046 1491 1295 1530; x_wconf 86' lang='lat' dir='ltr'><strong>vocantur.</strong></span> <span class='ocrx_word' id='word_1_148' title='bbox 1372 1483 1824 1546; x_wconf 79' lang='lat' dir='ltr'><strong>Hermaphroditae</strong></span> <span class='ocrx_word' id='word_1_149' title='bbox 1866 1490 2031 1530; x_wconf 80' lang='lat' dir='ltr'><strong>autem</strong></span> 
     </span>
     <span class='ocr_line' id='line_1_18' title="bbox 284 1561 2033 1628; baseline 0.003 -23"><span class='ocrx_word' id='word_1_150' title='bbox 284 1561 556 1622; x_wconf 89' lang='lat' dir='ltr'><strong>nuncupati</strong></span> <span class='ocrx_word' id='word_1_151' title='bbox 581 1577 641 1608; x_wconf 93' lang='lat' dir='ltr'><strong>eo</strong></span> <span class='ocrx_word' id='word_1_152' title='bbox 667 1563 802 1624; x_wconf 92' lang='lat' dir='ltr'><strong>quod</strong></span> <span class='ocrx_word' id='word_1_153' title='bbox 827 1561 896 1611; x_wconf 90' lang='lat' dir='ltr'><strong>eis</strong></span> <span class='ocrx_word' id='word_1_154' title='bbox 922 1572 1128 1626; x_wconf 91' lang='lat' dir='ltr'><strong>uterque</strong></span> <span class='ocrx_word' id='word_1_155' title='bbox 1154 1580 1295 1612; x_wconf 90' lang='lat' dir='ltr'><strong>sexus</strong></span> <span class='ocrx_word' id='word_1_156' title='bbox 1328 1574 1573 1627; x_wconf 89' lang='lat' dir='ltr'><strong>appareat.</strong></span> <span class='ocrx_word' id='word_1_157' title='bbox 1645 1564 1817 1628; x_wconf 88' lang='grc' dir='ltr'>Ἑρμῆς</span> <span class='ocrx_word' id='word_1_158' title='bbox 1849 1565 2033 1627; x_wconf 89' lang='lat' dir='ltr'><strong>quippe</strong></span> 
     </span>
     <span class='ocr_line' id='line_1_19' title="bbox 282 1642 2028 1710; baseline 0.003 -23"><span class='ocrx_word' id='word_1_159' title='bbox 282 1642 416 1703; x_wconf 89' lang='lat' dir='ltr'><strong>apud</strong></span> <span class='ocrx_word' id='word_1_160' title='bbox 459 1643 677 1692; x_wconf 87' lang='lat' dir='ltr'><strong>Graecos</strong></span> <span class='ocrx_word' id='word_1_161' title='bbox 721 1647 983 1704; x_wconf 83' lang='lat' dir='ltr'><strong>masculus,</strong></span> <span class='ocrx_word' id='word_1_162' title='bbox 1028 1645 1287 1710; x_wconf 85' lang='grc' dir='ltr'>Ἀφροδίτη</span> <span class='ocrx_word' id='word_1_163' title='bbox 1331 1646 1514 1695; x_wconf 90' lang='lat' dir='ltr'><strong>femina</strong></span> <span class='ocrx_word' id='word_1_164' title='bbox 1558 1656 1883 1710; x_wconf 86' lang='lat' dir='ltr'><strong>nuncupatur.</strong></span> <span class='ocrx_word' id='word_1_165' title='bbox 1957 1646 2028 1693; x_wconf 88' lang='lat' dir='ltr'><strong>Hi</strong></span> 
     </span>
     <span class='ocr_line' id='line_1_20' title="bbox 284 1723 2031 1786; baseline 0.003 -16"><span class='ocrx_word' id='word_1_166' title='bbox 284 1723 534 1772; x_wconf 88' lang='lat' dir='ltr'><strong>dexteram</strong></span> <span class='ocrx_word' id='word_1_167' title='bbox 569 1724 838 1774; x_wconf 89' lang='lat' dir='ltr'><strong>mamillam</strong></span> <span class='ocrx_word' id='word_1_168' title='bbox 872 1726 1075 1786; x_wconf 81' lang='lat' dir='ltr'><strong>virilem,</strong></span> <span class='ocrx_word' id='word_1_169' title='bbox 1103 1726 1347 1776; x_wconf 85' lang='lat' dir='ltr'><strong>sinistram</strong></span> <span class='ocrx_word' id='word_1_170' title='bbox 1379 1728 1670 1778; x_wconf 80' lang='lat' dir='ltr'><strong>muliebrem</strong></span> <span class='ocrx_word' id='word_1_171' title='bbox 1703 1729 1942 1777; x_wconf 88' lang='lat' dir='ltr'><strong>habentes</strong></span> <span class='ocrx_word' id='word_1_172' title='bbox 1969 1727 2031 1775; x_wconf 91' lang='lat' dir='ltr'><strong>vi-</strong></span> 
     </span>
    </p>
   </div>
   <div class='ocr_carea' id='block_1_3' title="bbox 204 1805 2165 1873">
    <p class='ocr_par' dir='ltr' id='par_1_5' title="bbox 204 1805 2165 1873">
     <span class='ocr_line' id='line_1_21' title="bbox 204 1805 2165 1873; baseline 0.003 -18"><span class='ocrx_word' id='word_1_173' title='bbox 204 1822 258 1856; x_wconf 89' lang='lat'><strong>12</strong></span> <span class='ocrx_word' id='word_1_174' title='bbox 284 1805 447 1854; x_wconf 90' lang='lat' dir='ltr'><strong>cissim</strong></span> <span class='ocrx_word' id='word_1_175' title='bbox 475 1809 706 1856; x_wconf 91' lang='lat' dir='ltr'><strong>coeundo</strong></span> <span class='ocrx_word' id='word_1_176' title='bbox 732 1818 780 1856; x_wconf 92' lang='lat' dir='ltr'><strong>et</strong></span> <span class='ocrx_word' id='word_1_177' title='bbox 804 1808 1011 1872; x_wconf 88' lang='lat' dir='ltr'><strong>gignunt</strong></span> <span class='ocrx_word' id='word_1_178' title='bbox 1037 1818 1084 1857; x_wconf 90' lang='lat' dir='ltr'><strong>et</strong></span> <span class='ocrx_word' id='word_1_179' title='bbox 1110 1809 1317 1873; x_wconf 89' lang='lat' dir='ltr'><strong>pariunt.</strong></span> <span class='ocrx_word' id='word_1_180' title='bbox 1390 1809 1526 1859; x_wconf 88' lang='lat' dir='ltr'><strong>Sicut</strong></span> <span class='ocrx_word' id='word_1_181' title='bbox 1559 1820 1724 1859; x_wconf 89' lang='lat' dir='ltr'><strong>autem</strong></span> <span class='ocrx_word' id='word_1_182' title='bbox 1751 1811 1801 1858; x_wconf 90' lang='lat' dir='ltr'><strong>in</strong></span> <span class='ocrx_word' id='word_1_183' title='bbox 1827 1808 2028 1873; x_wconf 84' lang='lat' dir='ltr'><strong>singulis</strong></span> <span class='ocrx_word' id='word_1_184' title='bbox 2054 1834 2106 1862; x_wconf 83' lang='lat'><strong>20</strong></span> <span class='ocrx_word' id='word_1_185' title='bbox 2161 1866 2165 1867; x_wconf 16' lang='lat'><em>⁷</em></span> 
     </span>
    </p>
   </div>
   <div class='ocr_carea' id='block_1_4' title="bbox 200 1887 2107 2693">
    <p class='ocr_par' dir='ltr' id='par_1_6' title="bbox 200 1887 2107 2693">
     <span class='ocr_line' id='line_1_22' title="bbox 282 1887 2032 1953; baseline 0.002 -18"><span class='ocrx_word' id='word_1_186' title='bbox 282 1887 511 1950; x_wconf 86' lang='lat' dir='ltr'><strong>gentibus</strong></span> <span class='ocrx_word' id='word_1_187' title='bbox 560 1892 805 1952; x_wconf 86' lang='lat' dir='ltr'><strong>quaedam</strong></span> <span class='ocrx_word' id='word_1_188' title='bbox 848 1900 1066 1940; x_wconf 90' lang='lat' dir='ltr'><strong>monstra</strong></span> <span class='ocrx_word' id='word_1_189' title='bbox 1114 1901 1227 1940; x_wconf 91' lang='lat' dir='ltr'><strong>sunt</strong></span> <span class='ocrx_word' id='word_1_190' title='bbox 1274 1893 1547 1953; x_wconf 90' lang='lat' dir='ltr'><strong>hominum,</strong></span> <span class='ocrx_word' id='word_1_191' title='bbox 1594 1894 1659 1941; x_wconf 91' lang='lat' dir='ltr'><strong>ita</strong></span> <span class='ocrx_word' id='word_1_192' title='bbox 1707 1892 1755 1940; x_wconf 89' lang='lat' dir='ltr'><strong>in</strong></span> <span class='ocrx_word' id='word_1_193' title='bbox 1804 1892 2032 1940; x_wconf 86' lang='lat' dir='ltr'><strong>universo</strong></span> 
     </span>
     <span class='ocr_line' id='line_1_23' title="bbox 283 1973 2027 2038; baseline 0.002 -20"><span class='ocrx_word' id='word_1_194' title='bbox 283 1986 461 2032; x_wconf 81' lang='lat' dir='ltr'><strong>genere</strong></span> <span class='ocrx_word' id='word_1_195' title='bbox 494 1973 714 2020; x_wconf 90' lang='lat' dir='ltr'><strong>humano</strong></span> <span class='ocrx_word' id='word_1_196' title='bbox 750 1975 995 2036; x_wconf 85' lang='lat' dir='ltr'><strong>quaedam</strong></span> <span class='ocrx_word' id='word_1_197' title='bbox 1029 1983 1249 2023; x_wconf 89' lang='lat' dir='ltr'><strong>monstra</strong></span> <span class='ocrx_word' id='word_1_198' title='bbox 1282 1983 1396 2022; x_wconf 90' lang='lat' dir='ltr'><strong>sunt</strong></span> <span class='ocrx_word' id='word_1_199' title='bbox 1428 1974 1662 2038; x_wconf 88' lang='lat' dir='ltr'><strong>gentium,</strong></span> <span class='ocrx_word' id='word_1_200' title='bbox 1691 1983 1745 2022; x_wconf 90' lang='lat' dir='ltr'><strong>ut</strong></span> <span class='ocrx_word' id='word_1_201' title='bbox 1778 1973 2027 2037; x_wconf 88' lang='lat' dir='ltr'><strong>Gigantes,</strong></span> 
     </span>
     <span class='ocr_line' id='line_1_24' title="bbox 202 2053 2033 2119; baseline 0.002 -21"><span class='ocrx_word' id='word_1_202' title='bbox 202 2063 257 2109; x_wconf 89' lang='lat'><strong>13</strong></span> <span class='ocrx_word' id='word_1_203' title='bbox 285 2053 637 2117; x_wconf 89' lang='lat' dir='ltr'><strong>Cynocephali‚</strong></span> <span class='ocrx_word' id='word_1_204' title='bbox 666 2054 929 2118; x_wconf 86' lang='lat' dir='ltr'><strong>CyclopeS,</strong></span> <span class='ocrx_word' id='word_1_205' title='bbox 954 2066 1002 2104; x_wconf 93' lang='lat' dir='ltr'><strong>et</strong></span> <span class='ocrx_word' id='word_1_206' title='bbox 1027 2065 1201 2104; x_wconf 88' lang='lat' dir='ltr'><strong>cetera.</strong></span> <span class='ocrx_word' id='word_1_207' title='bbox 1254 2055 1489 2119; x_wconf 89' lang='lat' dir='ltr'><strong>Gigantes</strong></span> <span class='ocrx_word' id='word_1_208' title='bbox 1516 2055 1674 2105; x_wconf 90' lang='lat' dir='ltr'><strong>dictos</strong></span> <span class='ocrx_word' id='word_1_209' title='bbox 1701 2055 1833 2104; x_wconf 90' lang='lat' dir='ltr'><strong>iuxta</strong></span> <span class='ocrx_word' id='word_1_210' title='bbox 1858 2053 2033 2103; x_wconf 90' lang='lat' dir='ltr'><strong>Graeci</strong></span> 
     </span>
     <span class='ocr_line' id='line_1_25' title="bbox 284 2136 2034 2205; baseline 0.001 -23"><span class='ocrx_word' id='word_1_211' title='bbox 284 2137 523 2184; x_wconf 92' lang='lat' dir='ltr'><strong>sermonis</strong></span> <span class='ocrx_word' id='word_1_212' title='bbox 549 2136 913 2200; x_wconf 82' lang='lat' dir='ltr'><strong>etymologiam,</strong></span> <span class='ocrx_word' id='word_1_213' title='bbox 942 2137 1027 2200; x_wconf 90' lang='lat' dir='ltr'><strong>qui</strong></span> <span class='ocrx_word' id='word_1_214' title='bbox 1052 2156 1137 2187; x_wconf 89' lang='lat' dir='ltr'><strong>eos</strong></span> <span class='ocrx_word' id='word_1_215' title='bbox 1161 2142 1371 2205; x_wconf 81' lang='grc' dir='ltr'>γηγενεῖς</span> <span class='ocrx_word' id='word_1_216' title='bbox 1404 2137 1696 2197; x_wconf 85' lang='lat' dir='ltr'><strong>existimant,</strong></span> <span class='ocrx_word' id='word_1_217' title='bbox 1724 2137 1775 2186; x_wconf 92' lang='lat' dir='ltr'><strong>id</strong></span> <span class='ocrx_word' id='word_1_218' title='bbox 1808 2146 1880 2186; x_wconf 91' lang='lat' dir='ltr'><strong>est</strong></span> <span class='ocrx_word' id='word_1_219' title='bbox 1905 2137 2034 2186; x_wconf 88' lang='lat' dir='ltr'><strong>terri—</strong></span> 
     </span>
     <span class='ocr_line' id='line_1_26' title="bbox 282 2220 2105 2284; baseline 0.003 -20"><span class='ocrx_word' id='word_1_220' title='bbox 282 2233 446 2280; x_wconf 89' lang='lat' dir='ltr'><strong>genas,</strong></span> <span class='ocrx_word' id='word_1_221' title='bbox 488 2235 547 2266; x_wconf 95' lang='lat' dir='ltr'><strong>eo</strong></span> <span class='ocrx_word' id='word_1_222' title='bbox 590 2220 726 2282; x_wconf 92' lang='lat' dir='ltr'><strong>quod</strong></span> <span class='ocrx_word' id='word_1_223' title='bbox 769 2236 853 2268; x_wconf 93' lang='lat' dir='ltr'><strong>eos</strong></span> <span class='ocrx_word' id='word_1_224' title='bbox 896 2220 1120 2269; x_wconf 90' lang='lat' dir='ltr'><strong>fabulose</strong></span> <span class='ocrx_word' id='word_1_225' title='bbox 1161 2237 1337 2284; x_wconf 89' lang='lat' dir='ltr'><strong>parens</strong></span> <span class='ocrx_word' id='word_1_226' title='bbox 1379 2229 1506 2268; x_wconf 88' lang='lat' dir='ltr'><strong>terra</strong></span> <span class='ocrx_word' id='word_1_227' title='bbox 1546 2221 1770 2269; x_wconf 88' lang='lat' dir='ltr'><strong>inmensa</strong></span> <span class='ocrx_word' id='word_1_228' title='bbox 1812 2220 1942 2268; x_wconf 88' lang='lat' dir='ltr'><strong>mole</strong></span> <span class='ocrx_word' id='word_1_229' title='bbox 1985 2228 2032 2267; x_wconf 90' lang='lat' dir='ltr'><strong>et</strong></span> <span class='ocrx_word' id='word_1_230' title='bbox 2056 2239 2105 2280; x_wconf 85' lang='lat'><strong>25</strong></span> 
     </span>
     <span class='ocr_line' id='line_1_27' title="bbox 283 2298 2032 2368; baseline 0.002 -22"><span class='ocrx_word' id='word_1_231' title='bbox 283 2298 467 2348; x_wconf 87' lang='lat' dir='ltr'><strong>similes</strong></span> <span class='ocrx_word' id='word_1_232' title='bbox 494 2300 586 2348; x_wconf 90' lang='lat' dir='ltr'><strong>sibi</strong></span> <span class='ocrx_word' id='word_1_233' title='bbox 619 2303 853 2364; x_wconf 89' lang='lat' dir='ltr'><strong>genuerit.</strong></span> <span class='ocrx_word' id='word_1_234' title='bbox 928 2306 996 2364; x_wconf 88' lang='grc' dir='ltr'><strong>Γῆ</strong></span> <span class='ocrx_word' id='word_1_235' title='bbox 1029 2302 1162 2350; x_wconf 89' lang='lat' dir='ltr'><strong>enim</strong></span> <span class='ocrx_word' id='word_1_236' title='bbox 1196 2312 1322 2352; x_wconf 91' lang='lat' dir='ltr'><strong>terra</strong></span> <span class='ocrx_word' id='word_1_237' title='bbox 1353 2303 1655 2365; x_wconf 86' lang='lat' dir='ltr'><strong>appellatur:</strong></span> <span class='ocrx_word' id='word_1_238' title='bbox 1691 2303 1823 2368; x_wconf 80' lang='grc' dir='ltr'>γένος</span> <span class='ocrx_word' id='word_1_239' title='bbox 1846 2317 2000 2365; x_wconf 86' lang='lat' dir='ltr'><strong>genus</strong></span> <span class='ocrx_word' id='word_1_240' title='bbox 2019 2319 2032 2361; x_wconf 81' lang='lat'>3</span> 
     </span>
     <span class='ocr_line' id='line_1_28' title="bbox 283 2380 2029 2448; baseline 0.002 -20"><span class='ocrx_word' id='word_1_241' title='bbox 283 2380 398 2429; x_wconf 92' lang='lat' dir='ltr'><strong>licet</strong></span> <span class='ocrx_word' id='word_1_242' title='bbox 424 2391 471 2430; x_wconf 90' lang='lat' dir='ltr'><strong>et</strong></span> <span class='ocrx_word' id='word_1_243' title='bbox 497 2391 651 2431; x_wconf 89' lang='lat' dir='ltr'><strong>terrae</strong></span> <span class='ocrx_word' id='word_1_244' title='bbox 676 2385 801 2432; x_wconf 90' lang='lat' dir='ltr'><strong>filios</strong></span> <span class='ocrx_word' id='word_1_245' title='bbox 828 2385 1000 2447; x_wconf 90' lang='lat' dir='ltr'><strong>vulgus</strong></span> <span class='ocrx_word' id='word_1_246' title='bbox 1034 2393 1206 2433; x_wconf 89' lang='lat' dir='ltr'><strong>vocat:</strong></span> <span class='ocrx_word' id='word_1_247' title='bbox 1244 2401 1455 2447; x_wconf 89' lang='lat' dir='ltr'><strong>quorum</strong></span> <span class='ocrx_word' id='word_1_248' title='bbox 1480 2400 1635 2448; x_wconf 91' lang='lat' dir='ltr'><strong>genus</strong></span> <span class='ocrx_word' id='word_1_249' title='bbox 1668 2385 1908 2432; x_wconf 87' lang='lat' dir='ltr'><strong>incertum</strong></span> <span class='ocrx_word' id='word_1_250' title='bbox 1942 2393 2029 2432; x_wconf 92' lang='lat' dir='ltr'><strong>est.</strong></span> 
     </span>
     <span class='ocr_line' id='line_1_29' title="bbox 200 2464 2032 2529; baseline 0 -16"><span class='ocrx_word' id='word_1_251' title='bbox 200 2477 259 2526; x_wconf 92' lang='lat'><strong>14</strong></span> <span class='ocrx_word' id='word_1_252' title='bbox 287 2464 431 2511; x_wconf 90' lang='lat' dir='ltr'><strong>Falso</strong></span> <span class='ocrx_word' id='word_1_253' title='bbox 467 2473 632 2512; x_wconf 91' lang='lat' dir='ltr'><strong>autem</strong></span> <span class='ocrx_word' id='word_1_254' title='bbox 675 2464 939 2528; x_wconf 88' lang='lat' dir='ltr'><strong>opinantur</strong></span> <span class='ocrx_word' id='word_1_255' title='bbox 981 2465 1183 2529; x_wconf 87' lang='lat' dir='ltr'><strong>quidam</strong></span> <span class='ocrx_word' id='word_1_256' title='bbox 1222 2465 1415 2529; x_wconf 89' lang='lat' dir='ltr'><strong>inperiti</strong></span> <span class='ocrx_word' id='word_1_257' title='bbox 1457 2467 1520 2514; x_wconf 90' lang='lat' dir='ltr'><strong>de</strong></span> <span class='ocrx_word' id='word_1_258' title='bbox 1557 2465 1816 2529; x_wconf 89' lang='lat' dir='ltr'><strong>Scripturis</strong></span> <span class='ocrx_word' id='word_1_259' title='bbox 1853 2464 2032 2514; x_wconf 87' lang='lat' dir='ltr'><strong>sanctis</strong></span> 
     </span>
     <span class='ocr_line' id='line_1_30' title="bbox 285 2545 2030 2611; baseline 0.002 -19"><span class='ocrx_word' id='word_1_260' title='bbox 285 2545 694 2608; x_wconf 88' lang='lat' dir='ltr'><strong>praevaricatores</strong></span> <span class='ocrx_word' id='word_1_261' title='bbox 730 2549 930 2611; x_wconf 88' lang='lat' dir='ltr'><strong>angelos</strong></span> <span class='ocrx_word' id='word_1_262' title='bbox 968 2565 1082 2596; x_wconf 91' lang='lat' dir='ltr'><strong>cum</strong></span> <span class='ocrx_word' id='word_1_263' title='bbox 1117 2547 1310 2596; x_wconf 90' lang='lat' dir='ltr'><strong>filiabus</strong></span> <span class='ocrx_word' id='word_1_264' title='bbox 1343 2547 1604 2597; x_wconf 90' lang='lat' dir='ltr'><strong>hominum</strong></span> <span class='ocrx_word' id='word_1_265' title='bbox 1640 2557 1755 2596; x_wconf 88' lang='lat' dir='ltr'><strong>ante</strong></span> <span class='ocrx_word' id='word_1_266' title='bbox 1791 2547 2030 2596; x_wconf 89' lang='lat' dir='ltr'><strong>diluvium</strong></span> 
     </span>
     <span class='ocr_line' id='line_1_31' title="bbox 285 2627 2107 2693; baseline 0 -18"><span class='ocrx_word' id='word_1_267' title='bbox 285 2627 630 2687; x_wconf 70' lang='lat' dir='ltr'><strong>concubuisse,</strong></span> <span class='ocrx_word' id='word_1_268' title='bbox 656 2638 703 2677; x_wconf 93' lang='lat' dir='ltr'><strong>et</strong></span> <span class='ocrx_word' id='word_1_269' title='bbox 737 2629 915 2679; x_wconf 86' lang='lat' dir='ltr'><strong>exinde</strong></span> <span class='ocrx_word' id='word_1_270' title='bbox 947 2640 1089 2679; x_wconf 87' lang='lat' dir='ltr'><strong>natos</strong></span> <span class='ocrx_word' id='word_1_271' title='bbox 1125 2630 1372 2693; x_wconf 88' lang='lat' dir='ltr'><strong>Gigantes,</strong></span> <span class='ocrx_word' id='word_1_272' title='bbox 1402 2631 1453 2678; x_wconf 91' lang='lat' dir='ltr'><strong>id</strong></span> <span class='ocrx_word' id='word_1_273' title='bbox 1487 2639 1560 2678; x_wconf 90' lang='lat' dir='ltr'><strong>est</strong></span> <span class='ocrx_word' id='word_1_274' title='bbox 1592 2629 1799 2678; x_wconf 92' lang='lat' dir='ltr'><strong>nimium</strong></span> <span class='ocrx_word' id='word_1_275' title='bbox 1823 2632 2031 2693; x_wconf 89' lang='lat' dir='ltr'><strong>grandes</strong></span> <span class='ocrx_word' id='word_1_276' title='bbox 2055 2647 2107 2687; x_wconf 84' lang='lat'><strong>30</strong></span> 
     </span>
    </p>
   </div>
   <div class='ocr_carea' id='block_1_5' title="bbox 284 2756 2034 3138">
    <p class='ocr_par' dir='ltr' id='par_1_7' title="bbox 284 2756 2034 3138">
     <span class='ocr_line' id='line_1_32' title="bbox 346 2756 2033 2811; baseline 0.001 -16"><span class='ocrx_word' id='word_1_277' title='bbox 346 2769 361 2795; x_wconf 93' lang='lat'>1</span> <span class='ocrx_word' id='word_1_278' title='bbox 396 2771 462 2808; x_wconf 90' lang='lat' dir='ltr'><strong>pa.</strong></span> <span class='ocrx_word' id='word_1_279' title='bbox 486 2770 586 2809; x_wconf 87' lang='lat' dir='ltr'><strong>pars</strong></span> <span class='ocrx_word' id='word_1_280' title='bbox 608 2760 816 2807; x_wconf 84' lang='lat' dir='ltr'><strong>figuratur</strong></span> <span class='ocrx_word' id='word_1_281' title='bbox 832 2759 878 2796; x_wconf 89' lang='lat' dir='ltr'><em>K</em></span> <span class='ocrx_word' id='word_1_282' title='bbox 1065 2773 1091 2809; x_wconf 84' lang='lat'><strong>3</strong></span> <span class='ocrx_word' id='word_1_283' title='bbox 1122 2759 1242 2811; x_wconf 63' lang='lat' dir='ltr'><strong>Pas]</strong></span> <span class='ocrx_word' id='word_1_284' title='bbox 1264 2759 1397 2798; x_wconf 85' lang='lat' dir='ltr'><strong>saside</strong></span> <span class='ocrx_word' id='word_1_285' title='bbox 1417 2758 1470 2795; x_wconf 85' lang='lat' dir='ltr'><strong>B¹</strong></span> <span class='ocrx_word' id='word_1_286' title='bbox 1485 2758 1538 2796; x_wconf 85' lang='lat' dir='ltr'><strong>T:</strong></span> <span class='ocrx_word' id='word_1_287' title='bbox 1571 2759 1750 2809; x_wconf 86' lang='lat' dir='ltr'><strong>pasiphe</strong></span> <span class='ocrx_word' id='word_1_288' title='bbox 1770 2773 1819 2798; x_wconf 78' lang='lat' dir='ltr'><strong>ex</strong></span> <span class='ocrx_word' id='word_1_289' title='bbox 1835 2759 1966 2798; x_wconf 87' lang='lat' dir='ltr'><strong>faside</strong></span> <span class='ocrx_word' id='word_1_290' title='bbox 1986 2756 2033 2796; x_wconf 90' lang='lat' dir='ltr'><em>X</em></span> 
     </span>
     <span class='ocr_line' id='line_1_33' title="bbox 287 2812 2030 2865; baseline 0 -13"><span class='ocrx_word' id='word_1_291' title='bbox 287 2828 311 2862; x_wconf 86' lang='lat'><strong>4</strong></span> <span class='ocrx_word' id='word_1_292' title='bbox 342 2812 470 2865; x_wconf 85' lang='grc' dir='ltr'>ἑτερ.]</span> <span class='ocrx_word' id='word_1_293' title='bbox 491 2814 580 2851; x_wconf 91' lang='lat' dir='ltr'><strong>—ion</strong></span> <span class='ocrx_word' id='word_1_294' title='bbox 601 2812 664 2852; x_wconf 79' lang='lat' dir='ltr'><strong>B:</strong></span> <span class='ocrx_word' id='word_1_295' title='bbox 685 2813 788 2852; x_wconf 90' lang='lat' dir='ltr'><strong>·ium</strong></span> <span class='ocrx_word' id='word_1_296' title='bbox 818 2813 855 2850; x_wconf 92' lang='lat' dir='ltr'><em>T</em></span> <span class='ocrx_word' id='word_1_297' title='bbox 930 2827 983 2852; x_wconf 87' lang='lat' dir='ltr'><strong>ex</strong></span> <span class='ocrx_word' id='word_1_298' title='bbox 999 2828 1082 2854; x_wconf 82' lang='lat' dir='ltr'><strong>om.</strong></span> <span class='ocrx_word' id='word_1_299' title='bbox 1100 2814 1142 2852; x_wconf 89' lang='grc' dir='ltr'><em>Β</em></span> <span class='ocrx_word' id='word_1_300' title='bbox 1249 2815 1274 2852; x_wconf 94' lang='lat'>8</span> <span class='ocrx_word' id='word_1_301' title='bbox 1305 2827 1367 2852; x_wconf 86' lang='lat' dir='ltr'><strong>su.</strong></span> <span class='ocrx_word' id='word_1_302' title='bbox 1388 2815 1431 2852; x_wconf 89' lang='lat' dir='ltr'><strong>in</strong></span> <span class='ocrx_word' id='word_1_303' title='bbox 1447 2820 1574 2863; x_wconf 86' lang='lat' dir='ltr'><strong>temp.</strong></span> <span class='ocrx_word' id='word_1_304' title='bbox 1593 2813 1706 2853; x_wconf 89' lang='lat' dir='ltr'><strong>codd.</strong></span> <span class='ocrx_word' id='word_1_305' title='bbox 1821 2826 1872 2852; x_wconf 91' lang='lat'><strong>10</strong></span> <span class='ocrx_word' id='word_1_306' title='bbox 1899 2816 2030 2862; x_wconf 93' lang='lat' dir='ltr'><strong>quod-</strong></span> 
     </span>
     <span class='ocr_line' id='line_1_34' title="bbox 287 2867 2034 2920; baseline 0.001 -14"><span class='ocrx_word' id='word_1_307' title='bbox 287 2868 598 2908; x_wconf 87' lang='lat' dir='ltr'><strong>naturationem</strong></span> <span class='ocrx_word' id='word_1_308' title='bbox 625 2867 661 2906; x_wconf 90' lang='lat' dir='ltr'><em>T</em></span> <span class='ocrx_word' id='word_1_309' title='bbox 762 2874 807 2907; x_wconf 90' lang='lat' dir='ltr'><strong>ut</strong></span> <span class='ocrx_word' id='word_1_310' title='bbox 827 2882 908 2908; x_wconf 81' lang='lat' dir='ltr'><strong>om.</strong></span> <span class='ocrx_word' id='word_1_311' title='bbox 934 2869 980 2907; x_wconf 90' lang='lat' dir='ltr'><em>K</em></span> <span class='ocrx_word' id='word_1_312' title='bbox 1102 2882 1151 2917; x_wconf 89' lang='lat'><strong>14</strong></span> <span class='ocrx_word' id='word_1_313' title='bbox 1179 2868 1290 2920; x_wconf 76' lang='lat' dir='ltr'><strong>diffi]</strong></span> <span class='ocrx_word' id='word_1_314' title='bbox 1313 2882 1395 2908; x_wconf 88' lang='lat' dir='ltr'><strong>om.</strong></span> <span class='ocrx_word' id='word_1_315' title='bbox 1431 2868 1468 2906; x_wconf 91' lang='lat' dir='ltr'><em>T</em></span> <span class='ocrx_word' id='word_1_316' title='bbox 1585 2869 1634 2906; x_wconf 90' lang='lat'><strong>16</strong></span> <span class='ocrx_word' id='word_1_317' title='bbox 1661 2873 1864 2906; x_wconf 88' lang='lat' dir='ltr'><strong>vocantur</strong></span> <span class='ocrx_word' id='word_1_318' title='bbox 1881 2881 1964 2907; x_wconf 87' lang='lat' dir='ltr'><strong>om.</strong></span> <span class='ocrx_word' id='word_1_319' title='bbox 1989 2868 2034 2906; x_wconf 91' lang='lat' dir='ltr'><em>K</em></span> 
     </span>
     <span class='ocr_line' id='line_1_35' title="bbox 288 2921 2028 2974; baseline 0.001 -13"><span class='ocrx_word' id='word_1_320' title='bbox 288 2929 429 2962; x_wconf 87' lang='lat' dir='ltr'><strong>autem</strong></span> <span class='ocrx_word' id='word_1_321' title='bbox 443 2935 524 2962; x_wconf 88' lang='lat' dir='ltr'><strong>om.</strong></span> <span class='ocrx_word' id='word_1_322' title='bbox 553 2922 591 2960; x_wconf 94' lang='lat' dir='ltr'><em>T</em></span> <span class='ocrx_word' id='word_1_323' title='bbox 695 2935 740 2971; x_wconf 88' lang='lat'><strong>17</strong></span> <span class='ocrx_word' id='word_1_324' title='bbox 766 2935 882 2961; x_wconf 90' lang='lat' dir='ltr'><strong>erma</strong></span> <span class='ocrx_word' id='word_1_325' title='bbox 892 2923 1006 2963; x_wconf 88' lang='lat' dir='ltr'><strong>codd.</strong></span> <span class='ocrx_word' id='word_1_326' title='bbox 1123 2924 1172 2962; x_wconf 85' lang='lat'><strong>18</strong></span> <span class='ocrx_word' id='word_1_327' title='bbox 1201 2937 1225 2962; x_wconf 87' lang='lat' dir='ltr'><strong>a</strong></span> <span class='ocrx_word' id='word_1_328' title='bbox 1245 2935 1396 2973; x_wconf 85' lang='lat' dir='ltr'><strong>grecos</strong></span> <span class='ocrx_word' id='word_1_329' title='bbox 1416 2923 1494 2974; x_wconf 77' lang='lat' dir='ltr'><strong>(cis</strong></span> <span class='ocrx_word' id='word_1_330' title='bbox 1513 2923 1552 2963; x_wconf 89' lang='lat' dir='ltr'><em>T</em></span> <span class='ocrx_word' id='word_1_331' title='bbox 1558 2922 1593 2973; x_wconf 79' lang='grc'><strong>2)</strong></span> <span class='ocrx_word' id='word_1_332' title='bbox 1617 2921 1655 2960; x_wconf 93' lang='lat' dir='ltr'><em>T</em></span> <span class='ocrx_word' id='word_1_333' title='bbox 1744 2935 1871 2961; x_wconf 87' lang='lat' dir='ltr'><strong>masc.</strong></span> <span class='ocrx_word' id='word_1_334' title='bbox 1889 2927 1954 2961; x_wconf 85' lang='lat' dir='ltr'><strong>est</strong></span> <span class='ocrx_word' id='word_1_335' title='bbox 1969 2921 2005 2961; x_wconf 90' lang='lat' dir='ltr'>C</span> <span class='ocrx_word' id='word_1_336' title='bbox 2018 2937 2028 2963; x_wconf 91' lang='lat'>:</span> 
     </span>
     <span class='ocr_line' id='line_1_36' title="bbox 288 2976 2033 3030; baseline 0.001 -15"><span class='ocrx_word' id='word_1_337' title='bbox 288 2977 524 3017; x_wconf 84' lang='lat' dir='ltr'><strong>Mercurius</strong></span> <span class='ocrx_word' id='word_1_338' title='bbox 545 2984 610 3017; x_wconf 89' lang='lat' dir='ltr'><strong>est</strong></span> <span class='ocrx_word' id='word_1_339' title='bbox 630 2976 721 3017; x_wconf 85' lang='lat' dir='ltr'><strong>dett.</strong></span> <span class='ocrx_word' id='word_1_340' title='bbox 887 2979 1022 3017; x_wconf 88' lang='lat' dir='ltr'><strong>afrodi</strong></span> <span class='ocrx_word' id='word_1_341' title='bbox 1038 2977 1152 3018; x_wconf 89' lang='lat' dir='ltr'><strong>codd.</strong></span> <span class='ocrx_word' id='word_1_342' title='bbox 1264 2978 1382 3030; x_wconf 83' lang='lat' dir='ltr'><strong>fem.]</strong></span> <span class='ocrx_word' id='word_1_343' title='bbox 1402 2977 1545 3016; x_wconf 88' lang='lat' dir='ltr'><strong>Venus</strong></span> <span class='ocrx_word' id='word_1_344' title='bbox 1559 2977 1652 3015; x_wconf 84' lang='lat' dir='ltr'><strong>dett.</strong></span> <span class='ocrx_word' id='word_1_345' title='bbox 1819 2977 1881 3028; x_wconf 91' lang='lat' dir='ltr'><strong>hi]</strong></span> <span class='ocrx_word' id='word_1_346' title='bbox 1899 2977 1970 3015; x_wconf 87' lang='lat' dir='ltr'><strong>alii</strong></span> <span class='ocrx_word' id='word_1_347' title='bbox 1986 2977 2033 3016; x_wconf 92' lang='lat' dir='ltr'><em>K</em></span> 
     </span>
     <span class='ocr_line' id='line_1_37' title="bbox 285 3030 2026 3084; baseline 0.001 -15"><span class='ocrx_word' id='word_1_348' title='bbox 285 3044 333 3070; x_wconf 84' lang='lat'><strong>21</strong></span> <span class='ocrx_word' id='word_1_349' title='bbox 357 3034 561 3082; x_wconf 85' lang='lat' dir='ltr'><strong>quaedam</strong></span> <span class='ocrx_word' id='word_1_350' title='bbox 576 3062 585 3072; x_wconf 88' lang='lat'><strong>.</strong></span> <span class='ocrx_word' id='word_1_351' title='bbox 605 3062 615 3072; x_wconf 92' lang='lat'><strong>.</strong></span> <span class='ocrx_word' id='word_1_352' title='bbox 633 3061 642 3071; x_wconf 88' lang='lat'><strong>.</strong></span> <span class='ocrx_word' id='word_1_353' title='bbox 657 3033 841 3072; x_wconf 85' lang='lat' dir='ltr'><strong>humano</strong></span> <span class='ocrx_word' id='word_1_354' title='bbox 855 3033 950 3073; x_wconf 83' lang='lat' dir='ltr'><strong>add.</strong></span> <span class='ocrx_word' id='word_1_355' title='bbox 974 3033 1063 3072; x_wconf 79' lang='lat' dir='ltr'><strong>Tin</strong></span> <span class='ocrx_word' id='word_1_356' title='bbox 1082 3046 1217 3084; x_wconf 84' lang='lat' dir='ltr'><strong>marg.</strong></span> <span class='ocrx_word' id='word_1_357' title='bbox 1315 3044 1367 3081; x_wconf 84' lang='lat'><strong>23</strong></span> <span class='ocrx_word' id='word_1_358' title='bbox 1389 3033 1500 3083; x_wconf 89' lang='lat' dir='ltr'><strong>Cyn.</strong></span> <span class='ocrx_word' id='word_1_359' title='bbox 1524 3037 1568 3070; x_wconf 88' lang='lat' dir='ltr'><strong>et</strong></span> <span class='ocrx_word' id='word_1_360' title='bbox 1581 3032 1682 3081; x_wconf 90' lang='lat' dir='ltr'><strong>Cyc.</strong></span> <span class='ocrx_word' id='word_1_361' title='bbox 1703 3030 1748 3069; x_wconf 87' lang='lat' dir='ltr'><em>K</em></span> <span class='ocrx_word' id='word_1_362' title='bbox 1772 3057 1775 3061; x_wconf 89' lang='lat'>-</span> <span class='ocrx_word' id='word_1_363' title='bbox 1835 3044 1887 3079; x_wconf 89' lang='lat'><strong>24</strong></span> <span class='ocrx_word' id='word_1_364' title='bbox 1907 3032 2026 3083; x_wconf 81' lang='grc' dir='ltr'>γηγ.]</span> 
     </span>
     <span class='ocr_line' id='line_1_38' title="bbox 284 3085 2006 3138; baseline 0 -14"><span class='ocrx_word' id='word_1_365' title='bbox 284 3100 367 3126; x_wconf 86' lang='lat' dir='ltr'><strong>om.</strong></span> <span class='ocrx_word' id='word_1_366' title='bbox 386 3087 441 3125; x_wconf 77' lang='lat'><strong>131</strong></span> <span class='ocrx_word' id='word_1_367' title='bbox 559 3089 611 3125; x_wconf 87' lang='lat'><strong>28</strong></span> <span class='ocrx_word' id='word_1_368' title='bbox 642 3087 762 3126; x_wconf 82' lang='lat' dir='ltr'><strong>Falsa</strong></span> <span class='ocrx_word' id='word_1_369' title='bbox 779 3088 830 3126; x_wconf 89' lang='lat' dir='ltr'><strong>C1</strong></span> <span class='ocrx_word' id='word_1_370' title='bbox 939 3088 1076 3138; x_wconf 87' lang='lat' dir='ltr'><strong>inperi</strong></span> <span class='ocrx_word' id='word_1_371' title='bbox 1099 3087 1150 3126; x_wconf 82' lang='lat' dir='ltr'><strong>Cl</strong></span> <span class='ocrx_word' id='word_1_372' title='bbox 1258 3087 1414 3127; x_wconf 83' lang='lat' dir='ltr'><strong>sanctis</strong></span> <span class='ocrx_word' id='word_1_373' title='bbox 1440 3099 1524 3128; x_wconf 84' lang='lat' dir='ltr'><strong>om.</strong></span> <span class='ocrx_word' id='word_1_374' title='bbox 1545 3085 1590 3124; x_wconf 90' lang='lat' dir='ltr'><em>K</em></span> <span class='ocrx_word' id='word_1_375' title='bbox 1699 3099 1751 3135; x_wconf 84' lang='lat'><strong>30</strong></span> <span class='ocrx_word' id='word_1_376' title='bbox 1781 3092 1823 3124; x_wconf 89' lang='lat' dir='ltr'><strong>et</strong></span> <span class='ocrx_word' id='word_1_377' title='bbox 1844 3087 1941 3124; x_wconf 88' lang='lat' dir='ltr'><strong>inde</strong></span> <span class='ocrx_word' id='word_1_378' title='bbox 1959 3086 2006 3124; x_wconf 89' lang='lat' dir='ltr'><em>K</em></span> 
     </span>
    </p>
   </div>
  </div>
 </body>
</html>
