2176 3424
434 149 1058 201 ETYMOLOGIARVM
1099 150 1227 197 LIB.
1267 150 1388 196 XII.
1428 146 1524 197 iv.=

114 299 282 331 cruore
324 282 578 339 maduerit,
618 279 802 328 evomit
839 281 974 342 quod
1010 280 1185 338 hausit,
1226 287 1280 327 ut
1321 292 1643 326 receruorem
1687 276 1854 324 denuo

115 375 266 428 sugat.
339 362 544 427 Scorpio
575 361 750 411 vermis
783 371 1016 420 terrenus,
1044 360 1129 424 qui
1161 359 1324 424 potius
1350 358 1598 408 vermibus
1623 356 1854 406 adscribi·
1875 365 1908 412 4

114 455 201 505 tur,
229 463 329 494 non
355 444 664 508 serpentibus
687 463 699 505 3
734 443 915 492 animal
939 452 1181 491 armatum
1206 443 1393 501 aculeo,
1422 450 1470 489 et
1496 458 1554 489 ex
1578 456 1638 488 eo
1663 439 1854 488 Graece

113 523 502 590 vocatum’quod
528 527 687 575 cauda
713 527 826 589 figat
852 534 899 574 et
918 511 1118 573 arcuato
1144 525 1343 573 vulnere
1374 539 1565 572 venena
1591 520 1850 570 diffundat.

65 636 86 675 5
114 609 370 673 Proprium
396 618 467 658 est
492 618 655 657 autem
683 606 952 671 scorpionis
972 608 1107 670 quod
1128 623 1304 655 manus
1328 607 1544 669 palmam
1570 621 1671 652 non
1698 601 1851 651 feriat.

113 691 414 742 Cantharida
449 690 625 740 vermis
659 699 878 738 terrenus
914 687 1019 755 [qui
1048 690 1268 737 humano
1301 686 1494 751 corpori
1520 685 1683 735 statim
1710 685 1853 733 fuerit
1877 695 1906 742 5

110 773 395 838 applicatus,
425 772 498 821 sui
522 774 784 822 adustione
817 770 1004 820 vesicas
1035 771 1180 820 efficit
1207 773 1376 834 plenas
1403 766 1650 834 humore]
1726 768 1855 816 Mul·
1879 774 1912 820 6

110 856 234 920 tipes
260 854 435 905 vermis
466 864 700 915 terrenus,
728 871 786 903 ex
818 853 1132 902 multitudine
1165 855 1349 918 pedum
1383 861 1601 911 vocatus,
1631 852 1715 914 qui
1742 866 1856 899 con-

112 949 267 988 tactus
292 938 341 986 in
375 937 578 1001 globum
612 938 932 999 conplicatur.
1004 937 1236 984 Nascitur
1269 936 1360 984 sub
1391 933 1539 998 petris
1566 950 1624 982 ex
1650 934 1855 980 humore

41 1041 88 1069 10
111 1029 158 1070 et
184 1030 320 1068 terra.
396 1018 567 1067 Limax
600 1020 776 1067 vermis
812 1018 927 1077 limi,
957 1018 1118 1067 dictus
1149 1019 1285 1081 quod
1316 1017 1366 1065 in
1396 1017 1515 1065 limo
1545 1017 1622 1065 vel
1647 1016 1710 1065 de
1735 1014 1855 1063 limo
1877 1026 1906 1075 7

109 1110 336 1150 nascatur
357 1119 369 1161 3
404 1101 538 1149 unde
565 1109 612 1148 et
638 1101 836 1148 sordida
862 1116 1054 1163 semper
1080 1109 1127 1148 et
1147 1099 1387 1148 inmunda
1413 1099 1635 1147 habetur.
1710 1099 1856 1145 Bom-
1879 1105 1908 1150 8

110 1185 203 1247 byx
227 1183 475 1232 frondium
501 1183 691 1241 vermis,
721 1199 780 1231 ex
806 1181 944 1231 cuius
976 1191 1164 1231 textura
1197 1180 1552 1244 bombycinum
1580 1178 1852 1228 conficitur.

109 1267 398 1329 Appellatus
423 1274 588 1314 autem
622 1266 718 1313 hoc
749 1263 952 1312 nomine
981 1265 1045 1311 ab
1077 1281 1136 1312 eo
1173 1264 1309 1326 quod
1339 1271 1602 1311 evacuetur
1627 1263 1747 1311 dum
1775 1262 1855 1308 fila

108 1357 318 1411 generat,
347 1356 393 1396 et
417 1364 499 1395 aer
528 1348 660 1395 solus
695 1346 744 1393 in
782 1363 841 1394 eo
874 1355 1137 1395 remaneat.
1213 1347 1372 1393 Eruca
1402 1343 1651 1393 frondium
1678 1342 1854 1392 vermis
1880 1357 1914 1403 9

41 1429 159 1490 15111
196 1431 351 1489 holus,
386 1430 461 1478 vel
501 1427 591 1494 [in]
630 1429 866 1491 pampino
903 1427 1136 1487 involuta,
1164 1428 1227 1476 ab
1265 1428 1519 1476 erodendo
1556 1426 1702 1476 dicta.
1778 1429 1854 1475 De

110 1528 206 1576 qua
230 1510 454 1560 meminit
481 1512 682 1559 Plautus
709 1509 849 1576 (Cist.
876 1511 990 1573 728)
1013 1530 1020 1557 z

112 1595 339 1643 Imitatus
368 1609 583 1655 nequam
614 1590 821 1641 bestiam
853 1601 900 1640 et
931 1593 1205 1640 maleficam
1236 1591 1507 1640 involutam
1542 1591 1591 1639 in
1619 1593 1854 1655 pampino

242 1674 442 1738 inplicat
467 1691 534 1724 se.

111 1758 254 1807 Idem
280 1774 372 1806 nec
400 1758 611 1816 advolat,
640 1766 693 1804 ut
723 1757 925 1815 locusta,
962 1765 1015 1805 ut
1041 1757 1137 1804 huc
1167 1756 1383 1820 illucque
1409 1757 1686 1806 discurrens
1713 1756 1852 1806 semi-

37 1859 86 1887 20
108 1849 245 1902 pasta
270 1838 495 1897 dimittat,
525 1839 611 1887 sed
649 1847 903 1901 permanet
937 1837 1160 1901 perituris
1197 1838 1416 1902 frugibus
1450 1848 1498 1888 et
1534 1840 1675 1887 tardo
1712 1841 1852 1902 lapsu

108 1920 354 1984 pigrisque
412 1919 658 1969 morsibus
714 1919 940 1968 universa
987 1919 1247 1968 consumit.
1334 1923 1623 1970 Teredonas
1672 1920 1849 1970 Graeci
1875 1932 1934 1968 10

109 2012 289 2051 vocant
321 2004 565 2066 lignorum
602 2018 807 2061 vermes,
837 2003 974 2064 quod
1005 2003 1211 2050 terendo
1246 2003 1410 2051 edant.
1484 2005 1597 2052 Hos
1634 2019 1725 2051 nos
1765 2012 1852 2051 ter-

110 2087 250 2134 mites
277 2083 501 2133 dicimus.
577 2086 654 2132 Ita
684 2083 815 2131 enim
849 2084 982 2146 apud
1016 2085 1215 2132 Latinos
1241 2083 1357 2147 ligni
1384 2100 1573 2134 vermes
1599 2094 1852 2144 vocantur,

0 2162 13 2219 l·
38 2166 53 2188 '⁰
109 2183 233 2230 quos
259 2176 479 2229 tempore
506 2167 803 2229 inoportuno
828 2181 999 2213 caesae
1024 2165 1222 2214 arbores
1247 2167 1468 2229 gignunt.
1530 2168 1690 2216 Tinea
1715 2167 1855 2216 vesti-
1879 2181 1924 2214 11

41 2262 85 2306 25
109 2258 387 2298 mentorum
418 2247 608 2308 vermis,
637 2249 769 2296 dicta
803 2248 938 2310 quod
977 2256 1155 2308 teneat,
1184 2257 1231 2296 et
1268 2264 1328 2297 eo
1354 2265 1510 2312 usque
1535 2248 1728 2298 insedat
1754 2266 1854 2313 quo

109 2332 291 2381 erodat.
381 2332 507 2380 Inde
544 2339 592 2379 et
627 2329 865 2393 pertinaX‚
910 2331 1046 2392 quod
1088 2329 1138 2378 in
1181 2332 1391 2380 eandem
1434 2349 1536 2380 rem
1580 2331 1852 2381 identidem

109 2422 290 2476 urgeat.
362 2415 567 2462 Vermes
603 2412 854 2460 carnium:
892 2412 1234 2474 hemicranius,
1268 2413 1550 2474 lumbricus,
1587 2414 1851 2475 ascaridae,
1880 2433 1935 2466 12

168 2555 185 2580 1
220 2555 286 2592 qu.
308 2542 481 2581 aurierit
501 2542 558 2579 ita
579 2542 705 2581 utK:
735 2555 802 2592 qu.
824 2542 961 2580 haurit
986 2543 1088 2592 (au.)
1107 2548 1151 2580 ut
1165 2542 1246 2582 BC
1352 2557 1376 2593 3
1406 2558 1466 2583 ac.
1491 2558 1544 2584 ex
1564 2545 1601 2584 T
1708 2560 1731 2595 4
1762 2561 1856 2586 cau-

111 2598 205 2636 dam
222 2597 333 2637 codd.
447 2596 646 2636 defundat
662 2597 708 2636 K
860 2599 886 2635 6
915 2597 1007 2646 qui.
1029 2628 1037 2637 .
1054 2626 1062 2635 .
1082 2597 1257 2636 humore
1277 2599 1368 2638 hab.
1398 2598 1547 2639 TUX:
1577 2614 1660 2640 om.
1693 2602 1857 2641 BCKO

51 2699 55 2710 .
113 2665 134 2701 7
163 2652 388 2701 applicitus
409 2651 451 2690 U
467 2653 569 2701 (non
583 2649 646 2701 X)
732 2651 872 2691 effecit
894 2651 1046 2701 T(non
1067 2650 1172 2703 ΠΧ)
1248 2655 1267 2699 §
1289 2656 1316 2692 6
1335 2657 1463 2700 ante§
1484 2668 1509 2703 3
1533 2654 1567 2693 C
1670 2657 1695 2693 8
1725 2669 1855 2697 verm.

51 2732 54 2739 .
111 2711 211 2746 terr.
231 2719 314 2746 om.
335 2706 420 2745 ΚΟ
502 2706 571 2755 qui
591 2711 835 2745 contractus
858 2705 958 2745 CK:
989 2720 1069 2745 om.
1098 2706 1136 2745 T
1231 2720 1258 2757 9
1285 2708 1383 2760 sub]
1406 2709 1448 2747 in
1471 2709 1516 2747 K
1627 2724 1676 2749 10
1706 2711 1802 2759 quia
1825 2711 1860 2750 C

113 2761 178 2799 vel
198 2773 281 2800 om.
303 2759 361 2798 Β1
564 2773 609 2798 11
642 2768 684 2799 et
705 2760 863 2813 (prius)
884 2774 966 2800 om.
991 2761 1037 2799 K
1171 2761 1397 2802 Vombucis
1417 2763 1457 2801 Β
1477 2776 1486 2800 :
1523 2764 1750 2804 Bombocis
1773 2765 1822 2804 Cl
1850 2780 1861 2804 t

113 2815 346 2854 Bomboces
367 2815 412 2853 K
434 2828 442 2853 :
475 2814 691 2854 Bombicis
717 2815 754 2854 T
957 2828 1004 2853 12
1035 2816 1213 2855 sordium
1235 2817 1275 2855 Β
1486 2832 1532 2868 13
1563 2820 1697 2870 quod]
1718 2833 1800 2870 quo
1825 2821 1860 2860 C

118 2881 162 2918 ¹5
193 2869 307 2909 olere
330 2868 365 2908 C
468 2869 554 2919 vel]
577 2875 619 2908 et
641 2869 676 2908 C
802 2870 843 2908 in
862 2871 953 2908 hab.
978 2870 1056 2908 CK
1072 2885 1079 2910 :
1111 2884 1195 2913 om.
1215 2871 1256 2909 Β
1265 2871 1302 2910 T
1466 2886 1511 2922 17
1544 2886 1767 2924 namquam
1791 2875 1858 2927 (ex

111 2937 210 2973 ·que
227 2926 260 2974 ἶ)
283 2924 321 2962 Β
432 2918 569 2963 males.
591 2923 857 2964 BCDFTU:
887 2926 1015 2963 malis.
1038 2925 1214 2964 KMOP
1323 2929 1372 2965 18
1392 2928 1460 2980 se]
1483 2929 1558 2967 sed
1578 2928 1619 2966 B
1733 2941 1783 2980 19
1812 2936 1856 2968 ut

113 2978 245 3029 (alt.)]
265 2984 307 3018 et
329 2977 377 3018 C¹
488 2992 535 3018 21
560 2992 677 3017 cons.
693 2980 804 3019 univ.
825 2978 860 3018 C
958 2993 1009 3018 22
1037 2980 1172 3031 quod]
1194 2981 1291 3030 quia
1314 2981 1349 3020 C
1454 2995 1505 3030 24
1526 2982 1754 3032 inportuno
1773 2984 1861 3024 ΒΚ

111 3043 163 3082 25
193 3033 383 3073 insedeat
406 3032 456 3072 C1
565 3033 669 3085 quo]
690 3035 799 3083 quod
826 3034 864 3075 T
882 3034 972 3087 (vix
983 3041 1061 3087 pro
1081 3036 1237 3087 quoad)
1406 3050 1454 3086 27
1485 3043 1683 3087 urgeatur
1704 3038 1754 3077 Cl

172 3123 272 3161 1182
292 3135 324 3162 11
968 3127 998 3160 Ε
