2228 3444
1084 160 1356 210 ISIDORI

270 301 324 348 13
348 286 493 350 ipsud
520 303 577 335 ex
602 303 703 351 quo
729 289 1004 339 derivatum
1036 291 1173 339 ducit
1207 309 1408 342 nomen.
1483 294 1700 344 Hicteris
1726 297 1902 346 Graeci
1935 301 2099 362 appel-

345 371 447 418 lant
471 386 499 417 a
525 370 782 419 cuiusdam
809 372 1035 421 animalis
1062 374 1282 436 nomine,
1299 377 1436 438 quod
1457 376 1516 424 sit
1544 378 1721 427 coloris
1747 378 1891 428 fellei.
1946 379 2096 428 Hunc

344 452 574 500 morbum
602 454 765 502 Latini
790 463 1046 503 arcuatum
1072 455 1259 518 dicunt,
1285 475 1315 506 a
1340 458 1663 509 similitudine
1689 462 1912 511 caelestis
1938 479 2092 511 arcus·

344 533 634 598 Auriginem
672 553 789 584 vero
828 538 986 586 Varro
1023 538 1260 601 appellari
1302 539 1368 589 ait
1409 558 1438 589 a
1480 543 1646 591 colore
1689 543 1808 592 auri.
1882 544 2095 608 Regium

342 626 509 665 autem
550 619 780 667 morbum
820 618 938 668 inde
976 620 1241 671 aestimant
1283 622 1486 683 dictum,
1531 627 1668 688 quod
1709 625 1827 674 vino
1870 627 2005 676 bono
2049 637 2096 677 et
2120 647 2140 686 5

264 708 318 755 14
342 699 585 762 regalibus
612 700 736 749 cibis
762 701 951 750 facilius
979 712 1186 752 curetur.
1246 705 1438 754 Cancer
1462 723 1490 754 a
1515 707 1839 758 similitudine
1865 709 2096 758 maritimi

341 780 567 830 animalis
593 792 840 832 vocatum.
913 786 1108 833 Vulnus
1135 787 1261 835 sicut
1288 787 1470 836 medici
1505 788 1678 837 dicunt
1704 790 1850 839 nullis
1886 791 2098 842 medica-

342 863 521 911 mentis
548 865 784 914 sanabile.
857 868 923 914 At
949 883 1064 930 ergo
1090 867 1308 931 praecidi
1335 871 1461 918 solet
1494 888 1523 919 a
1555 887 1762 935 corpore
1797 874 2091 934 membrum,

340 944 426 993 ubi
452 947 680 1007 nascitur,
705 957 757 996 ut
782 948 1093 1011 aliquantum
1121 949 1305 999 diutius
1332 951 1461 1000 vivat
1482 972 1490 1001 :
1529 961 1696 1002 tamen
1722 954 1840 1004 inde
1866 964 2091 1015 mortem,

263 1039 318 1088 15
340 1029 612 1091 quamlibet
634 1030 832 1091 tardius,
851 1032 1147 1081 adfuturam.
1202 1035 1513 1083 Furunculus
1541 1044 1614 1083 est
1634 1045 1796 1085 tumor
1816 1039 1864 1085 in
1890 1047 2091 1087 acutum
2120 1056 2170 1083 ιο

340 1127 557 1173 surgem,
583 1112 745 1161 dictus
772 1115 908 1176 quod
934 1116 1098 1174 fervet,
1123 1115 1260 1178 quasi
1289 1118 1602 1166 fervunculus
1622 1137 1635 1178 3
1670 1120 1804 1168 unde
1830 1129 1877 1168 et
1903 1121 2093 1170 Graece

254 1200 315 1246 16
339 1193 514 1256 ἄνθραξ
547 1193 739 1254 dicitur,
776 1197 913 1258 quod
951 1195 1011 1244 sit
1048 1196 1242 1260 ignitus.
1318 1199 1564 1247 Ordeolus
1603 1209 1675 1248 est
1712 1201 1999 1263 parvissima
2034 1220 2091 1250 ac

335 1278 598 1338 purulenta
643 1277 872 1326 collectio
914 1278 963 1325 in
1001 1277 1111 1342 pilis
1155 1280 1464 1343 palpebrium
1508 1282 1790 1341 constituta,
1831 1282 1881 1331 in
1926 1285 2092 1333 medio

334 1359 432 1406 lata
459 1367 506 1406 et
534 1375 591 1407 ex
618 1368 828 1422 utroque
854 1362 1121 1421 conducta,
1147 1362 1320 1411 hordei
1354 1380 1560 1426 granum
1596 1364 1814 1413 similans
1836 1385 1845 1414 ε
1883 1368 2017 1415 unde
2043 1377 2090 1415 et

260 1454 312 1503 17
335 1457 519 1489 nomen
556 1441 763 1504 accepit.
837 1443 1038 1491 Oscedo
1077 1453 1150 1492 est
1187 1462 1285 1507 qua
1328 1445 1572 1494 infantum
1611 1463 1695 1495 ora
1732 1449 2086 1508 exulcerantur,
2116 1466 2160 1506 15

257 1526 311 1572 18
335 1521 467 1571 dicta
493 1540 550 1571 ex
576 1524 811 1586 languore
837 1524 1168 1574 oscitantium.
1242 1529 1280 1575 F
1283 1528 1532 1576 renusculi
1558 1530 1721 1578 ulcera
1755 1529 1886 1578 circa
1909 1530 2085 1579 rictum

334 1604 448 1664 oris,
502 1604 680 1653 similia
728 1605 802 1654 his
853 1623 981 1669 quae
1031 1609 1155 1657 fiunt
1209 1608 1442 1658 iumentis
1499 1610 1761 1674 asperitate
1817 1613 2084 1661 frenorum.

249 1701 308 1747 19
333 1688 487 1734 Vlcus
513 1689 725 1750 putredo
752 1690 858 1752 ipsa
876 1707 888 1750 3
926 1691 1122 1751 vulnus,
1147 1693 1284 1754 quod
1309 1694 1436 1740 ferro
1462 1694 1528 1751 fit,
1559 1695 1698 1756 quasi
1725 1693 1784 1742 vi.
1838 1695 1902 1742 Et
1929 1696 2080 1756 ulcus,

240 1782 307 1817 20
332 1771 469 1832 quod
503 1771 616 1830 olet,
645 1771 783 1833 quasi
819 1774 972 1832 olcus,
1001 1775 1135 1822 unde
1170 1783 1217 1822 et
1251 1776 1427 1824 ulcera.
1505 1778 1708 1825 Pustula
1742 1786 1815 1826 est
1841 1777 1890 1825 in
1922 1794 2084 1841 super-

253 1865 307 1900 21
331 1851 440 1901 ficie
477 1853 695 1915 corporis
732 1854 925 1916 turgida
962 1855 1111 1903 veluti
1150 1857 1391 1905 collectio.
1464 1860 1652 1921 Papula
1688 1868 1760 1908 est
1796 1860 2083 1922 parvissima
2106 1877 2157 1904 20

329 1933 454 1982 cutis
481 1934 675 1994 erectio,
705 1935 1075 2000 circumscripta
1107 1954 1221 1985 cum
1248 1938 1426 1988 rubore
1445 1958 1459 2000 3
1495 1949 1542 1989 et
1568 1940 1683 1989 ideo
1717 1943 1911 2004 papula,
1940 1943 2081 2005 quasi

240 2029 304 2063 22
327 2018 526 2078 pupula.
603 2016 840 2081 Syringio.
913 2017 1084 2067 Sanies
1128 2018 1274 2079 dicta,
1316 2020 1432 2083 quia
1475 2037 1532 2070 ex
1570 2024 1808 2086 sanguine
1850 2025 2079 2074 nascitur.

329 2097 555 2146 Excitato
582 2099 714 2147 enim
741 2101 902 2148 calore
929 2100 1143 2148 vulneris
1170 2102 1367 2165 sanguis
1393 2105 1444 2151 in
1471 2103 1658 2152 saniem
1685 2107 1896 2154 vertitur.
1949 2109 2080 2156 Nam

326 2179 486 2228 sanies
513 2197 614 2228 non
641 2182 696 2229 fit
728 2180 778 2228 in
813 2198 1132 2245 quocumque
1165 2185 1289 2243 loco,
1323 2184 1416 2234 nisi
1450 2187 1535 2234 ubi
1567 2187 1764 2250 sanguis
1797 2189 2051 2238 advenerit
2070 2209 2081 2249 3

324 2261 439 2324 quia
476 2279 638 2322 omne,
679 2265 815 2326 quod
854 2264 1104 2326 putrescit,
1145 2265 1237 2312 nisi
1277 2266 1493 2315 calidum
1532 2276 1579 2316 et
1619 2268 1879 2317 humidum
1920 2271 2077 2332 fuerit,
2104 2286 2150 2325 25

324 2345 460 2406 quod
486 2353 558 2392 est
584 2345 795 2407 sanguis,
823 2347 1070 2408 putrefieri
1098 2363 1198 2395 non
1225 2356 1399 2410 potest.
1475 2348 1646 2398 Sanies
1671 2359 1837 2399 autem
1865 2361 1912 2399 et
1938 2352 2076 2401 tabes

322 2426 413 2474 sibi
441 2426 687 2476 differunt.
739 2430 913 2477 Fluere
939 2428 1071 2476 enim
1098 2429 1234 2478 sanie
1254 2429 1474 2478 vivorum
1502 2441 1587 2491 est,
1609 2433 1722 2481 tabe
1751 2442 2071 2484 mortuorum.

378 2569 394 2593 1
428 2556 637 2597 dirivatur
660 2558 694 2595 C
800 2572 954 2597 nomen
975 2573 1059 2598 om.
1090 2559 1127 2596 T
1288 2574 1312 2597 2
1341 2574 1365 2598 a
1385 2574 1469 2601 om.
1492 2560 1538 2598 K
1699 2576 1724 2612 3
1759 2563 1906 2603 dicunt
1926 2577 2008 2604 om.
2030 2564 2077 2602 K

316 2623 340 2659 4
370 2611 615 2651 auriconem
635 2613 701 2653 K:
732 2614 983 2663 auruginem
1003 2614 1045 2652 Β
1155 2614 1370 2666 appellare
1391 2614 1437 2652 K
1555 2630 1580 2655 a
1601 2630 1683 2657 om.
1706 2617 1748 2655 Β
1858 2619 2000 2659 calore
2024 2619 2072 2658 C¹

315 2676 339 2712 5
370 2665 614 2706 existimant
643 2666 680 2704 T
826 2670 853 2706 6
882 2668 1013 2718 regali
1035 2668 1081 2705 K
1228 2671 1253 2708 8
1283 2675 1325 2708 at
1344 2669 1411 2709 K:
1443 2676 1516 2709 aut
1537 2670 1658 2709 BCT
1798 2686 1824 2722 9
1854 2672 1922 2724 ut]
1941 2680 2012 2712 aut
2040 2673 2078 2711 T

317 2720 478 2759 diutius
498 2734 582 2762 om.
604 2721 646 2759 Β
844 2736 888 2762 11
923 2724 1077 2762 dicitur
1096 2722 1143 2761 K
1336 2724 1499 2764 ferveat
1519 2725 1601 2764 BC
1779 2727 2010 2767 ferinculus
2039 2728 2076 2766 T

315 2775 458 2823 graeci
486 2775 524 2813 T
602 2782 620 2824 ξ
640 2779 688 2815 16
702 2782 798 2829 post
819 2781 838 2825 ξ
858 2791 879 2826 7
901 2777 969 2818 K:
1000 2782 1095 2817 ante
1114 2781 1133 2826 5
1158 2789 1206 2827 15
1223 2777 1396 2817 BCDH
1489 2792 1537 2829 13
1558 2781 1654 2830 pilis
1677 2780 1773 2821 CK:
1805 2782 1968 2832 capillis
1988 2782 2076 2820 BT

315 2829 596 2878 palsebrarum
616 2831 650 2868 C
752 2846 800 2882 14
823 2838 1001 2882 utraque
1024 2832 1062 2870 T
1139 2833 1287 2872 similis
1303 2832 1349 2870 K
1462 2837 1511 2873 16
1532 2847 1569 2874 c.
1583 2836 1710 2875 ictum
1732 2834 1786 2875 T:
1811 2850 1845 2876 c.
1860 2837 1943 2875 ictu
1956 2836 2066 2875 BD:

313 2884 489 2923 circuitu
504 2885 557 2923 H
722 2900 768 2936 17
800 2886 870 2936 qui
894 2887 931 2924 T
1094 2889 1143 2927 18
1170 2888 1333 2926 Vulnus
1354 2889 1525 2937 putrido
1546 2889 1592 2926 K
1700 2890 1756 2928 sit
1775 2891 1817 2928 Β
1925 2891 2009 2930 vim
2024 2891 2071 2928 K

316 2951 364 2987 19
389 2940 505 2978 dolet
520 2939 567 2977 K
677 2939 792 2980 Pust.
817 2972 825 2980 .
849 2972 858 2980 .
882 2973 890 2981 .
912 2955 1023 2992 corp.
1046 2955 1128 2982 om.
1147 2941 1326 2984 BBern.
1347 2956 1425 2993 224
1535 2956 1590 2983 20
1609 2945 1739 2993 turgit
1760 2943 1795 2982 C
1809 2943 1932 2985 Bern.
1957 2958 2036 2993 224
2057 2960 2067 2984 :

311 3000 451 3042 turget
472 2994 514 3032 Β
641 3007 690 3033 21
722 3001 764 3034 et
785 2996 882 3035 ideo
905 3027 912 3036 .
938 3027 946 3035 .
967 3027 977 3036 .
1003 2997 1159 3047 pupula
1175 3010 1260 3038 om.
1276 2995 1318 3034 B
1332 2996 1462 3038 Bern.
1479 3010 1558 3047 224
1683 3012 1734 3037 22
1765 2998 1965 3049 Sirimpio
1986 2999 2073 3039 BT

310 3047 432 3088 Rem.
455 3048 600 3090 Mon.:
630 3062 714 3089 om.
739 3048 838 3089 CK:
870 3064 968 3090 corr.
993 3051 1191 3091 Schwarz
1347 3051 1463 3104 quia]
1485 3053 1596 3102 quod
1622 3052 1657 3091 C
1835 3065 1886 3104 25
1916 3053 2066 3107 fuerit]

311 3102 432 3142 fieret
453 3116 502 3142 ex
519 3104 631 3143 fierit
651 3103 697 3142 K
716 3109 762 3143 ut
780 3105 860 3144 vid,
