2176 3424
455 63 586 70 ῤ’,
591 61 629 64 ᾼή

378 131 1007 180 ETYMOLOGIARVM
1049 133 1179 179 LIB.
1218 132 1325 179 XV.
1366 130 1442 190 vii,
1487 131 1567 179 viii

243 261 326 308 DE
346 275 594 309 PARTIBVS
610 275 1007 310 AEoiFicloRVM.
1087 263 1488 311 Fundamentum
1505 260 1693 310 dictum
1713 261 1849 324 quod
1874 273 1975 312 V111

109 342 291 390 fundus
324 341 383 390 sit
411 342 598 391 domui.
672 345 816 393 Idem
853 353 902 392 et
938 354 1252 393 caementum
1288 360 1318 392 a
1347 344 1607 392 caedendo
1644 341 1848 401 dictum,

110 424 246 485 quod
272 439 416 473 caeso
439 440 602 473 crasso
627 424 792 488 lapide
817 434 993 489 surgat.
1067 425 1231 475 Paries
1250 435 1564 488 nuncupatus
1590 424 1706 488 quia
1729 441 1852 474 sern-
1876 439 1907 474 2

111 520 196 567 per
220 506 322 553 duo
346 514 459 553 sunt
491 522 645 569 pareS‚
674 507 750 555 vel
774 523 803 554 a
827 507 975 555 latere
1002 508 1077 556 vel
1101 524 1131 556 a
1155 509 1328 556 fronte.
1403 506 1515 556 Sive
1545 505 1678 555 enirn
1714 515 1853 555 tetra-

65 604 85 642 5
109 602 294 648 gonum
331 585 431 635 sive
468 587 777 651 hexagonum
807 587 880 648 sit,
910 588 994 652 qui
1031 605 1083 637 se
1119 588 1436 653 conspiciunt
1469 605 1527 638 ex
1558 587 1661 652 pari
1695 598 1851 637 erunt.

111 665 265 715 Aliter
302 666 434 715 enim
471 677 711 717 structura
745 671 873 718 facta
909 669 1142 719 deformis
1177 680 1264 719 est.
1337 669 1605 719 Parietinas
1642 668 1854 719 dicimus
1878 679 1909 726 3

111 746 250 810 quasi
278 748 517 811 parietum
547 749 744 801 ruinas:
782 761 895 800 sunt
929 751 1062 802 enim
1099 752 1308 816 parietes
1342 761 1527 802 stantes
1561 751 1667 801 sine
1704 761 1852 812 tecto,

110 827 215 877 sine
240 829 590 880 habitantibus.
664 835 902 896 Angqus,
930 836 1066 897 quod
1093 835 1219 884 duos
1250 833 1459 897 parietes
1485 834 1534 882 in
1560 851 1714 883 unurn
1741 850 1856 882 con·
1877 851 1910 897 4

111 909 293 974 iungat.
369 911 600 962 Culmina
635 913 768 963 dicta
804 925 917 964 sunt
950 915 1066 979 quia
1097 916 1231 980 apud
1263 914 1493 980 antiquos
1526 925 1656 964 tecta
1689 917 1855 964 culmo

42 1009 93 1038 10
114 993 416 1055 tegebantur,
455 1003 508 1042 ut
544 1011 677 1043 nunc
712 997 958 1046 rusticani.
1042 997 1178 1045 Hinc
1214 996 1331 1046 tecti
1367 996 1623 1046 summitas
1657 999 1855 1045 culmen

113 1073 303 1122 dicitur.
376 1076 615 1125 Camerae
639 1087 752 1125 sunt
778 1078 1028 1127 volumina
1054 1078 1316 1128 introrsum
1341 1078 1665 1142 respicientia,
1691 1081 1854 1142 appel-
1879 1098 1910 1147 5

112 1157 238 1204 latae
279 1173 308 1204 a
345 1173 528 1217 curvo;
565 1180 742 1222 καμουρ
780 1160 913 1209 enim
955 1161 1144 1210 Graece
1181 1178 1386 1209 curvum
1425 1170 1511 1210 est.
1586 1159 1858 1224 Laquearia
1882 1165 1916 1211 6

114 1246 227 1286 sunt
251 1255 378 1301 quae
403 1255 649 1288 cameram
683 1241 950 1305 subtegunt
987 1251 1035 1291 et
1064 1252 1254 1303 ornant,
1283 1260 1410 1306 quae
1441 1252 1489 1291 et
1518 1242 1766 1291 lacunaria
1791 1243 1860 1291 di—

114 1328 303 1368 cuntur.
377 1319 713 1384 Principaliter
737 1332 903 1373 autem
929 1326 1064 1373 lacus
1090 1324 1282 1385 dicitur,
1311 1333 1364 1373 ut
1392 1324 1609 1374 Lucilius
1636 1323 1842 1391 (1290):

47 1427 90 1466 15
554 1405 817 1453 Resultant
853 1407 1102 1470 aedesque
1139 1409 1391 1470 lacusque.

116 1481 270 1533 Cuius
296 1482 560 1532 diminutio
584 1486 783 1535 lacunar
806 1488 934 1547 facit,
964 1498 1016 1536 ut
1045 1490 1283 1537 Horatius
1309 1487 1388 1553 (C.
1416 1506 1456 1548 2,
1483 1491 1554 1547 18,
1582 1488 1628 1553 1)
1654 1510 1663 1539 :

720 1570 900 1631 Neque
935 1586 1139 1618 aureum

553 1665 662 1698 mea
700 1650 891 1700 renidet
928 1651 978 1699 in
1015 1653 1168 1701 domo
1206 1653 1419 1701 lacunar.

118 1730 245 1778 Inde
262 1729 315 1777 fit
330 1728 423 1777 alia
443 1729 707 1780 diminutio
723 1733 1027 1781 lacunarium
1050 1752 1062 1794 ;
1098 1743 1146 1782 et
1171 1750 1256 1797 per
1273 1736 1540 1799 ἀντίστιχον
1559 1737 1861 1798 laquearium

45 1836 95 1864 20
117 1809 247 1859 facit.
317 1810 507 1860 Absida
533 1813 725 1862 Graeco
750 1831 992 1874 sermone,
1024 1815 1197 1865 Latine
1227 1815 1571 1881 interpretatur
1595 1818 1777 1878 lucida,
1801 1834 1862 1867 eo
1885 1831 1916 1881 7

117 1893 252 1954 quod
278 1891 462 1942 lumine
487 1903 694 1958 accepto
719 1912 805 1958 per
828 1913 996 1945 arcum
1021 1899 1350 1961 resplendeat.
1424 1900 1523 1948 Sed
1548 1908 1711 1948 utrum
1737 1899 1861 1948 absi-

115 1974 231 2022 dam
256 1991 320 2022 an
345 1974 570 2024 absidem
596 1975 760 2026 dicere
785 1979 1071 2039 debeamus,
1100 1981 1196 2028 hoc
1222 1979 1358 2029 verbi
1390 1997 1545 2043 genus
1571 1979 1859 2044 ambiguum

115 2054 317 2118 quidam
342 2057 602 2105 doctorum
628 2057 920 2108 existimant.
1000 2062 1226 2110 Testudo
1252 2070 1325 2111 est
1351 2079 1545 2111 camera
1575 2064 1747 2126 templi
1775 2063 1859 2112 ob·
1885 2063 1915 2109 8

115 2136 260 2200 liqua.
348 2139 478 2187 Nam
520 2138 571 2187 in
613 2142 818 2189 modum
862 2142 1122 2191 testudinis
1165 2152 1351 2194 veteres
1394 2147 1692 2209 templorum
1735 2155 1864 2195 tecta

43 2243 91 2282 25
115 2218 395 2280 faciebant3
431 2237 558 2283 quae
599 2220 713 2271 ideo
752 2224 821 2272 sic
857 2223 1042 2273 fiebant
1077 2234 1128 2273 ut
1161 2226 1283 2275 caeli
1320 2226 1586 2291 imaginem
1617 2229 1857 2288 redderet,

116 2302 252 2363 quod
277 2310 470 2351 constat
495 2319 603 2352 esse
627 2320 918 2354 convexum.
990 2305 1088 2354 Alii
1121 2307 1422 2358 testudinem
1449 2311 1622 2359 volunt
1655 2328 1762 2360 esse
1795 2313 1861 2360 lo-

174 2444 190 2470 1
227 2431 292 2483 (cf.
317 2431 436 2470 XIX.
461 2446 501 2471 Χ.
524 2434 567 2484 2)
655 2434 733 2473 dic.
759 2448 810 2474 eo
827 2449 892 2485 qn.
917 2436 962 2474 K
1043 2436 1137 2486 quia
1154 2435 1195 2474 Β
1290 2451 1314 2476 2
1346 2439 1492 2478 domus
1509 2439 1589 2478 BC
1677 2454 1701 2489 3
1733 2455 1858 2483 caeso

114 2498 195 2524 om.
222 2485 334 2525 codd.
466 2494 726 2538 nuncupatas
755 2490 811 2528 T:
842 2497 903 2529 -ta
923 2491 966 2529 K
1130 2505 1155 2540 4
1185 2491 1253 2530 vel
1275 2492 1291 2544 (
1301 2493 1464 2545 prt'us)]
1486 2508 1537 2532 ve
1559 2494 1605 2532 Κ
1731 2503 1858 2537 tetra-

116 2553 279 2579 comum
314 2541 403 2579 sive
442 2554 688 2582 exacomum
712 2543 759 2582 K
949 2556 974 2595 5
1004 2544 1090 2584 sint
1130 2545 1198 2584 K:
1248 2547 1295 2586 fit
1336 2548 1371 2586 C
1515 2551 1777 2599 prospiciunt
1815 2552 1861 2591 K

113 2597 140 2633 6
168 2595 280 2634 enim
300 2609 382 2635 om.
404 2595 461 2634 B1
617 2611 638 2647 7
669 2605 782 2637 tectu
801 2598 887 2638 BT
1010 2605 1088 2639 tec.
1111 2606 1154 2639 et
1174 2602 1223 2641 si.
1248 2600 1284 2640 C
1434 2604 1459 2641 8
1476 2603 1578 2653 fort.
1603 2605 1716 2654 Ang.
1741 2607 1856 2656 quasi

114 2650 294 2688 undulus
314 2651 422 2700 quod
561 2653 642 2691 duo
662 2653 708 2691 K
842 2655 1104 2704 coniungunt
1118 2655 1206 2693 ΒΚ
1374 2669 1422 2696 10
1451 2659 1649 2698 rusticani
1664 2660 1710 2699 K
1726 2661 1854 2702 Harl.

113 2709 234 2744 extra:
267 2704 462 2744 rusticam
484 2705 552 2744 D:
581 2707 735 2746 rustica
754 2707 830 2746 BC
836 2709 874 2747 T
1091 2710 1214 2749 tectis
1243 2709 1280 2747 T
1511 2726 1556 2752 11
1590 2714 1796 2755 Camarae
1818 2717 1857 2755 Β

113 2758 327 2797 volumine
355 2758 392 2798 T
554 2774 602 2799 12
633 2775 776 2801 camur
796 2763 906 2803 codd.
1073 2764 1158 2815 est]
1182 2765 1335 2804 dicitur
1351 2766 1386 2805 C
1553 2781 1600 2818 13
1629 2770 1858 2820 subtegant

117 2812 167 2852 Cl
321 2825 368 2862 15
399 2815 573 2854 resultat
597 2815 635 2854 T
648 2819 750 2867 (non
766 2817 819 2856 M
833 2818 957 2857 Harl.
977 2821 1099 2868 extr.)
1259 2822 1307 2858 16
1336 2822 1553 2861 deminuto
1570 2823 1611 2861 Β
1720 2826 1855 2865 oratio

115 2866 156 2905 Β
266 2879 312 2917 17
345 2868 500 2920 neque]
520 2875 643 2921 atque
667 2870 702 2910 C
799 2874 848 2911 18
877 2873 1029 2912 renitet
1050 2873 1173 2912 BCK
1257 2886 1308 2926 19
1336 2876 1434 2916 dim.
1457 2877 1593 2918 lacun.
1613 2880 1853 2920 antesticon

116 2921 249 2971 laque.
282 2923 333 2962 sa.
363 2923 426 2962 B:
463 2924 560 2964 dim.
593 2925 725 2975 laque.
758 2939 836 2976 per
863 2927 1086 2968 antisticon
1117 2929 1170 2966 fa.
1193 2929 1239 2967 K
1501 2932 1741 2973 lacunarum
1779 2935 1860 2974 BC

117 2988 169 3014 20
197 2976 296 3015 fecit
319 2977 353 3015 C
452 2978 554 3019 Abs.
576 2992 600 3018 a
621 2981 694 3020 Gr.
722 2981 757 3020 C
885 2995 934 3020 21
967 2982 1174 3034 absidam]
1196 2983 1340 3029 absida
1359 2983 1401 3022 Β
1527 2999 1579 3036 23
1607 2988 1858 3038 subliquaK

118 3029 220 3078 (non
239 3029 361 3071 Harl.
384 3034 506 3083 mir.)
623 3047 672 3083 25
703 3035 827 3074 fiebat
845 3035 922 3075 BC
927 3036 963 3074 T
1042 3038 1269 3077 redderent
1289 3038 1334 3078 K
1379 3070 1397 3074 ..
1457 3041 1510 3078 26
1538 3042 1670 3094 quod]
1692 3056 1796 3093 quae
1819 3045 1856 3083 Β

937 3135 1030 3174 M2
