2176 3424
1090 132 1362 182 ISIDORI

291 291 326 338 9
358 282 473 315 nam
515 260 632 329 ῥιφῆ
681 265 870 313 Graece
913 263 1127 327 impetus
1167 271 1214 313 et
1265 264 1384 328 ὁρμὴ
1423 262 1613 324 dicitur,
1655 264 1746 312 ἀπὸ
1786 267 1868 313 τοῦ
1907 265 2095 327 ῥίπτειν.

355 349 599 411 Olympus
634 362 778 394 mons
816 345 1148 395 Macedoniae
1181 344 1389 394 nimium
1410 346 1700 409 praecelsus,
1728 344 1794 394 ita
1819 354 1871 395 ut
1897 346 1988 395 sub
2013 345 2097 394 illo

351 430 511 479 nubes
539 445 646 478 esse
672 427 911 478 dicantur.
988 430 1067 478 De
1094 445 1194 491 quo
1213 427 1457 492 Vergilius
1485 426 1692 492 (Lucan.
1714 430 1754 487 2‘,
1781 428 1897 490 271)
1921 447 1930 476 ε

857 509 1032 560 Nubes
1072 509 1280 560 excessit
1318 511 1577 574 Olympus.

352 595 529 643 Dictus
554 601 721 642 autem
749 594 992 656 Olympus
1030 591 1172 655 quasi
1199 592 1504 655 OIoIampus,
1533 591 1585 641 id
1620 599 1693 640 est
1723 591 1862 654 quasi
1887 594 2092 640 caelum.
2122 611 2144 651 5

265 698 323 733 10
352 675 451 724 Hic
476 692 620 725 mons
649 675 1003 723 Macedoniam
1031 673 1205 723 dividit
1229 691 1258 722 a
1283 675 1508 722 Thracia.
1582 675 1743 722 Athos
1769 689 1911 722 mons
1933 676 2098 722 Mace-

347 760 540 818 doniae,
566 766 612 806 et
638 756 743 821 ipse
769 757 910 804 altior
937 754 1169 815 nubibus,
1198 765 1436 818 tantoque
1461 754 1683 804 sublimis
1704 764 1757 803 ut
1782 754 1831 802 in
1851 757 2097 803 Lemnum

346 842 522 890 umbra
546 841 649 889 eius
675 839 949 903 pertendat,
976 854 1102 901 quae
1122 837 1185 886 ab
1206 855 1266 886 eo
1292 837 1601 901 septuaginta
1626 854 1709 886 sex
1735 836 1933 885 milibus
1959 853 2098 901 sepa-

279 943 324 976 11
346 932 488 972 ratur.
564 925 808 970 Parnasus
836 937 980 969 mons
1009 919 1296 969 Thessaliae
1321 919 1453 968 iuxta
1484 919 1757 979 Boeotiam,
1787 920 1871 982 qui
1895 920 2097 983 gemino

346 1006 528 1054 vertice
571 1013 643 1052 est
692 1011 882 1051 erectus
931 1003 982 1050 in
1025 1002 1230 1050 caelum.
1321 1001 1422 1049 Hic
1469 1000 1520 1048 in
1562 1002 1662 1049 duo
1705 1000 1908 1049 finditur
1955 1000 2096 1064 iuga:
2125 1021 2172 1048 10

349 1088 586 1150 Cyrrham
615 1095 662 1133 et
690 1084 884 1133 Nissam
907 1103 920 1145 3
957 1085 1091 1133 unde
1112 1093 1160 1132 et
1180 1092 1493 1147 nuncupatus
1515 1102 1528 1143 3
1565 1100 1624 1131 eo
1652 1083 1789 1145 quod
1814 1082 1863 1129 in
1890 1081 2096 1146 singulis

348 1169 471 1233 iugis
499 1167 789 1217 colebantur
814 1169 998 1230 Apollo
1033 1176 1080 1215 et
1115 1166 1276 1215 Liber.
1351 1168 1495 1214 Haec
1525 1165 1637 1229 iuga
1673 1182 1702 1213 a
1726 1165 1923 1214 duobus
1949 1164 2098 1213 fratri-

348 1252 441 1301 bus
476 1251 745 1301 Cithaeron
781 1258 828 1298 et
863 1248 1082 1298 Helicon
1118 1250 1439 1312 appellantur.
1515 1249 1645 1296 Nam
1682 1247 1895 1296 Helicon
1937 1246 2097 1295 dictus

272 1348 326 1383 12
348 1331 412 1380 ab
451 1329 699 1379 Helicone
733 1330 877 1377 fratre
915 1327 1256 1392 Cythaeronis.
1331 1329 1460 1376 Item
1494 1326 1723 1377 Ceraunii
1757 1335 1871 1375 sunt
1904 1336 2098 1375 montes

351 1412 500 1478 Epiri,
528 1429 556 1461 a
582 1410 763 1461 crebris
789 1410 909 1460 dicti
935 1409 1238 1459 fulminibus.
1300 1411 1490 1459 Graece
1515 1409 1646 1459 enim
1672 1410 1859 1458 fulmen
1886 1409 2100 1473 κεραυνὸς
2124 1426 2171 1467 15

272 1510 326 1557 13
350 1494 541 1544 dicitur.
615 1492 944 1557 Appenninus
978 1509 1122 1541 mons
1155 1492 1429 1555 appellatus
1469 1490 1608 1554 quasi
1642 1492 1793 1554 Alpes
1828 1490 2093 1549 Poeninae,

351 1578 467 1640 quia
484 1575 742 1624 Hannibal
758 1574 962 1624 veniens
981 1575 1045 1623 ad
1073 1573 1266 1623 Italiam
1294 1574 1494 1623 easdem
1521 1574 1673 1636 Alpes
1698 1572 1899 1636 aperuit.
1949 1574 2098 1622 Vnde

353 1668 401 1708 et
427 1657 670 1721 Vergilius
691 1656 839 1722 (Aen.
868 1675 942 1715 10,
970 1655 1049 1720 13)
1074 1675 1084 1704 :

900 1740 1056 1802 Alpes
1093 1737 1296 1786 inmittit
1331 1745 1556 1800 apertas3

350 1825 438 1871 has
465 1821 596 1871 enim
621 1820 881 1870 Hannibal
906 1828 1019 1883 post
1038 1819 1168 1868 bella
1186 1818 1461 1882 Hispaniae
1484 1827 1626 1868 aceto
1651 1817 1780 1881 rupit
1800 1836 1813 1879 3
1852 1817 2097 1868 Iuvenalis
2125 1836 2176 1867 20

349 1903 450 1969 (10,
479 1903 625 1968 153)=

884 1985 947 2031 Et
986 1990 1210 2031 montem
1248 1980 1377 2044 rupit
1413 1990 1568 2030 aceto.

356 2069 420 2116 Et
458 2067 574 2117 inde
614 2067 722 2115 loca
762 2066 882 2130 ipsa,
925 2081 1055 2128 quae
1096 2063 1239 2127 rupit,
1285 2062 1615 2127 Appenninae
1652 2063 1804 2126 Alpes
1846 2070 2096 2111 vocantur.

271 2171 327 2218 14
354 2152 505 2198 Mons
543 2149 742 2198 Aethna
779 2162 837 2196 ex
868 2146 986 2210 igne
1020 2155 1068 2195 et
1103 2146 1335 2209 sulphure
1368 2145 1529 2194 dictus
1547 2163 1560 2206 3
1597 2146 1731 2193 unde
1767 2153 1815 2193 et
1840 2144 2096 2193 Gehenna.

352 2233 560 2282 Constat
589 2239 754 2279 autern
791 2230 925 2277 hunc
963 2229 1026 2277 ab
1065 2244 1124 2277 ea
1159 2235 1310 2291 parte,
1338 2243 1436 2290 qua
1470 2228 1630 2275 Eurus
1666 2227 1742 2275 vel
1771 2227 1965 2275 Africus
2002 2227 2100 2286 flat,
2127 2247 2176 2288 25

355 2313 536 2363 habere
562 2313 821 2375 speluncas
847 2312 1019 2375 plenas
1045 2310 1291 2373 sulphuris
1317 2317 1365 2358 et
1391 2325 1546 2371 usque
1582 2309 1646 2357 ad
1679 2324 1813 2357 mare
1845 2309 2096 2368 deductas,

356 2412 483 2460 quae
522 2396 785 2459 speluncae
821 2392 1113 2457 recipientes
1153 2391 1203 2440 in
1246 2407 1299 2441 se
1337 2392 1513 2440 fluctus
1551 2398 1754 2440 ventum
1797 2399 1977 2451 creant,
2015 2389 2100 2453 qui

411 2537 436 2576 5
466 2526 545 2565 dic.
568 2538 633 2563 au.
659 2524 726 2565 Ol.
750 2537 833 2565 om.
855 2523 911 2562 Β1
1079 2521 1216 2574 0101.]
1237 2521 1470 2570 ὄλολαμπὴς
1489 2520 1576 2562 edd.
1598 2520 1734 2560 Servii
1755 2519 1814 2560 ad
1829 2520 1934 2561 Aen.
1959 2533 1999 2570 4,
2021 2522 2101 2560 268

358 2595 380 2632 7
404 2587 446 2621 et
467 2580 558 2631 ipse
580 2593 662 2620 om.
686 2579 733 2617 K
840 2578 983 2617 lemno
1002 2576 1112 2618 codd.
1240 2577 1266 2615 8
1288 2575 1417 2627 sept.]
1438 2576 1652 2625 octoginta
1670 2574 1782 2615 codd.
1801 2574 1949 2625 solini,
1970 2587 2031 2626 11,
2048 2587 2101 2625 33

358 2635 459 2688 sex]
494 2640 660 2685 septem
691 2632 738 2671 K
899 2646 927 2683 9
954 2632 1157 2671 bor-etiam
1198 2630 1236 2669 T
1357 2630 1527 2681 gemine
1560 2629 1602 2668 Β
1770 2642 1819 2668 10
1847 2630 1915 2668 hic
1949 2630 2032 2669 duo
2068 2628 2107 2668 T

358 2693 578 2740 finguntur
595 2688 637 2727 Β
763 2701 809 2726 11
842 2688 950 2727 cirra
969 2686 1048 2726 BC
1053 2686 1111 2726 T:
1141 2698 1262 2726 cerra
1280 2685 1326 2724 K
1432 2685 1547 2724 nissa
1567 2683 1646 2724 BC
1650 2683 1708 2724 T:
1736 2684 1827 2723 nisa
1846 2684 1893 2722 K
1997 2696 2101 2722 nun-

361 2751 538 2796 cupatur
557 2742 603 2782 K
606 2742 641 2782 C
657 2748 706 2783 ut
722 2742 803 2784 vid.
920 2755 968 2780 12
996 2755 1020 2780 a
1039 2755 1122 2782 om.
1155 2740 1193 2779 T
1318 2752 1366 2789 13
1397 2740 1556 2780 citeron
1577 2738 1687 2780 codd.
1800 2738 1936 2778 elicon
1957 2738 2036 2777 BC
2040 2737 2101 2776 T:

362 2801 488 2840 ilicon
503 2799 550 2837 K
568 2798 753 2850 (ubique)
888 2810 936 2846 14
966 2796 1167 2836 citeronis
1186 2794 1263 2834 CT
1272 2808 1282 2834 t
1313 2795 1519 2835 ciceronis
1538 2794 1625 2833 ΒΚ
1734 2793 1850 2832 Inter
1870 2793 1931 2832 T:
1950 2805 2033 2832 om.
2058 2791 2105 2830 K

361 2855 564 2895 ceraunei
595 2852 663 2891 K:
715 2852 775 2891 -ni
810 2851 872 2891 C:
916 2852 1007 2891 —nia
1036 2850 1211 2891 Servius
1246 2849 1307 2889 ad
1335 2849 1480 2901 Georg.
1518 2863 1553 2902 1,
1571 2860 1650 2899 332
1814 2860 1897 2888 mo.
1931 2852 2029 2886 sunt
2058 2846 2105 2885 K

367 2922 416 2959 15
446 2909 571 2949 dictis
589 2907 632 2946 B
739 2905 982 2945 fluminibus
1009 2906 1095 2945 TC1
1205 2904 1301 2944 elim
1331 2902 1369 2942 Τ
1493 2907 1543 2944 16
1570 2902 1824 2953 Apenninus
1843 2900 1908 2941 B:
1938 2900 2102 2952 Appin-

365 2963 550 3003 ninusK
633 2961 873 3012 appellatur
887 2960 965 3000 CT
1046 2958 1199 3011 Poen.]
1221 2958 1373 3009 penice
1392 2959 1472 3000 BC
1477 2958 1515 2998 T
1529 2972 1539 2998 :
1558 2957 1728 3008 pinicae
1742 2955 1789 2994 K
1880 2968 1933 3007 23
1953 2956 2101 3007 appin-

366 3019 493 3057 ninae
514 3017 584 3056 K:
614 3017 828 3056 Poeninae
855 3015 970 3056 Serv.
997 3014 1056 3055 ad
1069 3014 1178 3055 Aen.
1202 3026 1333 3066 10,13
1496 3026 1548 3063 24
1576 3012 1655 3054 Ae.
1679 3023 1802 3051 mons
1821 3008 1869 3048 K
1971 3011 2103 3050 ethna

366 3072 454 3112 ΒΚ
459 3072 497 3110 T
508 3087 517 3112 :
546 3078 646 3111 etna
666 3071 702 3110 C
821 3082 988 3120 geenna
1015 3070 1075 3110 T:
1103 3081 1244 3120 genna
1273 3067 1363 3108 CB2
1386 3083 1395 3109 ε
1422 3081 1533 3119 gena
1556 3066 1615 3106 Β1
1778 3078 1830 3116 25
1858 3079 1909 3105 ea
1937 3079 1988 3105 ex
2015 3079 2039 3104 e
2071 3063 2109 3103 T
2164 3106 2166 3110 ,

368 3129 470 3166 flant
488 3126 584 3167 hab.
608 3139 671 3178 sp.
696 3131 739 3165 et
758 3124 816 3177 pl.
831 3123 948 3165 Serv.
964 3123 1024 3164 ad
1037 3124 1143 3164 Aen.
1165 3136 1206 3174 3,
1222 3135 1299 3174 571
1385 3126 1439 3162 26
1457 3123 1605 3174 plenas
1624 3134 1706 3161 om.
1727 3118 1774 3158 K
1853 3133 1903 3170 27
1923 3125 2039 3160 creat
2059 3117 2106 3157 K
