2176 3424
1071 104 1341 152 ISIDORI

245 248 301 294 31
325 248 672 296 nuncupamus
692 251 705 294 3
741 242 787 281 et
822 242 894 281 est
929 234 1176 281 Graecum
1211 250 1411 282 nomen.
1484 235 1811 285 Centuriones
1847 237 1979 297 dicti,
2021 253 2081 286 eo

325 315 462 376 quod
487 323 689 369 centum
722 314 938 378 praesint
973 313 1210 363 militibus
1227 334 1239 376 3
1277 315 1402 364 sicut
1435 316 1855 380 quinquagenarii,
1883 317 1998 381 quia
2031 317 2081 366 in

325 397 486 458 capite
523 406 637 444 sunt
675 395 1031 459 quinquaginta
1068 395 1279 445 militum
1299 416 1311 457 3
1355 399 1481 446 sicut
1518 398 1707 459 decani,
1747 400 1810 448 ab
1849 416 1909 448 eo
1945 401 2082 463 quod

232 491 301 543 32
324 478 499 526 decem
536 477 775 526 militibus
807 480 1159 541 praeferuntur.
1236 479 1383 528 Miles
1418 479 1595 541 dictus,
1628 483 1743 544 quia
1780 484 1915 531 mille
1945 491 2083 532 erant

322 567 438 607 ante
464 560 514 606 in
542 576 750 608 numero
776 576 891 620 uno,
920 562 996 608 vel
1022 559 1138 623 quia
1162 578 1289 609 unus
1317 571 1390 609 est
1410 578 1467 610 ex
1490 561 1622 611 mille
1639 564 1840 612 electus.
1898 567 2083 612 Romu·
2106 580 2129 619 -5

322 642 397 689 lus
423 651 589 689 autem
607 641 793 704 primus
814 659 871 691 ex
897 644 1083 705 populo
1100 644 1278 691 milites
1299 643 1508 707 sumpsit
1528 652 1576 692 et
1595 644 1873 707 appellavit.
1934 646 2084 694 Liber

234 730 298 777 33
322 739 437 771 vero
476 722 662 786 primus
706 723 907 773 militiae
949 724 1175 773 ordinem
1214 726 1397 774 docuit.
1490 725 1637 774 Miles
1676 735 1760 774 aut
1808 726 2082 775 ordinarius

322 803 514 864 dicitur,
545 814 630 853 aut
663 805 1089 855 extraordinarius.
1164 807 1456 856 Ordinarius
1491 816 1577 867 est,
1617 807 1701 870 qui
1731 824 1817 871 per
1855 808 2079 857 ordinem

324 885 512 945 militat,
541 903 633 934 nec
658 889 823 936 adhuc
840 887 1373 951 aliquen1]consecutus
1394 898 1467 937 est
1486 891 1693 952 gradum
1715 890 1929 939 honoris.
1993 893 2083 939 Est

324 967 457 1015 enim
493 968 752 1031 gregarius,
782 969 832 1018 id
864 979 936 1018 est
962 970 1161 1018 humilis
1196 970 1412 1020 militiae.
1487 971 1913 1020 Extraordinarius
1951 988 2082 1031 vero,
2108 988 2157 1018 10

235 1066 300 1114 34
324 1049 408 1112 qui
425 1050 491 1098 ob
507 1051 735 1099 virtutem
754 1061 1070 1114 promovetur
1086 1069 1143 1100 ex
1158 1052 1344 1101 ordine.
1399 1052 1603 1101 Emeriti
1620 1052 1851 1101 dicuntur
1867 1056 2082 1102 veterani

323 1131 570 1194 solutique
596 1132 781 1193 militia,
811 1134 896 1196 qui
921 1133 1018 1182 iam
1044 1134 1093 1182 in
1111 1151 1203 1182 usu
1228 1134 1401 1197 proelii
1418 1151 1519 1182 non
1544 1144 1671 1194 sunt,
1694 1144 1741 1183 et
1767 1134 1883 1197 quia
1908 1137 2080 1183 mereri

324 1212 532 1262 militare
558 1214 748 1274 dicitur,
778 1216 841 1263 ab
868 1215 1125 1278 stipendiis
1160 1215 1346 1264 scilicet
1372 1232 1499 1278 quae
1525 1225 1785 1264 merentur.
1862 1218 2006 1265 Idem
2032 1226 2081 1265 et

323 1295 540 1343 veterani
577 1296 821 1357 dicuntur,
851 1299 967 1360 quia
1000 1299 1097 1346 iam
1133 1298 1182 1345 in
1209 1315 1301 1346 usu
1332 1297 1505 1361 proelii
1540 1314 1642 1345 non
1679 1307 1806 1355 sunt,
1848 1299 1936 1346 sed
1968 1307 2080 1360 post

237 1390 301 1439 35
326 1379 507 1425 multos
534 1377 735 1427 militiae
762 1379 954 1427 labores
975 1379 1153 1442 quietis
1171 1379 1454 1442 suffragium
1473 1388 1855 1442 consequuntur.
1918 1381 2079 1442 Eque-
2106 1399 2152 1447 35

324 1468 445 1507 stres
490 1459 668 1508 milites
712 1460 832 1508 dicti
875 1463 1011 1523 quod
1052 1478 1183 1524 equo
1226 1462 1443 1510 sedeant.
1520 1463 1648 1510 Item
1691 1460 1867 1509 militat
1908 1460 1988 1509 ille
2028 1460 2078 1508 in

230 1545 298 1603 36
322 1543 536 1604 equestri
563 1542 750 1591 ordine.
811 1542 1021 1591 Tirones
1047 1543 1278 1591 dicuntur
1303 1544 1450 1592 fortes
1475 1542 1627 1606 pueri,
1656 1542 1740 1606 qui
1765 1544 1828 1591 ad
1854 1542 2077 1590 militiam

321 1626 611 1688 delegantur
634 1634 783 1687 atque
807 1624 953 1673 armis
979 1625 1206 1688 gerendis
1233 1624 1421 1673 habiles
1446 1624 1673 1674 existunt.
1727 1623 1799 1672 Hi
1818 1624 1950 1672 enim
1976 1641 2078 1672 non
2155 1662 2157 1666 Α

322 1723 381 1754 ex
407 1708 511 1755 sola
536 1706 842 1769 professione
858 1707 1139 1767 nativitatis,
1170 1708 1257 1756 sed
1287 1715 1490 1770 aspectu
1525 1717 1572 1755 et
1606 1706 1876 1755 valitudine
1909 1722 2078 1770 corpo-

320 1789 383 1837 ris
409 1788 762 1838 existimantur.
834 1790 982 1837 Vnde
999 1798 1047 1837 et
1063 1788 1246 1837 tirones
1273 1788 1405 1848 dicti,
1429 1788 1615 1851 quique
1639 1798 1906 1851 antequam
1924 1805 2076 1836 sacra·
2099 1809 2149 1837 20

234 1878 296 1928 37
322 1881 490 1920 mento
516 1870 711 1934 probati
736 1870 845 1931 sint,
875 1870 1054 1919 milites
1079 1888 1182 1919 non
1206 1880 1333 1919 sunt.
1410 1873 1668 1919 Romanae
1687 1879 1853 1919 autem
1873 1869 2075 1918 militiae

321 1969 428 2001 mos
458 1952 548 2001 fuit
581 1953 792 2015 puberes
829 1952 1013 2015 primos
1051 1969 1274 2001 exercere
1305 1951 1469 2000 armis.
1542 1955 1672 2001 Nam
1709 1961 1847 2001 sexto
1877 1951 2074 2001 decimo

317 2052 450 2084 anno
475 2035 658 2084 tirones
684 2034 975 2095 militabant,
995 2052 1095 2098 quo
1112 2035 1259 2083 etiam
1286 2036 1392 2084 solo
1419 2034 1510 2083 sub
1537 2034 1826 2084 custodibus
1846 2035 2071 2098 agebant,

320 2118 383 2164 de
410 2117 589 2179 quibus
615 2117 860 2180 Vergilius
888 2117 1033 2182 (Aen.
1063 2132 1102 2178 7,
1129 2116 1240 2178 162)
1263 2137 1272 2165 ι

866 2202 929 2247 Et
966 2198 1125 2262 primo
1164 2201 1283 2247 flore
1319 2198 1560 2247 iuventus.
2095 2218 2143 2259 25

232 2286 297 2345 38
320 2282 496 2330 Servos
522 2298 640 2330 sane
665 2298 937 2344 numquam
968 2280 1200 2330 militasse
1225 2289 1432 2340 constat,
1455 2279 1549 2329 nisi
1574 2279 1805 2330 servitute
1830 2280 2067 2343 deposita,

319 2373 526 2426 excepto
560 2363 861 2412 Hannibalis
895 2373 1130 2426 tempore,
1160 2380 1274 2413 cum
1307 2371 1419 2426 post
1450 2364 1714 2431 Cannense
1743 2362 1985 2425 proelium
2019 2362 2068 2411 in

318 2454 453 2494 tanta
473 2445 766 2494 necessitate
791 2445 998 2494 fuissent
1025 2445 1255 2504 Romani,
1285 2454 1338 2493 ut
1367 2461 1431 2493 ne
1463 2444 1831 2493 liberandorum
1864 2444 2066 2507 quidem

378 2586 394 2611 1
429 2580 493 2613 et.
513 2604 522 2612 .
543 2605 550 2613 .
570 2587 682 2613 nom.
706 2589 789 2614 om.
817 2574 976 2626 K(non
993 2575 1056 2627 A)
1169 2587 1278 2613 nom.
1306 2574 1379 2612 Gr.
1406 2573 1443 2611 T
1557 2586 1581 2610 2
1611 2586 1673 2612 ce.
1694 2579 1900 2622 praesunt
1919 2574 2066 2614 ABC:

320 2635 523 2678 praesunt
545 2642 605 2669 ce.
629 2629 675 2666 K
780 2631 851 2679 qui
872 2630 914 2668 in
937 2629 984 2667 K
1089 2642 1113 2678 3
1136 2629 1188 2667 ab
1209 2642 1290 2668 om.
1314 2627 1360 2666 K
1466 2642 1490 2677 4
1521 2627 1673 2666 dicitur
1695 2627 1730 2666 C
1836 2639 1860 2677 5
1882 2634 2007 2666 antea
2025 2629 2066 2666 B

320 2696 341 2731 7
372 2682 460 2722 Mil.
484 2690 623 2722 autem
645 2685 735 2723 ord.
761 2684 806 2722 K
1022 2697 1070 2721 12
1099 2683 1298 2733 solitique
1324 2683 1362 2721 T
1595 2682 1769 2720 militiae
1791 2682 1906 2734 (—tie)
1932 2682 2071 2721 C1KT

322 2750 371 2786 13
403 2738 601 2776 dicuntur
624 2738 673 2776 Cl
820 2738 916 2789 stip.
937 2739 1036 2777 licet
1052 2738 1109 2776 Cl
1261 2750 1308 2787 14
1339 2737 1437 2787 quia
1459 2767 1468 2777 .
1493 2768 1501 2777 .
1526 2766 1536 2776 .
1559 2743 1658 2775 sunt
1679 2750 1763 2777 om.
1790 2737 1828 2775 T
1930 2737 2000 2786 qui
2022 2737 2069 2775 K

318 2792 400 2830 iam
422 2805 520 2832 corr.
544 2805 593 2831 ex
609 2806 732 2842 quam
755 2795 796 2832 Β
924 2796 975 2832 16
1004 2805 1137 2842 equos
1156 2791 1226 2831 K:
1257 2806 1338 2842 ego
1361 2792 1412 2831 Cl
1524 2792 1635 2830 idem
1656 2790 1703 2829 K
1807 2790 1989 2830 militant
2013 2791 2063 2830 C1

322 2859 369 2896 17
390 2847 490 2896 quia
509 2847 702 2886 militiam
726 2848 776 2886 C1
871 2849 919 2886 18
940 2848 1137 2897 regendis
1150 2846 1198 2885 K
1287 2860 1335 2897 19
1354 2847 1430 2885 sed
1447 2847 1498 2885 ab
1515 2859 1604 2896 asp.
1623 2844 1688 2885 K:
1711 2845 1787 2884 sed
1804 2859 1859 2884 ex
1878 2857 1968 2894 asp.
1983 2845 2070 2885 BT

317 2914 371 2940 20
401 2902 576 2954 quique]
608 2902 678 2951 qui
712 2902 769 2941 C:
806 2902 903 2951 quia
931 2901 1132 2941 Schwarz
1334 2914 1383 2940 21
1417 2914 1480 2952 pr.
1513 2905 1614 2940 sunt
1642 2899 1748 2938 B1T
1896 2900 1982 2938 sint
2012 2899 2062 2939 Cl

318 2968 370 2994 22
399 2956 583 3006 primos]
607 2956 809 3006 plurimos
829 2957 869 2995 Β
1001 2956 1191 2995 exerceri
1211 2955 1290 2994 BC
1448 2968 1500 3005 23
1529 2953 1631 3005 quo]
1653 2954 1766 3003 quod
1788 2953 1866 2999 Clt
1894 2967 2000 3003 quos
2019 2954 2066 2993 K

317 3010 409 3049 solo
430 3024 513 3050 om.
537 3009 612 3103 KK
702 3022 753 3060 25
784 3011 1038 3062 primefores
1064 3011 1102 3051 T
1206 3010 1421 3061 primaevo
1442 3011 1481 3056 ss.
1510 3008 1621 3061 Virg.
1752 3010 1804 3047 26
1833 3007 1934 3061 nisi]
1958 3010 1992 3048 si
2009 3008 2060 3048 C'l

318 3066 370 3102 28
400 3071 444 3106 ut
465 3079 544 3105 nec
1359 3073 1361 3075 '
2043 3087 2048 3090 ·
