2176 3424
1041 70 1311 119 ISIDORI

219 208 280 247 xl
442 198 524 243 DE
541 210 857 243 VEstTATE.
924 199 1203 259 Hucusque
1219 207 1380 260 partes
1397 199 1776 248 constructionis
1799 220 1806 249 :
1838 203 2056 264 sequitur

305 278 367 326 de
405 287 660 327 venustate
692 277 1043 328 aedificiorum.
1119 281 1365 328 Venustas
1396 289 1468 328 est
1501 281 1744 344 quidquid
1774 281 1894 331 illud
1920 299 2057 331 orna-

306 359 460 408 menti
497 370 545 409 et
575 361 768 410 decoris
798 378 945 410 causa
978 360 1214 410 aedificiis
1245 359 1455 421 additur,
1484 371 1536 410 ut
1566 372 1807 412 tectorum
1844 381 1964 413 auro
1989 365 2056 414 di-

307 441 486 491 stincta
501 442 749 505 laquearia
765 452 813 491 et
830 442 1030 506 pretiosi
1047 442 1302 491 marmoris
1320 452 1565 492 crustaeet
1582 446 1804 493 colorum
1821 446 2053 509 picturae.

199 523 285 564 XII
446 527 528 573 DE
555 540 883 582 LAQVEARIIS.
957 524 1231 587 Laquearia
1246 534 1359 573 sunt
1379 542 1505 588 quae
1530 542 1774 575 cameram
1793 528 2059 592 subtegunt
2083 552 2103 592 5

306 616 354 655 et
401 616 590 666 ornant,
637 625 764 670 quae
807 615 856 656 et
894 606 1143 655 lacunaria
1185 606 1416 655 dicuntur
1458 609 1594 670 quod
1636 609 1769 656 lacus
1812 612 2055 671 quosdam

304 690 569 751 quadratos
612 691 687 738 vel
727 690 968 738 rotundos
1007 688 1140 752 ligno
1177 690 1254 737 vel
1289 705 1442 752 gypso
1479 691 1555 737 vel
1591 689 1840 738 coloribus
1878 692 2058 741 habeat

303 767 462 830 pictos
496 785 610 816 cum
649 767 798 831 signis
836 767 1276 816 intermicantibus.
1349 767 1686 831 Principaliter
1720 778 1886 817 autern
1923 772 2057 818 lacus

304 848 494 909 dicitur,
525 858 578 898 ut
605 849 823 898 Lucilius
852 849 1025 914 (1290)
1048 870 1056 899 :

746 934 1010 981 Resultant
1046 933 1293 994 aedesque
1329 934 1578 995 lacusque.
2085 959 2133 986 10

304 1013 459 1063 Cuius
486 1013 751 1063 diminutio
777 1016 977 1062 lacunar
1004 1013 1130 1073 facit,
1160 1022 1213 1061 ut
1241 1012 1479 1062 Horatius
1507 1012 1584 1078 (C.
1611 1031 1650 1073 2,
1677 1014 1756 1077 18)
1783 1034 1791 1063 :

779 1098 957 1158 Neque
993 1113 1196 1144 aureum

712 1194 823 1226 mea
859 1178 1050 1227 renidet
1087 1177 1137 1225 in
1173 1178 1327 1226 domo
1365 1179 1580 1225 lacunar.

306 1258 432 1306 Inde
470 1259 521 1306 fit
559 1258 654 1307 alia
691 1258 955 1308 diminutio
993 1258 1296 1307 lacunarium
1317 1277 1329 1319 3
1366 1267 1414 1307 et
1444 1274 1529 1321 per
1567 1260 1835 1326 ἀντίστιχον
1866 1263 2059 1325 laquea-

304 1338 427 1387 rium
457 1340 583 1389 facit.
2086 1364 2130 1404 15

172 1429 279 1468 XIII
444 1423 525 1469 DE
565 1437 790 1471 CRVSTIS.
867 1425 1072 1472 Crustae
1111 1423 1308 1472 tabulae
1348 1431 1460 1471 sunt
1499 1422 1788 1484 marmoris3
1841 1425 1973 1473 unde
2012 1434 2058 1473 et

306 1503 586 1552 marmorati
626 1506 835 1568 parietes
879 1505 1078 1554 crustati
1127 1504 1370 1553 dicuntur.
1462 1506 1560 1566 Qui
1604 1514 1770 1554 autem
1816 1523 2060 1554 marmora

305 1586 504 1634 secandi
543 1585 592 1646 in
632 1595 817 1635 crustas
855 1586 1237 1650 excogitaverint
1274 1603 1374 1634 non
1419 1595 1626 1635 constat.
1702 1586 1849 1635 Fiunt
1891 1597 2056 1637 autem

304 1683 451 1715 arena
500 1677 548 1716 et
590 1670 715 1716 ferro
753 1685 982 1731 serraque
1030 1669 1079 1716 in
1123 1668 1376 1732 praetenui
1417 1668 1545 1717 linea
1585 1679 1839 1731 premente
1887 1686 2057 1718 arenas

305 1758 563 1811 tractuque
588 1749 697 1812 ipso
723 1759 935 1809 secante,
956 1752 1044 1799 sed
1070 1750 1276 1799 crassior
1295 1767 1443 1799 arena
1463 1752 1572 1813 plus
1593 1750 1752 1800 erodit
1773 1752 2027 1800 marmoris
2047 1771 2059 1812 ,-
2083 1778 2132 1805 20

306 1846 420 1878 narn
449 1830 611 1879 tenuis
638 1831 834 1880 fabricis
861 1841 909 1880 et
934 1831 1157 1895 polituris
1183 1833 1569 1880 adcommodata
1596 1841 1681 1880 est.

179 1916 283 1956 XIV
443 1914 524 1960 DE
551 1928 943 1962 LITHOSTROTIS.
1003 1913 1306 1962 Lithostrota
1325 1922 1438 1961 sunt
1455 1913 1705 1962 elaborata
1723 1923 1824 1963 arte
1841 1914 2059 1978 picturae

305 1994 515 2056 parvolis
553 1995 727 2044 crustis
762 2012 820 2044 ac
859 1995 1066 2045 tessellis
1103 1995 1268 2044 tinctis
1299 1995 1348 2042 in
1383 1994 1541 2044 varios
1573 1997 1777 2045 colores.
1851 1997 2056 2046 Tesselli

305 2083 468 2123 autem
510 2074 669 2143 [sunt]
707 2094 736 2125 a
772 2077 965 2126 tesseris
998 2076 1253 2136 nominati,
1290 2076 1339 2126 id
1374 2087 1446 2125 est
1482 2077 1732 2139 quadratis
1766 2077 1940 2140 lapillis
1974 2095 2059 2140 per

306 2156 705 2207 diminutionem.
2084 2183 2131 2222 25

201 2239 283 2278 XV
445 2241 526 2286 DE
554 2254 771 2289 PLASTIS.
847 2240 1056 2289 Plastice
1082 2250 1154 2289 est
1180 2239 1421 2304 parietum
1444 2257 1502 2289 ex
1521 2257 1673 2303 gypso
1699 2240 1880 2304 effigies
1906 2243 2060 2304 signa-

307 2337 404 2383 que
445 2321 715 2383 exprimere
764 2322 999 2386 pingique
1048 2322 1310 2371 coloribus.
1402 2323 1611 2371 Plastice
1658 2331 1824 2370 autem
1868 2322 2056 2370 dictum

366 2464 382 2488 1
419 2450 653 2500 Hucusque
678 2481 686 2490 .
716 2481 725 2490 .
751 2481 758 2490 .
783 2453 876 2491 aed.
905 2465 988 2492 om.
1006 2452 1115 2492 KN:
1148 2453 1241 2493 aed.
1263 2465 1345 2491 om.
1370 2452 1410 2490 Β
1556 2465 1580 2500 3
1614 2465 1741 2491 causa
1762 2466 1845 2492 om.
1882 2451 1918 2488 T
1994 2452 2058 2503 ut]

308 2511 350 2544 et
374 2504 448 2542 Cl:
480 2511 524 2543 ut
546 2511 586 2544 et
617 2505 653 2542 T
755 2520 780 2555 4
811 2508 1002 2555 picturae
1023 2521 1106 2546 om.
1136 2507 1172 2544 T
1291 2519 1314 2555 5
1346 2520 1514 2545 camera
1538 2506 1579 2544 K
1701 2509 1726 2545 6
1755 2507 1871 2546 lacos
1890 2505 2059 2545 BClK:

308 2560 455 2609 laquos
485 2559 522 2596 T
681 2573 701 2608 7
734 2562 962 2610 quadratus
983 2562 1024 2599 Β
1133 2561 1221 2612 vel]
1243 2567 1284 2599 et
1307 2561 1353 2598 K
1460 2562 1649 2600 rotundis
1667 2561 1713 2599 C¹
1881 2575 1907 2610 9
1939 2560 2060 2611 Luc.]

308 2614 442 2653 lucius
462 2613 549 2651 ΒΤ
722 2627 769 2653 10
799 2617 1019 2665 lacumque
1041 2615 1085 2653 K
1266 2629 1313 2664 13
1345 2617 1496 2655 renitet
1516 2616 1578 2655 B:
1611 2615 1758 2654 renitit
1780 2615 1845 2654 K:
1879 2616 1986 2653 ridet
2011 2615 2058 2653 C¹

314 2682 359 2715 14
391 2668 488 2708 dim.
508 2669 749 2707 lacunarum
781 2669 818 2707 T
922 2670 1223 2720 laquearumB
1361 2673 1409 2708 16
1438 2683 1702 2709 marmoreae
1721 2670 1755 2709 C
1893 2683 1939 2718 17
1970 2682 2059 2718 par.

309 2730 352 2762 et
391 2730 516 2764 crust.
563 2722 598 2761 C
745 2725 838 2773 quis
872 2738 936 2764 au.
977 2724 1083 2763 B1T
1299 2726 1347 2762 18
1379 2725 1688 2775 excogitaverit
1735 2725 1772 2763 T
1794 2726 1894 2773 fort.
1937 2729 2059 2762 recte:

311 2783 428 2816 -runt
449 2778 490 2815 Β
584 2784 781 2817 constant
803 2779 848 2816 K
987 2793 1036 2829 19
1063 2792 1243 2829 seraque
1261 2779 1303 2817 in
1326 2781 1523 2829 protenui
1545 2779 1586 2817 B
1698 2792 1752 2817 20
1781 2779 1929 2817 erodet
1945 2777 2066 2816 BCT

311 2844 544 2871 marmores
566 2832 612 2870 K
770 2846 818 2871 21
853 2835 1129 2872 adcommoda
1152 2836 1254 2884 (om.
1280 2835 1365 2879 est)
1388 2834 1435 2872 K
1631 2847 1684 2872 22
1716 2834 1943 2872 Litostrata
1963 2831 2068 2869 BlT

312 2887 496 2927 laborata
541 2886 579 2924 T
739 2900 790 2936 24
820 2895 918 2927 sunt
957 2889 1048 2927 hab.
1092 2888 1157 2928 K:
1205 2902 1290 2927 om.
1324 2888 1449 2927 BCT
1607 2890 1660 2926 26
1691 2888 1904 2926 Plasticen
1946 2885 2058 2926 codd.

312 2942 433 2989 signa
454 2955 621 2991 queque
652 2941 746 2992 T(1'.
758 2956 787 2981 e.
810 2945 1023 2995 quaeque)
1215 2957 1266 2992 27
1297 2945 1376 2982 col.
1402 2948 1578 2993 possunt
1599 2944 1657 2992 pl.
1686 2942 1723 2980 T
1854 2941 2059 2991 plasticen

312 2995 423 3034 codd.
443 3010 450 3035 ε
483 2995 676 3035 πλάττειν
698 2997 819 3035 Arev.
961 3003 1100 3036 autem
1124 3010 1205 3036 om.
1239 2997 1276 3035 T
