2228 3444
1087 155 1360 203 ISIDORI

343 279 394 326 in
427 290 589 343 partes
619 298 804 345 aequas
838 282 1010 347 recipit
1045 285 1330 346 sectionem,
1361 288 1449 335 sed
1484 297 1645 350 partes
1671 287 1775 336 eius
1802 306 1917 336 mox
1950 288 2095 337 indis-

345 361 583 412 secabiles
617 374 923 427 permanent,
953 374 1006 414 ut
1032 382 1098 426 VI,
1128 382 1163 414 X
1190 377 1237 415 et
1267 383 1493 429 XXXVIII,
1524 385 1565 418 L.
1642 371 1763 418 Mox
1797 369 1930 419 enim
1959 371 2093 418 hunc

340 460 603 493 numerum
647 445 893 507 divideris,
939 447 1144 497 incurris
1187 449 1237 497 in
1280 466 1542 499 numerum
1586 468 1735 514 quem
1778 468 1943 500 secare
1990 469 2092 500 non

286 546 318 594 5
340 525 511 588 possis.
589 528 830 591 Inpariter
866 546 952 592 par
989 547 1223 579 numerus
1258 540 1343 590 est,
1381 533 1519 581 cuius
1557 543 1718 596 partes
1756 533 1902 582 etiam
1940 532 2093 582 dividi

339 617 562 670 possunt,
592 610 680 658 sed
715 626 873 674 usque
896 613 961 660 ad
988 611 1227 662 unitatem
1254 630 1357 662 non
1382 614 1689 677 perveniunt,
1721 625 1774 664 ut
1799 630 1943 663 XXIV.
2021 614 2092 663 Hi

339 690 472 737 enim
500 689 549 738 in
576 691 895 741 medietatem
916 692 1059 742 divisi
1094 709 1170 743 XII
1203 696 1390 743 faciunt
1416 713 1708 760 rursumque
1739 697 1790 745 in
1823 697 1969 745 aliam
1995 713 2093 746 me—

339 772 574 821 dietatem
594 788 660 833 VI,
680 773 863 823 deinde
885 773 934 822 in
955 774 1099 823 aliam
1123 785 1217 824 tres
1230 795 1243 837 3
1274 786 1321 825 et
1342 779 1466 825 ultra
1486 777 1779 827 divisionem
1800 796 1902 828 non
1923 777 2092 841 recipit

340 852 493 901 sectio
520 853 614 914 illa,
643 856 731 904 sed
756 866 871 905 ante
907 858 1147 906 unitatem
1183 857 1430 907 invenitur
1463 860 1715 921 terminus,
1745 877 1893 924 quem
1928 877 2092 909 secare

280 940 315 986 6
341 951 442 982 non
469 936 642 998 possis.
709 940 951 1001 Inpariter
976 938 1116 1003 inpar
1136 950 1222 999 est,
1243 941 1327 1004 qui
1352 941 1415 990 ab
1445 942 1600 1006 inpari
1628 928 1836 991 numero
1862 941 2092 1004 inpariter

340 1028 661 1079 mensuratur,
686 1030 738 1068 ut
759 1035 880 1081 XXV,
905 1036 1034 1069 XLIX
1053 1041 1065 1082 3
1102 1022 1187 1085 qui
1213 1025 1333 1071 dum
1362 1022 1458 1071 sint
1484 1025 1678 1087 inpares
1704 1024 1911 1083 numeri,
1935 1024 1997 1072 ab
2024 1022 2090 1071 in-

336 1098 535 1161 paribus
573 1099 721 1149 etiam
756 1103 975 1164 partibus
1011 1103 1312 1164 dividuntur,
1351 1115 1403 1153 ut
1439 1105 1619 1168 septies
1651 1105 1842 1169 septeni
1878 1121 2005 1153 XLIX
2043 1115 2091 1155 et

337 1182 601 1244 quinquies
628 1182 765 1246 quini
792 1199 913 1232 XXV.
980 1185 1234 1248 Inparium
1251 1204 1570 1235 numerorum
1591 1189 1671 1235 alii
1693 1187 1939 1251 simplices
1960 1196 2088 1246 sunt,

287 1281 313 1330 7
336 1263 416 1311 alii
443 1264 703 1326 conpositi,
724 1265 806 1313 alii
834 1266 1124 1316 mediocres.
1188 1269 1446 1332 Simplices
1474 1279 1600 1330 sunt,
1624 1271 1708 1333 qui
1730 1271 1917 1318 nullam
1944 1270 2089 1317 aliam

335 1354 523 1407 partem
551 1346 737 1396 habent
763 1347 856 1396 nisi
883 1350 1039 1397 solam
1066 1349 1322 1411 unitatem,
1352 1360 1404 1400 ut
1430 1351 1669 1400 ternarius
1696 1353 1851 1400 solam
1880 1350 2086 1409 tertiam,

336 1436 383 1474 et
420 1427 672 1490 quinarius
710 1431 866 1478 solam
904 1431 1142 1493 quintam,
1185 1442 1232 1481 et
1270 1421 1575 1496 septenarius
1613 1435 1769 1481 solam
1810 1433 2085 1496 septimam.

339 1510 434 1557 His
470 1509 602 1558 enim
637 1527 735 1559 una
769 1529 879 1575 pars
915 1515 1019 1561 sola
1053 1523 1139 1562 est.
1215 1513 1476 1576 Conpositi
1511 1524 1637 1574 sunt,
1667 1514 1751 1578 qui
1788 1531 1890 1562 non
1928 1515 2088 1563 solum

336 1591 525 1640 unitate
565 1592 848 1653 metiuntur,
890 1596 978 1643 sed
1021 1594 1169 1642 etiam
1209 1594 1371 1644 alieno
1414 1613 1622 1645 numero
1665 1605 1995 1660 procreantur,
2036 1605 2089 1644 ut

337 1690 531 1734 novem,
559 1690 629 1722 XV
656 1684 704 1724 et
729 1691 840 1724 XXI.
903 1676 1130 1725 Dicimus
1157 1678 1290 1726 enim
1317 1687 1389 1726 ter
1414 1679 1552 1738 terni,
1581 1688 1628 1727 et
1655 1677 1834 1742 septies
1861 1677 1997 1738 terni,
2018 1686 2089 1725 ter

282 1757 312 1802 8
336 1754 488 1817 quini,
508 1766 555 1804 et
576 1756 839 1819 quinquies
861 1759 1013 1821 quini.
1078 1758 1361 1808 Mediocres
1382 1761 1573 1808 numeri
1594 1769 1722 1819 sunt,
1745 1759 1830 1823 qui
1850 1760 2086 1823 quodam-

336 1838 488 1886 modo
526 1838 775 1902 simplices
813 1849 860 1888 et
899 1839 1198 1903 inconpositi
1233 1857 1340 1890 esse
1373 1842 1615 1902 Videntur,
1649 1841 1746 1890 alio
1780 1858 1896 1891 vero
1933 1842 2086 1890 modo

335 1928 382 1967 et
408 1921 654 1983 conpositi
673 1939 685 1981 3
725 1918 819 1987 [ut]
847 1922 982 1970 verbi
1007 1923 1174 1985 gratia,
1202 1939 1383 1971 novem
1414 1924 1478 1972 ad
1509 1938 1618 1970 XXV
1645 1925 1765 1972 dum
1792 1932 2086 1986 conparatus

336 2001 493 2062 fuerit,
521 2001 706 2065 primus
742 2012 815 2051 est
848 2012 895 2052 et
930 2004 1287 2066 incompositus,
1316 2003 1431 2067 quia
1458 2022 1559 2053 non
1590 2004 1742 2053 habet
1768 2021 2086 2053 communem

335 2099 596 2132 numerum
631 2083 723 2132 nisi
755 2086 916 2133 solum
951 2086 1302 2134 monadicum:
1340 2087 1404 2135 ad
1438 2086 1725 2150 quindecim
1752 2103 1868 2135 vero
1902 2087 1939 2134 si
1974 2103 2088 2134 con-

334 2174 530 2227 paratus
564 2167 721 2226 fuerit,
750 2168 1001 2216 secundus
1037 2176 1110 2217 est
1143 2177 1190 2216 et
1228 2167 1549 2231 compositus,
1586 2167 1825 2231 quoniam
1859 2167 1986 2217 inest
2020 2166 2086 2215 illi

333 2247 614 2295 communis
652 2264 885 2297 numerus
922 2258 1114 2312 praeter
1154 2249 1488 2309 monadicum,
1528 2250 1578 2298 id
1615 2259 1688 2298 est
1726 2251 1964 2298 ternarius
2001 2266 2087 2297 nu-

337 2345 499 2377 merus
511 2347 523 2389 ,·
556 2327 718 2395 qui<a>
736 2346 917 2379 novem
938 2340 1190 2380 mensurat
1211 2339 1283 2379 ter
1302 2332 1443 2392 terni,
1464 2340 1511 2380 et
1532 2330 1819 2394 quindecim
1840 2340 1912 2379 ter
1932 2329 2083 2393 quini.

279 2418 313 2466 9
338 2412 464 2459 Item
492 2411 683 2474 parium
709 2429 1029 2461 numerorum
1054 2412 1135 2461 alii
1162 2422 1276 2461 sunt
1302 2412 1548 2477 superflui,
1575 2412 1656 2461 alii
1683 2411 1976 2472 diminutivi,
2006 2411 2086 2459 alii

335 2492 549 2555 perfecti.
624 2494 869 2557 Superflui
907 2504 1035 2554 sunt,
1075 2512 1286 2558 quorum
1329 2504 1491 2558 partes
1529 2494 1674 2543 simul
1714 2496 1894 2543 ductae
1936 2493 2086 2557 pleni-

391 2638 408 2662 1
441 2631 603 2674 partem
623 2625 715 2664 eius
742 2625 778 2664 T
883 2625 1195 2665 indesecabiles
1215 2625 1294 2664 BC
1299 2626 1336 2664 T
1349 2639 1358 2664 ε
1388 2625 1697 2664 indisectabiles
1718 2623 1762 2661 K
1917 2639 1941 2663 2
1971 2625 2082 2663 enim

334 2685 380 2718 ut
405 2679 459 2718 T2
544 2680 676 2731 hunc]
698 2693 826 2719 unum
855 2681 892 2719 T
997 2694 1023 2730 3
1053 2681 1245 2720 incurres
1267 2680 1302 2719 C
1410 2692 1524 2720 num.
1546 2680 1671 2719 aliurn
1694 2693 1734 2729 q.
1761 2678 1816 2718 T2
1913 2693 2021 2728 quae
2041 2677 2088 2716 K

336 2734 505 2786 secare]
527 2735 716 2774 dividere
736 2734 777 2772 Β
924 2749 949 2785 4
980 2737 1143 2786 poteris
1169 2736 1207 2775 T
1346 2746 1370 2783 5
1400 2735 1466 2773 hic
1489 2749 1525 2775 e.
1549 2735 1593 2773 in
1615 2735 1839 2773 medietate
1860 2734 2020 2774 divisus
2040 2732 2087 2771 K

332 2803 359 2839 9
389 2790 484 2839 quia
504 2789 555 2827 ab
576 2789 622 2826 K
641 2790 743 2841 (non
764 2789 826 2841 A)
999 2804 1044 2829 11
1078 2797 1121 2829 et
1141 2796 1250 2840 sept.
1272 2788 1318 2826 K
1332 2802 1341 2827 :
1372 2790 1559 2840 usepties
1586 2789 1624 2828 T
1755 2795 1920 2839 septem
1939 2788 2050 2828 codd.
2073 2802 2082 2827 :

334 2857 433 2884 corr.
457 2844 656 2883 Schwarz
737 2845 1016 2895 quadraginta
1035 2858 1191 2884 novem
1219 2844 1257 2884 T
1272 2857 1322 2882 ex
1341 2857 1440 2883 corr.
1461 2858 1469 2882 :
1499 2844 1753 2894 quadragies
1774 2849 1839 2882 est
1859 2856 2001 2883 nonus
2015 2841 2080 2881 K:

334 2900 544 2948 quadraes
560 2912 699 2938 nonus
714 2899 791 2938 BC
902 2913 949 2937 12
969 2900 1120 2949 viginti
1136 2900 1322 2949 quinque
1346 2899 1441 2938 Tex
1452 2912 1554 2939 corr.
1570 2913 1578 2937 :
1605 2911 1693 2937 xxv
1708 2896 1772 2936 K:
1797 2898 1885 2937 vies
1899 2898 2081 2947 quinque

334 2954 463 3004 (-qui)
483 2954 565 2994 BC
678 2967 724 3003 17
756 2954 915 3006 alieno]
938 2955 988 2994 ab
1009 2955 1091 2993 alio
1113 2954 1160 2991 K
1270 2954 1319 2991 18
1349 2960 1392 2993 et
1412 2967 1494 2993 om.
1517 2953 1563 2991 K
1671 2965 1746 2991 XXI
1768 2951 1838 2991 K:
1867 2954 1951 3002 vig.
1975 2965 2081 2990 unus

333 3008 401 3047 B:
430 3008 512 3058 vig.
534 3015 576 3049 et
599 3022 684 3048 uno
706 3008 804 3047 ClT
967 3022 1017 3059 19
1045 3015 1145 3048 sunt
1165 3008 1326 3047 numeri
1355 3008 1413 3048 T:
1443 3021 1644 3047 numerus
1663 3013 1728 3047 est
1749 3005 1794 3044 K
1955 3019 2003 3046 21
2037 3013 2083 3046 ut

333 3062 426 3102 hab.
447 3063 555 3102 BT:
583 3078 666 3104 om.
688 3062 767 3102 CK
868 3077 919 3102 22
950 3071 1015 3103 est
1035 3064 1097 3115 et]
1119 3076 1239 3102 erum
1266 3061 1317 3100 Tl
1427 3063 1545 3113 quia]
1566 3063 1679 3112 quod
1699 3061 1745 3100 K
1850 3075 1902 3111 24
1933 3067 1999 3101 est
2019 3061 2081 3112 et]

334 3123 399 3156 est
420 3132 504 3158 om.
534 3119 584 3157 T1
603 3133 612 3158 ε
643 3125 687 3158 et
705 3130 788 3157 om.
811 3117 857 3155 K
964 3130 1015 3167 25
1045 3123 1222 3169 propter
1241 3115 1287 3154 K
1393 3121 1446 3157 26
1475 3116 1544 3167 qui
1563 3116 1675 3156 codd.

2119 1042 2165 1071 10

2116 1455 2162 1496 15

2113 1863 2164 1890 20
