2176 3424
1063 117 1333 168 ISIDORI

323 246 395 285 est
420 247 586 287 autem
607 239 784 290 trifarie
806 261 814 290 :
852 260 878 291 e
903 243 1082 306 quibus
1109 263 1207 296 una
1231 265 1340 311 pars
1362 250 1492 311 Asia,
1519 254 1668 302 altera
1693 255 1906 319 Europa,
1928 258 2066 307 tertia

272 329 301 363 2
326 319 492 368 Africa
516 332 842 386 nuncupatur.
919 327 1056 388 Quas
1083 337 1178 377 tres
1212 340 1372 394 partes
1398 333 1530 383 orbis
1556 345 1742 385 veteres
1768 354 1870 386 non
1894 355 2069 403 aequa-

326 400 432 450 liter
457 401 740 454 diviserunt.
817 408 946 456 Nam
973 411 1093 458 Asia
1126 428 1155 460 a
1187 413 1391 463 meridie
1427 431 1513 479 per
1545 417 1783 468 orientem
1815 437 1971 484 usque
2003 426 2066 472 ad

327 485 714 547 septentrionem
741 489 963 551 pervenit
982 510 995 551 ,·
1032 494 1233 557 Europa
1256 513 1371 545 vero
1396 514 1424 545 a
1450 500 1782 562 septentrione
1815 520 1972 566 usque
2003 507 2067 554 ad

320 566 631 617 occidentem
654 587 666 629 3
712 579 861 634 atque
899 571 1016 630 inde
1054 574 1216 624 Africa
1247 578 1312 625 ab
1346 579 1606 630 occidente
1642 599 1800 646 usque
1832 586 1897 634 ad
1929 589 2068 635 meri·
2091 613 2112 652 5

264 657 293 702 3
328 648 480 698 diem.
552 652 701 700 Vnde
726 654 983 703 evidenter
1009 656 1181 705 orbern
1205 660 1467 709 dimidium
1502 664 1630 713 duae
1657 674 1838 726 tenent,
1867 660 2065 732 Europa

324 740 372 779 et
398 731 577 792 Africa,
606 732 756 781 alium
783 752 898 784 vero
924 736 1186 787 dimidium
1213 743 1317 790 sola
1341 743 1490 804 Asia;
1527 747 1615 794 sed
1640 747 1754 796 ideo
1787 747 1907 797 istae
1936 751 2064 800 duae

316 821 476 876 partes
504 815 660 863 factae
700 826 825 875 sunt,
857 819 972 880 quia
1008 818 1133 868 inter
1170 830 1428 886 utramque
1464 826 1527 873 ab
1555 827 1759 877 Oceano
1791 846 1922 879 mare
1958 833 2063 879 Ma-

313 911 467 958 gnum
495 894 777 959 ingreditur,
807 901 943 961 quod
970 917 1051 949 eas
1077 901 1352 953 intersecat.
1425 907 1739 971 Quapropter
1775 910 1813 958 si
1851 910 1902 959 in
1937 913 2059 961 duas

312 985 473 1040 partes
499 978 700 1027 orientis
728 989 775 1028 et
801 982 1075 1031 occidentis
1102 985 1274 1032 orbem
1301 985 1505 1046 dividas,
1534 990 1652 1037 Asia
1678 992 1766 1038 erit
1791 991 1841 1040 in
1867 1010 1978 1053 una,
2007 996 2055 1042 in
2085 1019 2134 1048 10

313 1061 463 1108 altera
490 1076 605 1109 vero
632 1062 832 1126 Europa
858 1073 906 1112 et
931 1065 1110 1114 Africa.

224 1139 287 1178 ῙῙῙ
449 1143 533 1190 DE
554 1146 696 1192 AslA.
766 1145 884 1194 Asia
904 1163 961 1195 ex
979 1149 1181 1198 nomine
1197 1149 1456 1199 cuiusdam
1474 1153 1689 1203 mulieris
1707 1164 1779 1203 est
1797 1159 2053 1219 appellata,

312 1240 439 1286 quae
465 1227 599 1287 apud
625 1228 855 1290 antiquos
882 1228 1142 1293 imperium
1177 1232 1334 1280 tenuit
1368 1234 1581 1284 orientis.
1658 1239 1799 1285 Haec
1834 1237 1884 1286 in
1918 1240 2056 1289 tertia

309 1305 441 1354 orbis
475 1316 612 1369 parte
646 1309 900 1372 disposita,
928 1311 992 1360 ab
1026 1312 1215 1363 oriente
1248 1323 1356 1363 ortu
1391 1316 1520 1377 solis,
1548 1335 1577 1366 a
1602 1318 1805 1368 meridie
1831 1321 2049 1384 Oceano,

308 1388 371 1435 ab
403 1388 616 1438 occiduo
654 1401 822 1440 nostro
857 1410 990 1443 mare
1023 1395 1203 1457 finitur,
1231 1414 1260 1444 a
1285 1399 1619 1462 septentrione
1654 1402 1908 1452 Maeotide
1941 1406 2050 1453 lacu
2078 1430 2124 1470 15
2174 1460 2176 1467 Ι

313 1478 360 1518 et
386 1472 544 1519 Tanai
570 1472 720 1521 fluvio
746 1474 1047 1524 terminatur.
1111 1478 1283 1527 Habet
1308 1489 1470 1529 autem
1499 1482 1774 1545 provincias
1801 1487 1979 1534 multas
2005 1496 2052 1535 et
2174 1479 2176 1481 ¹

306 1552 543 1616 regiones,
573 1571 779 1618 quarum
822 1557 1029 1607 breviter
1066 1560 1269 1609 nomina
1306 1571 1354 1610 et
1386 1563 1505 1612 situs
1543 1565 1816 1628 expediam,
1852 1578 2050 1631 sumpto

249 1641 278 1675 2
305 1633 445 1683 initio
472 1653 500 1683 a
527 1638 775 1686 Paradiso.
842 1639 1102 1689 Paradisus
1129 1651 1201 1690 est
1226 1644 1364 1691 locus
1391 1645 1441 1692 in
1467 1645 1667 1695 orientis
1693 1648 1911 1710 partibus
1938 1666 2049 1698 con-

308 1717 519 1776 stitutus,
544 1717 683 1767 cuius
701 1721 997 1770 vocabulum
1026 1738 1083 1771 ex
1101 1725 1293 1773 Graeco
1314 1726 1363 1773 in
1386 1727 1616 1776 Latinum
1634 1731 1834 1778 vertitur
1852 1732 2046 1780 hortus:

304 1815 448 1862 porro
489 1799 741 1850 Hebraice
780 1803 924 1850 Eden
961 1803 1151 1864 dicitur,
1183 1808 1318 1868 quod
1357 1809 1405 1855 in
1443 1819 1608 1857 nostra
1639 1809 1806 1874 lingua
1840 1813 2045 1864 deliciae
2070 1836 2121 1864 20

304 1880 662 1944 interpretatur.
736 1884 888 1944 Quod
922 1893 1187 1948 utrumque
1220 1887 1441 1936 iunctum
1477 1890 1591 1939 facit
1625 1892 1821 1940 hortum
1853 1894 2043 1943 delicia-

298 1980 405 2010 rum
426 1981 438 2023 3
474 1972 547 2012 est
573 1963 704 2011 enim
732 1967 868 2012 omni
893 1983 1071 2029 genere
1097 1967 1214 2031 ligni
1235 1977 1283 2017 et
1307 1970 1655 2032 pomiferarum
1679 1973 1910 2023 arborum
1931 1992 2043 2025 con-

299 2044 435 2103 situs,
463 2044 653 2094 habens
679 2046 827 2094 etiam
853 2056 900 2096 et
926 2047 1113 2111 lignum
1138 2049 1294 2099 vitae:
1332 2068 1432 2099 non
1458 2051 1525 2101 ibi
1551 2053 1712 2117 frigus,
1736 2072 1837 2104 non
1861 2067 2039 2118 aestus,

242 2134 271 2179 3
298 2127 384 2174 sed
411 2135 648 2190 perpetua
673 2127 796 2176 aeris
822 2131 1096 2192 temperies.
1164 2133 1205 2179 E
1222 2134 1360 2182 cuius
1388 2134 1555 2183 medio
1580 2137 1690 2184 fons
1716 2154 2039 2202 prorumpens

296 2216 455 2256 toturn
477 2225 653 2256 nemus
674 2208 861 2272 inrigat,
880 2210 1214 2275 dividiturque
1234 2215 1283 2261 in
1301 2224 1532 2277 quattuor
1550 2218 1802 2266 nascentia
1818 2222 2035 2271 flumina.
2065 2244 2114 2284 25
2172 2232 2176 2235 “

294 2290 449 2339 Cuius
475 2291 570 2339 loci
596 2301 708 2354 post
734 2303 993 2354 peccatum
1014 2295 1229 2344 hominis
1249 2296 1410 2346 aditus
1428 2297 1719 2348 interclusus
1740 2310 1840 2359 est;
1872 2314 2037 2366 septus
2172 2293 2176 2301 ⁴

297 2381 371 2421 est
403 2372 534 2420 enirn
562 2374 784 2436 undique
810 2376 1047 2438 romphea
1083 2377 1325 2438 flammea,
1353 2377 1404 2426 id
1429 2389 1502 2428 est
1528 2397 1668 2430 muro
1701 2381 1847 2445 igneo
1880 2384 2037 2433 accin-

233 2463 266 2509 4
289 2463 412 2514 ctus,
442 2454 508 2503 ita
540 2464 593 2502 ut
615 2455 718 2503 eius
745 2472 858 2504 curn
885 2459 1183 2523 caelo-pene
1209 2460 1376 2522 iungat
1405 2461 1705 2512 incendium.
1781 2465 2035 2515 Cherubin
2169 2523 2176 2536 Ξ

291 2552 506 2600 quoque,
534 2535 584 2585 id
611 2546 683 2585 est
707 2540 992 2601 angelorum
1020 2539 1332 2603 praesidium,
1361 2543 1586 2592 arcendis
1613 2544 1862 2607 spiritibus
1897 2548 2035 2597 malis
2166 2538 2176 2602 ξ

348 2677 372 2701 2
401 2663 492 2705 Afr.
517 2677 623 2715 quae
642 2673 685 2705 et
707 2668 804 2706 libia
827 2682 894 2707 nu.
916 2669 1063 2720 C(non
1086 2669 1144 2720 U)
1241 2682 1266 2719 3
1296 2671 1492 2710 dixerunt
1509 2672 1554 2710 K
1651 2686 1674 2723 5
1705 2675 1756 2713 ab
1771 2677 1978 2716 orientem
1993 2677 2039 2716 K

293 2720 319 2756 6
349 2719 436 2758 orb.
456 2721 641 2758 medium
658 2721 703 2758 K
813 2737 833 2772 7
866 2737 929 2764 ve.
948 2724 1134 2762 medium
1155 2723 1202 2761 K
1309 2726 1334 2763 8
1364 2732 1542 2776 utraque
1557 2727 1647 2766 KT
1749 2743 1775 2779 9
1805 2732 1940 2783 quod]
1962 2735 2032 2782 qui

292 2771 380 2810 ΒΤ
485 2775 654 2827 quapr.]
678 2778 790 2815 unde
813 2777 848 2816 C
978 2792 1025 2817 10
1055 2786 1159 2829 part.
1183 2779 1225 2817 id
1247 2785 1312 2817 est
1334 2793 1392 2819 01⁴.
1417 2782 1451 2820 C
1559 2783 1600 2821 in
1623 2797 1692 2822 un.
1713 2784 1784 2824 alt.
1811 2784 1850 2822 T
1950 2801 2029 2836 seq.

278 2828 428 2877 figura
449 2830 556 2868 orbis
577 2835 783 2869 lemarum
804 2834 847 2871 in
871 2832 948 2872 CT
1077 2846 1125 2871 12
1156 2846 1211 2871 ex
1230 2847 1310 2873 om.
1341 2834 1393 2872 T1
1523 2849 1571 2875 21
1604 2838 1938 2887 interpretantur
1959 2840 2038 2880 CT

292 2895 344 2931 23
375 2883 424 2922 fr.
447 2897 526 2922 nec
547 2891 654 2924 aest.
684 2884 722 2923 T
880 2901 933 2936 24
962 2888 1075 2926 veris
1095 2901 1151 2926 an
1171 2889 1280 2926 aeris
1301 2890 1377 2929 inc.
1401 2889 1439 2928 T
1575 2891 1668 2931 Hec
1689 2891 1812 2932 huius
1831 2895 1941 2934 med.
1973 2896 2030 2935 T:

292 2936 423 2976 Cuius
444 2940 553 2980 med.
578 2938 690 2980 Ovet.
718 2946 815 2980 extr.
837 2956 845 2980 :
871 2942 952 2981 Per
973 2956 1008 2982 c.
1031 2942 1213 2981 medium
1233 2941 1280 2979 K
1441 2958 1492 2996 25
1522 2945 1712 2995 inrigans
1734 2947 1969 2998 diviturque
1989 2949 2035 2987 K

294 2992 396 3042 (non
422 2993 532 3033 Ovet.
554 2997 672 3045 extr.)
803 2998 856 3035 26
885 3003 992 3048 sept.
1014 3010 1083 3036 en.
1105 2996 1152 3034 K
1272 3012 1321 3048 27
1353 3000 1518 3039 flamma
1544 2998 1582 3038 T
1685 3003 1738 3040 28
1771 3015 1864 3041 cum
1885 3017 1965 3045 om.
1990 3004 2037 3043 K

290 3045 423 3096 iungit
443 3046 490 3085 K
505 3049 609 3100 (non
633 3049 745 3091 ovet.
766 3050 886 3103 extr.)
1000 3051 1197 3091 incendio
1218 3050 1264 3090 K
1424 3067 1478 3106 29
1506 3055 1716 3106 praesidio
1737 3057 1785 3096 K
