2176 3424
1062 107 1335 156 ISIDORI

323 237 643 288 Libidinosus
669 254 698 286 a
724 237 919 298 Liber0‚
949 239 1033 300 qui
1059 239 1332 300 puellarum
1361 234 1590 303 [corpore
1615 234 1868 303 pingitur}
1910 239 2066 286 Luxu-

320 322 490 380 riosus,
520 318 661 382 quasi
686 321 876 368 solutus
902 321 952 368 in
979 321 1261 382 voluptate:
1298 320 1434 368 unde
1459 327 1507 368 et
1540 319 1764 367 membra
1796 321 1908 366 loco
1932 328 2068 368 mota

319 403 432 450 luxa
452 403 699 450 dicuntur.
773 400 1023 460 Lascivus,
1045 401 1182 464 quod
1204 402 1265 449 sit
1285 402 1435 461 laxus,
1457 399 1508 449 id
1530 410 1603 450 est
1623 402 1810 449 solutus
1831 409 1878 449 et
1897 417 2064 449 vanus.

211 485 296 531 161
322 484 690 547 Lymphaticus‚
737 485 874 546 quod
915 500 1097 546 aquam
1146 482 1331 543 timeat,
1377 499 1524 545 quem
1569 482 1746 532 Graeci
1792 484 2070 546 ὕδροφόβην

320 567 507 615 dicunt.
583 565 939 629 Lymphaticus
965 564 1159 628 proprie
1190 564 1368 614 dicitur
1398 567 1481 627 qui
1506 566 1679 614 vitium
1713 582 1771 615 ex
1794 583 1922 629 aqua
1949 583 2067 614 con·
2093 583 2114 622 5

320 647 481 708 trahit,
519 649 658 696 cuius
694 647 867 696 vitium
905 656 978 697 est
1014 649 1111 696 huc
1148 655 1297 710 atque
1333 647 1448 695 illuc
1486 664 1692 708 cursare,
1732 657 1815 697 aut
1851 666 1880 697 a
1914 650 2068 699 fluore

202 732 296 779 162
320 747 479 793 aquae
515 738 714 792 sumpto
738 729 874 778 vitio.
947 731 1046 779 Sed
1080 739 1256 792 poetae
1288 731 1386 778 iam
1419 731 1515 779 hoc
1547 746 1702 794 genus
1734 730 1950 779 nominis
1980 747 2068 794 pro

320 812 514 861 furiosis
553 822 802 875 usurpant.
879 810 1227 878 [Languidus]
1301 813 1527 872 Luridus,
1568 814 1704 875 quod
1744 814 1803 862 sit
1840 815 2064 876 pallidus,

318 912 347 943 a
390 897 495 943 loro
538 894 713 954 dictus,
761 896 897 957 quod
940 895 1227 943 huiusmodi
1271 895 1451 943 habeat
1499 903 1679 943 cutem.
1755 898 1999 958 Leprosus
2041 912 2069 943 a

319 978 505 1040 pruritu
532 978 687 1025 nimio
713 976 866 1040 ipsius
894 976 1091 1025 scabiae
1117 975 1294 1037 dictus,
1322 977 1456 1025 unde
1482 986 1528 1025 et
1553 992 1640 1039 per
1666 979 1704 1025 P
1731 976 1877 1026 scribi
1903 977 2066 1026 debet.
2096 991 2145 1020 10

203 1063 295 1120 163
320 1061 525 1119 Luscus,
555 1061 691 1121 quod
718 1060 880 1107 lucem
907 1074 966 1108 ex
990 1068 1127 1121 parte
1154 1057 1288 1118 sciat,
1312 1057 1437 1107 sicut
1458 1058 1753 1118 luscitiosus,
1776 1058 1860 1121 qui
1879 1061 2068 1123 vesperi

319 1142 441 1188 nihil
466 1139 616 1190 videt.
691 1143 879 1190 Luscos
906 1143 1108 1191 coclites
1129 1139 1355 1189 dixerunt
1376 1139 1580 1203 antiqui,
1602 1141 1735 1190 unde
1755 1151 1802 1190 et
1823 1142 2068 1205 Cyclopas

319 1222 535 1272 Coclites
585 1222 791 1286 legimus
841 1222 1013 1282 dictos,
1061 1224 1197 1285 quod
1240 1239 1395 1271 unum
1445 1225 1644 1271 oculum
1693 1223 1924 1273 habuisse
1966 1242 2069 1287 per-

319 1305 565 1354 hibentur.
639 1307 809 1364 Lotus,
849 1307 1025 1366 lautus,
1067 1304 1117 1354 id
1156 1315 1228 1353 est
1266 1307 1495 1354 mundus.
1573 1308 1726 1369 Lupa,
1763 1306 2002 1367 meretrix,
2041 1324 2069 1355 a

319 1386 586 1451 rapacitate
612 1396 800 1447 vocata,
830 1389 967 1450 quod
992 1388 1057 1437 ad
1084 1405 1135 1437 se
1161 1387 1315 1450 rapiat
1341 1389 1545 1437 miseros
1572 1397 1618 1437 et
1643 1389 1998 1451 adprehendat.
2099 1401 2142 1442 15

1171 1486 1227 1532 M

199 1569 294 1629 164
454 1564 738 1614 Misericors
775 1582 805 1613 a
841 1564 1178 1628 conpatiendo
1203 1567 1394 1615 alienae
1420 1566 1645 1615 miseriae
1669 1567 1970 1616 vocabulum
1996 1577 2069 1616 est

318 1647 546 1696 sortitus:
598 1657 646 1696 et
695 1646 811 1695 hinc
853 1648 1100 1710 appellata
1144 1647 1492 1708 misericordia,
1539 1650 1674 1711 quod
1714 1648 1948 1698 miserum
1987 1666 2070 1698 cor

318 1729 463 1778 faciat
481 1728 696 1778 dolentis
720 1729 883 1778 aliena
908 1729 1116 1778 miseria.
1192 1731 1311 1778 Non
1329 1739 1495 1779 autem
1513 1730 1724 1780 occurrit
1740 1731 1927 1794 ubique
1947 1733 2069 1781 haec

320 1811 657 1875 etymologia,
710 1827 825 1859 nam
867 1819 939 1859 est
978 1811 1030 1858 in
1074 1813 1186 1860 Deo
1227 1811 1562 1860 misericordia
1609 1812 1715 1862 sine
1762 1815 1861 1862 ulla
1908 1814 2070 1863 cordis
2096 1834 2144 1861 20

201 1899 295 1958 165
319 1892 526 1941 miseria.
601 1895 814 1951 Mactus,
844 1892 998 1956 magis
1031 1902 1205 1941 auctus
1238 1893 1389 1956 gloria
1407 1912 1420 1954 3
1457 1903 1505 1943 et
1538 1903 1610 1942 est
1641 1911 1826 1944 nomen
1859 1905 2068 1945 tractum

316 1992 344 2022 a
371 1974 532 2023 sacris.
607 1974 856 2036 Quotiens
882 1973 1016 2023 enim
1042 1983 1120 2023 tus
1145 1983 1230 2023 aut
1254 1976 1425 2023 vinum
1451 1992 1598 2039 super
1621 1975 1872 2025 victimam
1899 1979 2068 2028 funde-

317 2056 461 2104 batur
498 2055 767 2105 dicebant:
809 2058 1036 2105 ‘Mactus
1077 2065 1151 2105 est
1190 2065 1356 2106 taurus
1389 2057 1505 2106 vino
1542 2059 1618 2106 vel
1654 2061 1823 2119 ture';
1860 2061 1955 2108 hoc
1992 2071 2065 2110 est

199 2138 294 2185 166
318 2140 568 2186 cumulata
594 2147 667 2187 est
691 2139 852 2186 hostia
878 2147 925 2186 et
950 2137 1104 2201 magis
1123 2147 1281 2187 aucta.
1356 2139 1629 2188 Munificus
1655 2140 1833 2189 dicitur
1856 2143 1932 2190 vel
1952 2142 2067 2204 quia

318 2219 464 2268 alicui
490 2221 645 2268 multa
671 2235 877 2268 munera
902 2221 999 2279 dat,
1024 2220 1100 2268 vel
1126 2219 1242 2282 quia
1268 2236 1449 2269 munus
1476 2237 1634 2281 suurn,
1664 2223 1714 2270 id
1749 2232 1820 2271 est
1851 2223 2066 2272 officium
2094 2244 2140 2285 ²5

202 2298 295 2357 167
319 2302 456 2364 quod
478 2302 641 2360 debet,
671 2300 922 2364 adinplet:
961 2302 1030 2349 sic
1056 2310 1104 2350 et
1136 2300 1370 2362 munifex,
1398 2302 1513 2364 quia
1547 2319 1751 2352 munera
1785 2305 1889 2353 fert.
1964 2307 2068 2354 Ma-

378 2444 394 2469 1
427 2431 583 2470 liberos
609 2431 704 2470 C1D
725 2445 732 2469 :
764 2431 841 2469 -ris
860 2429 902 2467 Β
1174 2443 1286 2481 corp.
1311 2431 1426 2482 ping.
1451 2431 1542 2472 hab.
1578 2431 1759 2473 TUXC:
1789 2448 1870 2474 om.
1891 2434 2081 2484 ABDK

319 2500 343 2525 2
373 2487 465 2524 loca
486 2485 531 2523 K
769 2498 795 2535 3
827 2486 949 2524 Lasc.
972 2515 982 2525 .
1007 2515 1017 2525 .
1043 2516 1053 2525 .
1078 2499 1141 2525 va.
1164 2499 1249 2526 om,
1271 2485 1431 2536 K(non
1452 2486 1515 2538 A)
1658 2488 1781 2527 luxus
1802 2488 1931 2543 (—xs-)
1951 2489 2075 2529 BCU

318 2555 343 2592 4
374 2541 653 2590 idrophobam
679 2541 713 2580 C
731 2555 739 2580 :
770 2540 1016 2580 idrobobam
1038 2540 1106 2579 B:
1134 2540 1385 2591 ydropolam
1408 2540 1479 2580 K:
1509 2542 1818 2592 idprophobam
1848 2544 1886 2582 T
1959 2557 1984 2594 5
2006 2545 2067 2583 di·
2160 2541 2176 2563 '¹

319 2596 440 2647 cunt]
455 2601 612 2634 vocant
627 2594 675 2633 X
755 2608 845 2646 pro.
870 2596 1014 2634 dicunt
1031 2596 1139 2648 (-tur
1155 2598 1186 2646 2)
1207 2595 1259 2634 C1
1371 2596 1398 2633 6
1418 2608 1592 2635 cursare
1614 2601 1749 2647 (-sure
1766 2599 1798 2649 Ζ)
1831 2598 1891 2639 T:
1919 2612 2068 2639 cursus

318 2650 398 2690 BC
415 2665 424 2690 :
454 2663 625 2689 currere
647 2650 693 2688 K
837 2655 909 2688 aut
931 2663 955 2688 a
976 2651 1014 2690 ss.
1039 2650 1131 2690 BCl
1299 2663 1320 2699 7
1353 2650 1434 2689 hoc
1455 2651 1536 2690 iam
1566 2650 1603 2689 T
1762 2655 1788 2692 8
1820 2654 1947 2703 Lang.
1971 2654 2065 2696 hab.

318 2705 396 2744 BC
414 2720 424 2744 ε
453 2718 535 2745 om.
555 2703 601 2742 K
609 2704 646 2742 T
749 2705 894 2744 Ludus
922 2704 972 2742 T1
1102 2704 1239 2756 pallus
1262 2703 1312 2743 Cl
1476 2718 1504 2754 9
1523 2706 1613 2745 lora
1633 2706 1678 2745 K
1844 2722 1894 2748 10
1914 2708 2067 2748 debeat

327 2759 387 2799 T:
417 2760 576 2798 debent
598 2758 638 2796 Β
659 2759 762 2810 (non
783 2759 825 2796 A
834 2760 849 2811 )
1059 2772 1104 2798 11
1138 2760 1250 2798 lucet
1272 2758 1309 2798 C
1505 2761 1743 2801 lusciliosus
1763 2761 1843 2802 BC
1847 2762 1886 2801 T
1893 2777 1901 2801 :
1932 2763 2067 2802 lusco-

319 2815 463 2854 diosus
483 2814 529 2852 K
640 2826 687 2851 12
709 2813 787 2854 lus.
810 2827 916 2863 quos
937 2814 1043 2854 coel.
1062 2814 1104 2852 Β
1190 2826 1238 2863 13
1260 2814 1427 2854 oculum
1447 2828 1531 2855 om.
1555 2815 1602 2854 K
1619 2817 1723 2866 (non
1738 2817 1805 2870 A)
1892 2830 1940 2865 14
1961 2817 2064 2870 lau.]

320 2871 484 2909 lauatus
507 2868 558 2907 Cl
675 2869 724 2907 18
754 2870 822 2907 hic
844 2868 891 2907 K
996 2869 1253 2920 appellatam
1273 2869 1603 2909 misericordiam
1627 2869 1707 2909 CT
1810 2883 1860 2922 19
1888 2872 2066 2912 alienam

320 2925 533 2963 miseriam
575 2921 654 2962 CT
811 2930 952 2963 autem
990 2936 1073 2964 om.
1119 2922 1155 2962 C
1316 2924 1421 2964 haec
1459 2938 1542 2964 om.
1582 2923 1628 2962 K
1645 2938 1656 2964 ε
1701 2930 1796 2965 ante
1834 2926 1990 2977 ubique
2027 2927 2069 2966 Β

320 2993 373 3018 20
402 2978 521 3030 nam]
544 2991 628 3017 non
649 2977 694 3016 B>
855 2992 904 3016 21
939 2984 981 3018 et
1001 2991 1115 3018 nom.
1139 2977 1187 3016 K
1346 2992 1398 3029 23
1427 2979 1645 3019 dicebatur
1663 2979 1742 3018 CT
1843 2987 2011 3032 magtus
2040 2981 2078 3019 T

320 3046 372 3082 24
401 3034 472 3083 qui
493 3033 546 3072 al.
579 3031 720 3072 TlBC
882 3047 933 3084 25
963 3035 1035 3083 qui
1055 3047 1172 3073 mun.
1195 3034 1236 3073 Β
1345 3037 1398 3074 26
1425 3047 1510 3084 quo
1531 3034 1625 3075 deb.
1648 3035 1694 3073 K
1801 3036 1871 3085 qui
1892 3049 2004 3075 mun.
2027 3035 2070 3074 B

323 3088 514 3137 Magnus.
568 3086 851 3137 Magnanimis
874 3088 909 3126 C
