2228 3444
1106 187 1381 237 ISIDORI

305 324 340 371 6
362 321 750 387 terpretationes‚
781 327 833 369 ut
858 327 1143 367 commenta
1168 316 1297 377 iuris,
1327 324 1611 365 commenta
1646 315 1913 379 Evangelii.
1984 318 2116 379 Apo-

361 404 626 469 logeticum
677 411 750 452 est
793 398 1057 459 excusatio,
1087 400 1138 447 in
1181 415 1281 462 quo
1324 399 1485 447 solent
1526 396 1728 460 quidam
1767 396 2115 447 accusantibus

359 487 671 552 respondere.
747 485 809 532 In
844 481 1136 532 defensione
1172 479 1305 531 enim
1342 489 1427 529 aut
1464 478 1727 542 negatione
1762 481 1867 528 sola
1899 477 2115 542 positum

306 582 336 632 7
361 579 434 619 est
452 587 466 631 3
502 578 550 618 et
576 577 649 617 est
674 582 860 615 nornen
896 566 1158 614 Graecum.
1233 563 1589 626 Panegyricum
1624 570 1697 611 est
1730 560 2043 610 licentiosum
2069 570 2116 609 et

358 651 672 700 lasciviosum
699 664 854 712 genus
880 646 1081 696 dicendi
1107 645 1157 693 in
1183 644 1414 694 laudibus
1440 661 1625 707 regum,
1653 643 1703 692 in
1729 642 1867 692 cuius
1894 643 2117 706 conposi-
2143 663 2164 702 5

358 732 494 782 tione
537 729 766 780 homines
810 727 977 777 multis
1017 725 1290 776 mendaciis
1327 726 1603 775 adulantur.
1678 727 1831 787 Quod
1867 727 2053 774 malum
2089 743 2118 774 a

360 812 562 863 Graecis
588 820 813 862 exortum
841 818 929 870 est,
958 826 1169 872 quorum
1196 807 1368 858 levitas
1394 809 1632 857 instructa
1656 806 1857 858 dicendi
1886 808 2117 856 facultate

358 905 407 946 et
450 896 593 959 copia
635 892 915 943 incredibili
953 893 1132 941 multas
1170 890 1545 941 mendaciorum
1598 889 1806 939 nebulas
1850 888 2113 939 suscitavit.

305 985 334 1031 8
360 980 621 1026 Fastorum
647 975 758 1025 libri
792 983 907 1024 sunt
939 973 991 1022 in
1024 973 1205 1037 quibus
1240 988 1376 1036 reges
1402 974 1479 1021 vel
1503 973 1733 1021 consules
1767 970 2060 1030 scribuntur,
2088 988 2117 1020 a

358 1058 573 1108 fascibus
607 1057 740 1117 dicti,
769 1056 821 1106 id
847 1065 919 1106 est
944 1054 1288 1120 potestatibus
1359 1055 1508 1103 Vnde
1539 1063 1586 1103 et
1621 1052 1787 1103 Ovidii
1813 1052 1923 1102 libri
1951 1055 2117 1102 Fasto-
2143 1068 2192 1097 10

301 1150 337 1199 9
358 1158 466 1190 rum
493 1139 738 1200 dicuntur,
759 1139 874 1202 quia
900 1139 963 1188 de
989 1137 1185 1201 regibus
1212 1146 1260 1186 et
1280 1135 1569 1186 consulibus
1597 1134 1715 1185 editi
1742 1143 1869 1183 sunt.
1940 1137 2117 1183 Prooe-

358 1223 513 1272 mium
539 1231 613 1272 est
639 1220 834 1270 initium
860 1219 1076 1270 dicendi.
1128 1221 1253 1269 Sunt
1279 1218 1411 1268 enim
1438 1216 1692 1281 prooemia
1716 1215 1955 1280 principia
1974 1215 2117 1264 libro-

357 1322 480 1365 rum,
509 1320 636 1368 quae
662 1312 777 1353 ante
803 1319 981 1352 causae
1006 1300 1339 1351 narrationem
1372 1301 1437 1349 ad
1471 1299 1783 1349 instruendas
1808 1297 2114 1347 audientium

357 1404 498 1437 aures
524 1394 832 1450 coaptantur.
906 1384 1062 1435 Cuius
1092 1401 1280 1433 nomen
1312 1381 1534 1446 plerique
1567 1380 1818 1430 latinitatis
1844 1379 1986 1444 periti
2012 1379 2117 1428 sine

359 1470 680 1519 translatione
706 1476 993 1531 posuerunt.
1047 1468 1165 1516 Hoc
1190 1475 1358 1515 autem
1375 1465 1674 1514 vocabulum
1699 1464 1834 1526 apud
1859 1479 1951 1511 nos
1977 1462 2118 1511 inter·
2149 1479 2192 1518 ¹5

278 1564 336 1600 10
360 1561 606 1616 pretatum
639 1549 878 1614 praefatio
913 1557 1242 1612 nuncupatur,
1285 1546 1425 1611 quasi
1458 1545 1777 1610 praelocutio.
1851 1547 2118 1607 Praecepta

361 1643 474 1684 sunt
500 1650 627 1697 quae
652 1642 736 1682 aut
762 1632 883 1695 quid
918 1631 1201 1681 faciendum
1229 1638 1312 1678 aut
1339 1627 1460 1692 quid
1484 1645 1587 1677 non
1612 1626 1895 1676 faciendum
1921 1628 2117 1675 docent.

362 1716 500 1779 Quid
543 1715 843 1776 faciendum,
888 1723 940 1763 ut
962 1734 970 1763 :
1029 1712 1221 1775 ‘Dilige
1266 1707 1593 1778 [Dominum]
1638 1713 1803 1758 Deum
1842 1710 2012 1769 tuum‚'
2043 1717 2117 1758 et:

364 1799 581 1846 ‘honora
606 1806 793 1860 patrem
821 1804 961 1846 tuum
989 1805 1037 1844 et
1064 1804 1270 1843 matrem
1296 1795 1462 1843 tuam.’
1532 1792 1669 1854 Quid
1694 1808 1795 1840 non
1819 1789 2116 1852 faciendum,

294 1899 339 1936 11
363 1890 416 1929 ut
437 1901 444 1931 :
479 1883 490 1905 ‘
508 1881 626 1929 Non
643 1877 1016 1938 moechaberiS‚⁷
1037 1879 1183 1925 ‘Non
1203 1877 1385 1924 furtum
1412 1874 1591 1924 facies.’
1640 1872 1871 1922 Similiter
1896 1881 1943 1921 et
1966 1872 2119 1936 genti·
2145 1897 2195 1924 20

363 1962 483 2012 lium
520 1969 784 2024 praecepta
817 1961 894 2008 vel
932 1959 1105 2009 iubent
1142 1959 1218 2008 vel
1255 1965 1435 2006 vetant.
1511 1956 1692 2004 Iubent
1730 1955 2030 2015 faciendum,
2067 1964 2118 2004 ut

366 2043 518 2107 <Virg.
539 2044 719 2106 Georg.
745 2059 784 2102 1,
809 2041 926 2107 299)
949 2060 958 2091 z

905 2124 1085 2172 Nudus
1123 2139 1219 2182 ara,
1261 2138 1365 2170 sere
1402 2121 1579 2169 nudus.

365 2209 562 2268 Vetant‚
591 2216 644 2255 ut
671 2205 824 2270 (Virg.
845 2208 1023 2268 Georg.
1049 2221 1089 2264 2,
1114 2202 1228 2268 299)
1251 2222 1260 2253 2

601 2290 743 2338 Neve
780 2287 906 2336 inter
942 2286 1065 2336 vites
1102 2286 1322 2349 corylum
1359 2300 1479 2344 sere,
1519 2299 1642 2331 neve
1679 2283 1868 2345 flagella
2147 2304 2192 2343 25

600 2387 795 2420 summa
828 2378 955 2434 pete.

287 2468 341 2502 12
362 2455 558 2503 Primus
585 2463 749 2504 autem
777 2460 1041 2516 praecepta
1070 2451 1205 2513 apud
1228 2449 1491 2498 Hebraeos
1514 2449 1717 2510 Moyses
1743 2445 1933 2510 scripsit
1952 2463 1964 2506 3
1988 2447 2121 2509 apud

368 2535 571 2584 Latinos
599 2533 817 2584 Marcius
844 2543 978 2583 vates
1003 2531 1190 2597 primus
1216 2539 1478 2595 praecepta
1503 2527 1780 2592 conposuit.
1843 2529 1918 2576 Ex
1943 2526 2121 2590 quibus

366 2627 438 2667 est
465 2617 583 2666 illud
610 2616 685 2682 (1)
707 2637 716 2667 :

774 2688 1058 2734 Postremus
1096 2681 1246 2742 dicas,
1285 2679 1471 2743 primus
1508 2687 1684 2727 taceas,

425 2829 449 2854 2
479 2816 531 2854 ad
554 2814 825 2853 causantibus
848 2813 895 2852 Cl
1020 2838 1022 2840 f
1090 2824 1115 2860 3
1145 2811 1258 2849 enim
1279 2822 1361 2847 om.
1386 2808 1435 2847 C1
1635 2822 1656 2858 7
1689 2805 1860 2857 levitas]
1882 2805 2063 2844 brevitas
2083 2805 2124 2842 Β

370 2870 556 2910 dictendi
576 2867 622 2906 K
749 2870 774 2906 8
804 2868 924 2918 copio
944 2867 983 2906 Β
1093 2864 1312 2905 suscitabit
1334 2861 1383 2901 Cl
1403 2877 1411 2902 :
1441 2862 1648 2902 suscitant
1669 2861 1715 2899 K
1838 2874 1864 2910 9
1895 2871 2019 2908 reges
2039 2872 2120 2898 om.

371 2925 431 2963 Kl
544 2923 838 2964 scribebantur
865 2921 903 2960 T
1009 2935 1034 2961 a
1053 2933 1135 2959 om.
1155 2919 1201 2958 K
1322 2931 1371 2956 10
1399 2918 1513 2957 unde
1534 2917 1663 2956 ovidii
1685 2915 1731 2953 K
1853 2927 1902 2964 13
1933 2926 2061 2953 causa
2081 2912 2126 2951 K

377 2991 424 3028 15
455 2980 760 3030 interpretatur
780 2977 826 3015 K
957 2978 1004 3015 16
1034 2979 1303 3025 nuncupatur
1322 2986 1405 3012 om.
1430 2971 1476 3010 K
1606 2984 1654 3020 17
1683 2970 1784 3020 quid
1808 2969 1972 3022 (prius)
1995 2975 2123 3019 supra

373 3035 444 3074 lin.
469 3033 506 3072 T
612 3033 690 3072 sac.
709 3033 834 3071 docet
862 3031 923 3071 T:
953 3031 1029 3070 fac.
1046 3031 1102 3070 sit
1122 3030 1278 3068 docent
1301 3027 1336 3066 C
1501 3027 1550 3065 18
1581 3026 1730 3075 diliges
1753 3023 1789 3062 C
1896 3023 2123 3062 Dominum

373 3089 465 3128 laeab.
493 3087 596 3129 CK:
627 3101 710 3127 om.
733 3085 820 3126 BT
978 3097 1026 3123 21
1061 3083 1234 3124 iubendi
1253 3080 1300 3120 K
1406 3080 1574 3119 vetandi
1597 3078 1643 3116 K
1804 3091 1852 3128 24
1885 3083 2033 3117 vetent
2054 3075 2095 3114 Β
2115 3092 2123 3116 :

372 3148 488 3182 vetat
509 3142 555 3180 K
662 3148 707 3182 ut
729 3147 769 3180 et
793 3154 902 3180 neve
925 3140 960 3179 C
1122 3149 1174 3187 25
1204 3136 1395 3176 corillum
1416 3134 1527 3175 codd.
