2228 3444
1054 164 1328 212 ISIDORI

313 300 400 340 est.
478 294 901 355 Hemisphaerion
927 311 1071 356 supra
1098 303 1223 343 terra
1248 304 1321 344 est
1347 311 1404 343 ea
1429 312 1538 358 pars
1566 298 1686 345 caeli
1713 313 1841 360 quae
1864 313 1893 344 a
1919 296 2063 345 nobis

313 383 415 422 tota
451 375 676 436 videtur,-
728 375 1149 438 Hemisphaerion
1187 377 1279 425 sub
1319 386 1444 425 terra
1486 387 1560 426 est
1596 394 1723 440 quae
1759 379 1913 427 videri
1961 395 2062 426 non

312 464 491 517 potest,
517 473 666 519 quam
693 459 777 506 diu
804 458 897 506 sub
922 468 1047 506 terra
1072 458 1229 506 fuerit.

146 542 286 580 XLIV
447 540 531 586 DE
561 554 797 595 QVINQVE
828 555 1065 588 CIRCVLIS
1099 554 1266 589 CAELI.
1342 543 1507 589 Zonae
1532 542 1653 589 caeli
1688 541 1908 604 quinque
1934 549 2061 601 sunt,

310 635 517 681 quarum
540 620 944 670 distinctionibus
962 623 1206 685 quaedam
1225 632 1386 685 partes
1404 624 1641 685 temperie
1658 640 1744 672 sua
1766 625 2065 684 incoluntur,
2086 637 2109 680 5

310 703 557 764 quaedam
592 704 882 752 inmanitate
913 705 1100 766 frigoris
1131 713 1215 752 aut
1245 706 1418 753 caloris
1453 704 1800 753 inhabitabiles
1834 706 2059 753 existunt.

311 783 454 842 Quae
488 786 603 833 ideo
636 801 790 833 zonae
815 787 891 834 vel
918 785 1084 833 circuli
1116 788 1436 848 appellantur,
1467 803 1526 835 eo
1552 788 1688 849 quod
1715 788 1766 835 in
1790 789 2064 836 circumdu-

257 877 286 910 2
309 866 474 914 ctione
496 868 732 929 sphaerae
754 869 982 916 existunt.
1033 870 1260 930 Quorum
1282 871 1467 931 primus
1489 869 1698 917 circulus
1719 868 1834 918 ideo
1855 872 2065 932 ἀρκτικὸς

306 950 593 1011 appellatur,
636 965 696 997 eo
740 952 877 1012 quod
917 952 1042 998 intra
1085 967 1198 999 eum
1239 954 1503 999 Arctorum
1549 952 1685 1013 signa
1729 952 1916 1000 inclusa
1958 968 2064 1014 pro-

307 1029 594 1092 spiciuntur.
670 1032 929 1081 Secundus
951 1034 1176 1091 circulus,
1201 1035 1375 1097 θερινὸς
1394 1035 1479 1095 qui
1498 1034 1714 1096 τροπικὸς
1732 1034 1925 1093 dicitur,
1947 1035 2063 1096 quia
2088 1047 2139 1078 10

307 1112 356 1158 in
385 1127 445 1160 eo
471 1113 655 1161 circulo
687 1114 759 1161 sol
795 1113 1058 1176 Aquilonis
1091 1114 1273 1163 finibus
1306 1124 1545 1164 aestatem
1580 1116 1762 1164 faciens
1798 1117 1921 1163 ultra
1947 1131 2060 1163 eum

305 1194 544 1241 circulum
583 1211 684 1243 non
722 1195 909 1255 transit,
948 1198 1037 1245 sed
1075 1196 1239 1245 statim
1277 1198 1561 1257 revertitur,
1610 1207 1657 1245 et
1694 1199 1812 1246 inde
1847 1199 2063 1260 τροπικὸς

251 1285 280 1330 3
303 1277 592 1337 appellatur.
644 1279 841 1326 Tertius
863 1280 1072 1328 circulus
1093 1280 1323 1342 ἡμερινὸς,
1339 1281 1423 1342 qui
1439 1296 1468 1327 a
1490 1279 1677 1328 Latinis
1694 1281 1809 1328 ideo
1829 1281 2061 1342 aequino-

304 1358 460 1404 ctialis
486 1360 774 1421 appellatur,
803 1377 863 1409 eo
889 1361 1024 1423 quod
1057 1363 1144 1420 sol,
1174 1378 1287 1409 cum
1322 1363 1386 1410 ad
1418 1377 1532 1410 eum
1567 1362 1739 1410 orbem
1770 1363 2060 1425 pervenerit,

302 1441 674 1501 aequinoctium
706 1443 835 1490 facit.
908 1441 1154 1506 Ἡμερινὸς
1186 1443 1319 1492 enim
1356 1445 1532 1493 Latine
1562 1444 1668 1493 dies
1703 1445 1882 1494 dicitur
1912 1453 2060 1507 atque
2087 1455 2132 1496 15

305 1537 416 1581 nox,
445 1538 546 1584 quo
580 1524 764 1571 circulo
795 1525 1001 1573 dimidia
1037 1527 1274 1588 sphaerae
1308 1542 1417 1589 pars
1453 1528 1720 1575 constituta
1753 1528 2057 1590 prespicitur„

304 1605 523 1665 Quartus
556 1614 722 1654 autem
749 1607 960 1655 circulus
988 1611 1287 1672 ἀνταρκτικὸς
1311 1618 1514 1658 vocatus
1541 1625 1601 1658 eo
1627 1611 1764 1672 quod
1789 1610 2059 1658 contrarius

248 1692 281 1738 4
304 1686 363 1733 sit
390 1687 587 1746 circulo,
611 1703 762 1749 quem
787 1691 1002 1751 ἀρκτικὸν
1028 1692 1361 1740 nominamus.
1437 1693 1654 1753 Quintus
1676 1693 1885 1740 circulus
1910 1714 2059 1756 χειμε-

301 1769 426 1831 ρινὸς
449 1771 680 1831 τροπικὸς,
710 1772 793 1833 qui
827 1787 856 1819 a
890 1773 1076 1821 Latinis
1108 1774 1333 1822 hiemalis
1369 1775 1471 1822 sive
1506 1774 1740 1822 brumalis
1769 1775 2058 1836 appellatur,

302 1849 418 1899 ideo
452 1853 566 1914 quia
604 1854 678 1901 sol
714 1869 828 1901 cum
866 1855 930 1902 ad
967 1870 1081 1903 eum
1119 1854 1357 1903 circulum
1394 1856 1687 1917 pervenerit,
1712 1854 1926 1904 hiemem
1965 1856 2059 1915 his,
2083 1864 2133 1891 20

303 1933 388 1994 qui
425 1934 488 1982 ad
526 1935 830 1996 Aquilonem
869 1924 1001 1997 sunt,
1030 1938 1158 1996 facit,
1196 1946 1244 1986 et
1281 1945 1518 1986 aestatem
1556 1938 1647 1997 his,
1682 1938 1765 1999 qui
1803 1938 1852 1984 in
1889 1939 2055 1986 Austri

304 2013 524 2076 partibus
549 2026 915 2065 conmorantur.

164 2098 283 2136 XLV
444 2099 526 2144 DE
565 2112 790 2147 20D1Aco
833 2115 1070 2149 CIRCVLo.
1145 2100 1389 2150 Zodiacus
1430 2098 1636 2166 [autern]
1674 2099 1883 2149 circulus
1923 2098 2055 2166 [est]‚

305 2179 390 2241 qui
417 2195 474 2226 ex
499 2180 737 2228 linearum
765 2182 986 2244 quinque
1011 2184 1221 2246 angulis,
1248 2180 1341 2248 [et]
1370 2198 1428 2231 ex
1454 2199 1551 2230 una
1577 2183 1705 2231 linea
1730 2191 1936 2231 constat.

139 2258 279 2298 XLVI
442 2263 523 2308 DE
550 2276 789 2310 cAND1Do
815 2277 1056 2314 c1RCVLo,
1130 2267 1340 2313 Lacteus
1375 2266 1585 2312 circulus
1616 2266 1692 2313 via
1729 2273 1821 2325 est,
1845 2281 1972 2327 quae
2002 2266 2052 2313 in
2079 2272 2127 2312 25

303 2344 510 2405 sphaera
540 2345 749 2405 videtur,
773 2362 801 2394 a
834 2347 1049 2395 candore
1075 2347 1226 2407 dicta,
1250 2347 1365 2409 quia
1399 2346 1511 2395 alba
1544 2355 1631 2395 est.
1706 2348 1871 2408 Quam
1901 2348 2052 2410 aliqui

360 2486 377 2511 1
411 2479 477 2513 est
499 2475 662 2527 (prius)
685 2490 766 2516 om.
791 2476 838 2514 K
999 2483 1112 2516 terra
1133 2476 1179 2515 Κ
1184 2476 1221 2514 Τ
1233 2491 1241 2515 :
1271 2482 1408 2515 terras
1427 2475 1507 2514 BC
1699 2489 1724 2526 3
1754 2475 1901 2527 fuerit]
1931 2482 1996 2515 est
2022 2476 2050 2514 7

302 2540 407 2567 xmv
430 2529 493 2580 (cf.
514 2530 635 2570 XIII.
660 2530 727 2580 vl)
933 2544 956 2581 5
988 2531 1259 2571 includuntur
1282 2530 1331 2571 Cl
1535 2545 1556 2580 7
1588 2531 1642 2570 id.
1667 2543 1817 2570 sonum
1839 2531 1934 2569 circ.
1954 2530 2051 2570 KC1

301 2597 328 2633 9
357 2589 568 2622 arctorum
593 2584 704 2635 (-rt-)
728 2585 832 2625 BC:
862 2588 1018 2625 arcturi
1035 2586 1124 2624 KT
1317 2599 1368 2625 10
1399 2599 1453 2624 ex
1474 2599 1525 2624 eo
1545 2586 1708 2625 terinos
1731 2585 1918 2635 tropicos
1936 2585 2050 2624 B1T:

301 2639 465 2677 terinus
489 2639 605 2690 (-nos
626 2639 678 2685 C>
699 2641 769 2689 qui
791 2641 978 2690 tropicus
1002 2641 1100 2679 C1K
1210 2654 1256 2679 11
1290 2640 1469 2692 circulo]
1490 2641 1702 2680 circuiens
1718 2640 1911 2690 BCfort.
1929 2645 2050 2679 recte:

301 2693 492 2732 circuens
508 2693 555 2731 K
663 2695 846 2746 faciens]
865 2696 962 2734 facit
978 2703 1020 2735 et
1036 2695 1260 2745 BCKsort.
1281 2700 1375 2734 recte
1486 2708 1534 2745 13
1563 2696 1655 2747 ἡμ.]
1674 2696 1887 2734 emerinus
1902 2695 2048 2746 (mer.)

300 2748 342 2785 A
369 2748 482 2787 Col.:
511 2748 632 2789 hism.
659 2749 717 2788 C:
747 2750 947 2789 imerinos
975 2750 1034 2790 T:
1072 2751 1330 2790 intrinsecus
1351 2750 1415 2789 B:
1445 2751 1683 2790 isimerinos
1706 2751 1786 2801 (Le.
1807 2747 2046 2800 ἰσημερινός)

302 2802 349 2840 K
370 2804 474 2853 fort.
512 2808 608 2842 recte
793 2818 840 2855 14
885 2805 1143 2857 appellatur]
1181 2810 1247 2844 est
1287 2805 1424 2844 dictus
1462 2805 1510 2843 K
1540 2805 1666 2844 Phill.
1708 2806 1808 2854 1831
1847 2807 1949 2852 (non
1985 2803 2048 2849 Α)

305 2870 351 2906 17
383 2871 451 2907 qu.
473 2864 612 2898 autem
631 2860 731 2898 circ.
757 2860 798 2897 A
941 2860 1027 2899 ἀντ.
1049 2889 1059 2900 .
1083 2891 1092 2900 .
1119 2890 1128 2900 .
1152 2861 1192 2912 (§
1214 2861 1257 2910 4)
1284 2859 1470 2909 Quintus
1491 2860 1675 2899 circulus
1695 2873 1776 2898 om.
1800 2859 1881 2897 KL
1900 2857 2047 2897 Phillst

306 2914 405 2962 1831
432 2911 482 2951 Cl
595 2926 645 2962 19
674 2913 771 2964 quia
791 2914 910 2953 latini
937 2915 975 2953 T
1079 2929 1132 2954 20
1161 2914 1384 2966 circulum]
1405 2914 1545 2954 locum
1565 2915 1608 2953 in
1631 2927 1711 2954 ras,
1743 2913 1781 2952 T
1883 2926 1932 2952 21
1965 2913 2045 2953 fac.

301 2980 388 3008 aes·
419 2974 559 3008 autem
588 2967 630 3006 B
771 2970 824 3008 ad
862 2970 994 3008 austri
1024 2976 1169 3020 partes
1195 2969 1236 3008 Β
1382 2981 1434 3019 23
1475 2975 1614 3009 autem
1643 2968 1735 3008 hab.
1769 2967 1923 3007 ABU:
1962 2981 2045 3008 om.

304 3022 476 3061 CKMT
488 3022 612 3062 Phill.
642 3024 742 3072 1831
858 3030 923 3063 est
943 3024 1038 3064 hab.
1059 3024 1146 3063 AB
1156 3025 1258 3063 TU:
1286 3037 1370 3064 om.
1397 3024 1527 3063 CKM
1540 3024 1667 3062 Phill.
1690 3025 1789 3073 1831
1922 3035 1973 3071 24
2003 3029 2046 3061 et

297 3077 391 3116 hab.
409 3077 456 3115 K
468 3091 478 3115 z
508 3091 592 3118 om.
605 3077 700 3118 ΒΟ
711 3078 839 3117 TUM
845 3078 967 3119 Phill.
985 3081 1086 3129 1831
1199 3091 1252 3129 25
1277 3079 1368 3118 vias
1380 3084 1477 3118 sunt
1494 3078 1544 3118 C1
1652 3080 1706 3117 26
1733 3077 1878 3130 quam]
1894 3077 1991 3127 quia
2003 3076 2051 3114 K

296 3131 456 3182 aliquid
476 3132 676 3172 dicuntur
697 3133 732 3172 C
732 3132 747 3157 1
