2176 3424
454 69 925 119 CORRIGENDA
971 70 1060 116 ET
1097 70 1447 116 ADDENDA

86 189 132 228 In
154 194 355 228 contextu
373 204 380 227 :

138 266 191 311 11,
357 278 398 314 x,
421 277 445 313 3
463 270 537 314 pro
557 264 627 302 lex
647 263 851 302 consistat
1127 262 1207 312 lege
1237 261 1307 299 lex
1329 267 1495 300 constat

140 332 214 380 ΙΙΙ,
267 330 444 379 -lxxi,9
483 360 508 379 „
550 330 687 367 dictus
1148 355 1176 376 „
1235 326 1349 366 dicta

394 407 445 444 35
486 423 514 443 ,‚
553 393 846 443 Arctophylax
1151 422 1174 440 ‚,
1233 391 1466 430 Arctofilax

136 461 186 510 V,
371 459 396 508 i,
424 473 440 497 1
483 489 511 509 ,‚
552 458 793 497 Hebraicae
1146 486 1174 506 „
1238 456 1464 495 Hebraeae

254 524 397 574 xxxiv,
423 537 447 562 2
486 554 512 574 „
556 524 609 562 de
1153 551 1179 571 „
1241 521 1334 573 [de]

136 593 208 640 VI,
347 593 399 642 iv,
424 604 448 629 2
487 621 512 641 „
555 592 705 642 singuli
727 591 768 629 in
1150 618 1176 639 „
1236 589 1389 638 singuli
1409 589 1493 643 [in]

283 657 370 704 xix,
394 669 447 706 59
489 687 509 706 ,,
552 657 649 705 quia
669 656 711 695 in
1147 683 1172 704 ‚,
1233 654 1304 702 qui
1326 654 1366 691 in

138 723 214 772 IX,
310 723 349 773 ii,
377 735 449 761 111
493 752 519 772 „
560 721 771 760 Salamina
1154 748 1177 768 „
1239 718 1493 757 Salaminam

138 788 191 832 X,
374 799 449 837 145
488 816 514 837 „
555 800 678 836 opem
696 786 808 824 enim
1154 814 1178 832 „
1238 783 1378 833 Opem
1399 784 1512 822 enim

370 864 442 901 171
486 882 511 901 ‚,
556 851 706 899 Minor,
728 850 921 888 minimus
1151 878 1178 898 ,.
1241 847 1391 886 Minor.
1445 848 1645 887 Minimus

374 930 448 965 172
490 948 516 966 „
557 915 826 954 rationabilis.
845 915 1089 953 Moderatus
1158 943 1185 963 „
1243 914 1515 962 rationabilis,
1540 914 1784 951 moderatus

139 983 238 1033 XII,
307 982 374 1030 vii,
401 983 449 1019 18
489 1010 510 1029 ‚,
555 981 732 1030 Cygnus
752 986 891 1019 autem
1153 1008 1179 1028 „
1243 978 1415 1027 Cycnus
1435 984 1576 1017 autem

139 1047 261 1098 XIII,
284 1047 371 1093 xxi,
394 1059 445 1095 23
483 1075 511 1093 ,‚
554 1045 737 1084 Prienen
1158 1073 1183 1094 „
1244 1043 1435 1082 Prienam

142 1113 259 1163 XIV,
363 1125 401 1157 v,
425 1124 446 1160 7
487 1140 515 1161 „
557 1111 783 1161 Byzacena
1161 1138 1185 1158 „
1248 1108 1460 1147 Bizacena

424 1193 450 1229 9
490 1209 514 1229 „
560 1178 823 1229 Hipponem,
854 1177 1036 1226 Regium
1162 1207 1188 1225 „
1248 1175 1495 1226 Hipponem
1518 1176 1699 1226 Regium

321 1245 374 1293 vi,
401 1247 448 1283 16
491 1274 518 1293 „
558 1245 808 1294 dyctamnos
1164 1270 1190 1291 „
1250 1242 1482 1281 dictamnos

396 1322 445 1358 27
490 1339 512 1359 ‚,
559 1309 766 1358 Dionysio
1168 1337 1194 1354 „
1255 1306 1508 1358 Dionys[i]o

144 1376 257 1423 XVI,
375 1375 450 1424 i,9
490 1404 515 1424 ‚,
559 1374 750 1424 Sulphur
1164 1401 1191 1421 „
1253 1372 1410 1422 Sulpur

98 1495 144 1533 In
166 1500 368 1545 apparatu
391 1494 559 1532 critico:

171 1571 223 1609 ad
247 1570 280 1619 I,
303 1570 359 1617 iii,
381 1583 406 1618 9
428 1569 473 1619 (l.
498 1569 539 1618 7)
563 1567 665 1607 adde
685 1581 705 1616 7
723 1567 824 1606 finis
847 1578 1063 1604 recursum
1085 1567 1138 1603 ad
1160 1567 1214 1604 in.
1247 1565 1410 1604 Tertull.
1435 1577 1599 1615 monog.
1624 1577 1647 1613 5

145 1635 222 1683 111,
393 1635 492 1683 xxii,
516 1635 542 1670 6
599 1664 624 1679 ,,
680 1644 834 1671 nervos
855 1633 897 1670 in
918 1643 1069 1670 sonum
1092 1636 1164 1669 str.
1195 1629 1355 1669 Tertull.
1379 1643 1453 1668 cor.
1475 1631 1500 1667 8

145 1701 243 1750 XII,
401 1700 468 1750 vii,
491 1712 538 1748 13
599 1730 623 1747 „
682 1698 893 1748 Gradipes
923 1710 989 1747 ap.
1015 1697 1087 1735 Gr.
1119 1708 1207 1734 voe.
1237 1694 1339 1746 ὠτίς,
1364 1697 1475 1744 apud
1497 1708 1575 1733 nos
1602 1695 1690 1732 avis
1710 1695 1830 1732 tarda

738 1753 877 1792 Loewe
897 1752 1041 1802 (Arch.
1064 1751 1131 1790 lat.
1155 1751 1227 1788 lex.
1255 1764 1288 1798 1,
1311 1751 1385 1802 33)

145 1821 262 1869 XIV,
276 1822 332 1867 iii,
350 1833 401 1857 22
411 1820 455 1870 gl.
471 1820 543 1871 20)
606 1849 630 1867 „
691 1818 860 1867 agrabat
882 1820 916 1866 (t
937 1830 984 1855 ex
1004 1817 1126 1865 corr.)
1156 1814 1213 1853 T:
1246 1815 1414 1853 acrabat
1435 1815 1498 1853 B:
1528 1813 1739 1852 astrabath
1757 1812 1827 1851 K:

738 1873 936 1911 acrabato
961 1871 995 1909 C

144 1941 235 1985 XV,
285 1942 309 1990 i,
334 1952 386 1977 22
407 1940 450 1990 (l.
479 1938 549 1989 19)
577 1944 654 1987 pro
689 1938 885 1975 betheum
908 1937 988 1987 lege
1010 1936 1192 1973 betheun

140 2005 276 2054 XVII,
409 2004 464 2051 ix,
486 2014 538 2053 95
598 2034 624 2051 „
683 2002 736 2052 X,
760 2003 811 2049 85
926 2032 950 2049 ‚,
1009 2000 1064 2048 X,
1091 2002 1164 2048 185

146 2083 235 2120 Viri
257 2082 368 2120 docti
392 2081 447 2118 H.
472 2079 640 2128 Philipp
660 2078 983 2116 benevolentiae
1005 2083 1198 2125 acceptas
1220 2075 1354 2112 refero
1383 2075 1460 2112 has
1484 2074 1704 2121 lectiones,
1727 2086 1830 2122 quas

91 2149 133 2186 in
154 2147 357 2198 opusculo
376 2145 498 2183 valde
530 2143 727 2182 laudabili
749 2143 783 2193 (ι
800 2143 877 2181 Die
897 2141 1262 2192 geographischen
1283 2139 1465 2188 Quellen
1488 2139 1531 2176 in
1550 2139 1630 2177 den
1655 2139 1827 2188 Etymo-

92 2217 229 2267 logiae
250 2217 325 2255 des
347 2215 534 2254 Isidorus
550 2226 630 2250 von
656 2212 813 2251 Sevilla
832 2214 859 2249 ⁷.
921 2210 1062 2249 Berol.
1079 2223 1145 2259 ap.
1165 2208 1461 2260 Weidmann.)
1478 2219 1612 2257 nuper
1630 2207 1825 2257 protulit:

165 2300 215 2337 ad
239 2298 314 2343 1X,
336 2298 378 2346 ii,
399 2310 424 2347 3
483 2296 586 2346 Lud,
608 2308 632 2332 a
653 2308 734 2343 quo
756 2294 879 2344 Lydii
903 2294 969 2344 (cf.
994 2293 1237 2340 Hieronym.
1254 2295 1410 2341 quaest.
1441 2289 1537 2328 Gen.
1565 2303 1628 2338 10,
1655 2296 1719 2337 11)

376 2375 427 2411 34
484 2361 624 2409 lingua
667 2360 812 2408 quinta
853 2358 1060 2397 Graeciae
1099 2356 1246 2394 Aeolis
1287 2356 1351 2406 (cf.
1390 2355 1635 2404 Hieronym.
1670 2359 1823 2404 quaest.

526 2415 624 2454 Gen.
654 2427 714 2463 10,
739 2414 781 2463 4)

363 2492 413 2530 75
470 2494 494 2518 a
517 2480 788 2529 Myrmidono
809 2479 916 2516 duce
939 2477 1004 2528 (cf.
1023 2477 1139 2515 Serv.
1161 2476 1219 2514 ad
1235 2476 1342 2515 Aen.
1365 2489 1402 2526 2,
1427 2476 1467 2525 7)

149 2549 271 2596 XIII,
286 2547 368 2597 xvi,
388 2560 414 2596 3
470 2559 551 2595 qua
574 2545 727 2584 Darius
748 2544 812 2594 (cs.
834 2543 963 2582 Solin.
995 2556 1057 2591 12,
1079 2542 1122 2593 2)

284 2612 371 2662 xix,
394 2625 419 2660 4
477 2612 528 2649 ad
550 2610 708 2648 Zoaros
730 2609 796 2660 (cf.
821 2607 1035 2658 Hegesipp.
1059 2620 1097 2657 4,
1127 2605 1194 2655 18)

286 2677 372 2725 xxi,
392 2678 417 2714 8
476 2675 562 2714 Nili
582 2675 704 2713 modo
725 2675 917 2713 exultare
941 2673 1008 2724 (cf.
1032 2671 1166 2711 Solin.
1189 2682 1252 2720 52,
1278 2672 1322 2720 6)

365 2754 410 2791 17
471 2739 692 2779 Orientem
712 2745 881 2778 veteres
904 2737 1054 2775 Latine
1074 2735 1342 2786 appellavere
1366 2733 1432 2785 (cf.
1456 2732 1669 2784 Hegesz‘pp.
1691 2745 1729 2780 3,
1752 2733 1794 2784 5)

151 2807 265 2855 XIV,
287 2807 344 2856 iii,
365 2819 413 2855 41
473 2818 498 2843 a
519 2804 706 2854 Phrygia
724 2803 887 2853 Aesopi
909 2801 995 2840 filia
1018 2801 1082 2852 (cf.
1106 2799 1222 2840 Serv.
1243 2803 1346 2838 auct.
1370 2797 1428 2836 ad
1443 2797 1550 2837 Aen.
1579 2810 1611 2844 1,
1639 2796 1731 2847 182)

362 2883 414 2920 43
470 2882 595 2919 quam
619 2869 754 2908 Meles
774 2867 924 2907 fluvius
945 2866 1078 2916 cingit
1098 2864 1162 2915 (cf.
1186 2864 1314 2903 Solz'n.
1341 2876 1407 2913 40,
1434 2863 1501 2912 15)

305 2934 405 2985 iv‚6
462 2933 689 2973 Bessorum
732 2932 928 2983 populus,
972 2930 1118 2979 Moesi,
1152 2929 1300 2979 Getae,
1333 2928 1555 2967 Sarmatae
1587 2926 1655 2976 (ef.
1689 2925 1825 2965 Solin-

526 3002 587 3039 10,
613 2991 655 3038 7)

154 3067 256 3104 1182
287 3077 317 3103 11
946 3066 978 3099 G
996 3067 1025 3113 g
