2228 3444
569 107 1201 161 ETYMOLOGIARVM
1242 109 1373 157 LIB.
1410 109 1501 156 VI.
1540 107 1617 155 xix

209 261 312 295 non
344 245 481 293 aliter
505 240 599 290 nisi
632 241 724 291 sub
750 238 1003 290 Trinitatis
1036 238 1392 304 designatione,
1421 237 1476 289 id'
1499 247 1573 288 est
1599 237 1754 287 Patris
1781 246 1829 287 et
1856 236 1964 286 Filii

209 335 257 377 et
290 324 495 390 Spiritus
531 322 700 382 sancti,
737 321 1175 387 cognominatione
1207 323 1481 385 conpletur,
1510 321 1709 371 dicente
1741 318 1964 369 Domino

208 408 273 456 ad
307 407 576 471 Apostolos
610 406 813 471 (Matth.
834 403 1045 470 28‚>19):
1093 405 1199 453 ‘Ite
1233 405 1412 454 docete
1445 419 1620 452 omnes
1659 410 1846 466 genteS‚
1883 403 1962 451 ba-

209 490 446 553 ptizantes
467 505 550 538 eos
577 487 628 536 in
652 486 855 537 nomine
881 486 1037 536 Patris
1058 496 1106 536 et
1133 485 1245 536 Filii
1270 495 1317 535 et
1338 484 1546 550 Spiritus
1566 485 1754 535 sancti.>
1825 482 1961 532 Sicut
1985 484 2057 543 46

163 594 184 634 5
207 570 340 621 enim
365 570 416 620 in
442 569 597 620 tribus
621 569 829 620 testibus
854 578 948 619 stat
973 586 1123 618 omne
1147 569 1367 629 verbum,
1391 568 1458 618 ita
1475 569 1571 618 hoc
1597 575 1959 617 sacramentum

206 654 466 702 confirmat
482 651 718 703 ternarius
735 667 969 702 numerus
989 651 1250 700 nominum
1271 650 1568 700 divinorum.
1622 650 1775 712 Quod
1791 658 1958 698 autem
1983 658 2046 706 47

207 752 293 799 per
316 751 496 798 aquam
523 733 826 797 baptismum
852 735 1008 794 datur,
1038 734 1160 782 haec
1185 733 1309 782 ratio
1343 741 1429 782 est.
1501 731 1674 781 Voluit
1699 730 1832 781 enim
1859 731 1959 779 Do-

207 818 369 866 minus
395 825 448 865 ut
474 833 548 866 res
574 816 655 865 illa
681 815 938 865 invisibilis
971 832 1057 879 per
1082 824 1454 878 congruentem,
1483 816 1571 864 sed
1597 815 1820 877 profecto
1845 829 1958 862 con-

207 899 510 948 trectabilem
545 906 593 947 et
626 897 869 946 visibilem
903 896 1254 960 inpenderetur
1289 899 1605 956 elementum,
1634 913 1780 959 super
1807 911 1956 959 quern

137 1002 184 1029 10
207 980 354 1030 etiam
381 981 431 1029 in
452 979 693 1043 principio
719 979 965 1028 ferebatur
991 978 1198 1042 Spiritus
1225 987 1440 1027 sanctus.
1513 979 1644 1027 Nam
1676 977 1801 1026 sicut
1829 993 1958 1040 aqua
1981 969 2047 1029 48

206 1070 436 1125 purgatur
461 1061 670 1110 exterius
696 1078 888 1124 corpus,
917 1060 984 1109 ita
1007 1063 1215 1110 latenter
1241 1062 1345 1109 eius
1365 1060 1596 1124 mysterio
1616 1077 1703 1124 per
1722 1059 1956 1123 Spiritum

205 1154 429 1194 sanctum
455 1144 740 1208 purificatur
765 1153 812 1192 et
836 1143 1046 1192 animus.
1104 1142 1259 1193 Cuius
1286 1141 1612 1192 sanctificatio
1637 1142 1704 1191 ita
1729 1151 1816 1191 est.
1878 1144 1958 1191 In·
1980 1148 2052 1196 49

204 1235 379 1275 vocato
388 1227 519 1276 enim
539 1228 650 1275 Deo
667 1224 925 1275 descendit
941 1224 1147 1289 Spiritus
1165 1234 1362 1274 sanctus
1379 1225 1442 1274 de
1460 1224 1621 1286 caelis,
1633 1234 1681 1274 et
1699 1223 1956 1274 medicatis

202 1309 342 1371 aquis
367 1307 640 1357 sanctificat
667 1324 748 1356 eas
769 1308 831 1357 de
858 1308 1125 1370 semetipso
1144 1325 1157 1368 3
1183 1317 1230 1356 et
1249 1306 1499 1370 accipiunt
1518 1305 1614 1355 vim
1637 1305 1952 1370 purgationis,

133 1407 177 1447 15
202 1399 255 1440 ut
279 1389 331 1439 in
357 1392 425 1439 eis
451 1399 499 1440 et
524 1406 637 1439 caro
663 1399 711 1439 et
735 1389 900 1439 anima
920 1388 1112 1439 delictis
1133 1388 1388 1453 inquinata
1409 1390 1690 1439 mundetur.
1727 1388 1956 1439 Chrisma
1980 1393 2047 1441 50

203 1473 404 1532 Graece,
434 1472 608 1522 Latine
634 1474 804 1522 unctio
830 1471 1143 1532 nominatum
1177 1488 1236 1520 ex
1260 1470 1399 1520 cuius
1426 1471 1628 1521 nomine
1655 1481 1703 1521 et
1728 1470 1954 1522 Christus

203 1553 393 1614 dicitur,
418 1563 466 1604 et
494 1555 647 1603 homo
668 1563 780 1618 post
800 1555 1048 1603 lavacrum
1069 1553 1416 1603 sanctificatur.
1492 1556 1621 1603 Nam
1648 1552 1774 1602 sicut
1799 1553 1849 1602 in
1875 1554 1957 1603 ba-
1985 1558 2036 1607 51

203 1636 383 1699 ptismo
398 1646 713 1700 peccatorum
731 1635 954 1686 remissio
970 1637 1126 1695 datur,
1140 1635 1206 1684 ita
1223 1652 1309 1699 per
1325 1634 1614 1685 unctionem
1631 1635 1956 1685 sanctificatio

203 1717 398 1781 spiritus
424 1717 718 1779 adhibetur,
754 1727 801 1767 et
834 1719 930 1766 hoc
965 1720 1028 1767 de
1061 1717 1264 1781 pristina
1297 1717 1570 1781 disciplina,
1599 1734 1697 1781 qua
1727 1718 1879 1782 ungui
1904 1718 1955 1767 in

131 1817 181 1845 20
204 1800 533 1850 sacerdotium
560 1811 607 1849 et
634 1801 684 1848 in
717 1817 921 1864 regnum
957 1800 1198 1861 solebant,
1226 1817 1284 1848 ex
1309 1816 1409 1863 quo
1442 1810 1490 1850 et
1519 1802 1688 1849 Aaron
1718 1817 1746 1849 a
1778 1803 1955 1864 Moyse

204 1893 381 1932 unctus
407 1893 494 1932 est.
569 1885 713 1945 Quae
738 1884 858 1932 dum
885 1882 1142 1932 carnaliter
1167 1884 1236 1943 fit,
1266 1882 1543 1946 spiritaliter
1575 1882 1801 1946 proficit3
1837 1899 1956 1946 quo-
1978 1882 2042 1931 52

204 1966 355 2013 modo
393 1975 441 2014 et
478 1965 529 2013 in
554 1964 661 2028 ipsa
696 1964 931 2028 baptismi
966 1964 1118 2028 gratia
1154 1964 1358 2014 visibilis
1392 1974 1545 2025 actus,
1579 1967 1716 2028 quod
1746 1965 1796 2013 in
1825 1983 1955 2030 aqua

202 2046 478 2109 mergimur,
500 2048 588 2095 sed
607 2046 835 2110 spiritalis
856 2047 1072 2106 effectus,
1096 2048 1232 2109 quod
1250 2045 1441 2095 delictis
1459 2048 1773 2096 mundamur.
1835 2050 1953 2098 Hoc
1974 2052 2039 2100 53

203 2128 444 2192 significat
470 2128 592 2178 illud
618 2138 943 2191 unguentum,
971 2130 1108 2192 quod
1134 2130 1380 2192 peccatrix
1410 2130 1584 2177 mulier
1609 2146 1755 2193 super
1779 2131 1948 2194 pedes,

128 2223 177 2265 25
203 2220 250 2261 et
269 2227 325 2260 ea
346 2227 471 2274 quae
497 2209 674 2259 dicitur
699 2226 802 2258 non
826 2209 975 2259 fuisse
999 2209 1260 2273 peccatrix,
1283 2226 1429 2273 super
1455 2220 1603 2273 caput
1624 2212 1738 2260 Iesu
1764 2211 1950 2261 fudisse

199 2292 493 2342 scribuntur.
548 2294 730 2340 Manus
757 2290 989 2355 inpositio
1015 2291 1129 2341 ideo
1155 2293 1222 2352 fit,
1250 2301 1302 2340 ut
1327 2309 1414 2355 per
1438 2292 1842 2343 benedictionem
1867 2295 1949 2344 ad·
1974 2291 2037 2340 54

199 2383 403 2423 vocatus
429 2373 662 2422 invitetur
697 2372 903 2437 Spiritus
941 2383 1156 2422 sanctus.
1228 2376 1372 2422 Tunc
1398 2374 1529 2423 enim
1558 2374 1638 2424 ille
1666 2378 1946 2426 Paracletus

253 2518 278 2544 2
300 2502 604 2558 cognitione—K
618 2503 719 2553 (non
733 2504 797 2555 A)
909 2517 932 2552 4
955 2516 1028 2543 eas
1044 2503 1089 2541 K
1199 2517 1219 2553 7
1242 2504 1326 2544 vol.
1340 2504 1444 2544 deus
1459 2511 1501 2542 ut
1523 2505 1560 2542 T
1663 2507 1688 2543 8
1710 2519 1946 2556 congruen-

199 2560 301 2599 tiam
323 2559 399 2598 sed
421 2559 526 2609 prof.
549 2559 894 2598 contrectabilem
910 2559 988 2598 vis.
1011 2557 1057 2595 K
1075 2572 1083 2597 :
1125 2571 1367 2609 congruens
1388 2566 1430 2598 et
1450 2559 1555 2609 prof.
1578 2562 1880 2601 contractabile
1902 2570 1943 2602 et

200 2615 277 2655 vis.
301 2612 350 2652 Cl
373 2614 476 2663 (non
502 2613 633 2664 Trin.)
759 2613 1092 2652 contractibilem
1112 2614 1154 2652 Β
1282 2627 1308 2664 9
1337 2614 1590 2653 invisibilem
1611 2614 1698 2653 BT
1803 2617 1941 2666 inper—

199 2670 352 2708 tiretur
372 2667 567 2707 Sclzwarz
708 2667 921 2707 elemento
936 2667 982 2705 K
1101 2667 1247 2720 quem]
1269 2669 1383 2718 quod
1400 2667 1435 2706 C
1453 2669 1556 2720 (non
1576 2669 1620 2707 D
1639 2669 1769 2721 Trin.)
1793 2685 1802 2709 ε
1831 2673 1942 2720 quod

201 2724 457 2763 elementum
477 2721 524 2760 K
671 2735 716 2761 11
747 2723 981 2762 misterium
1003 2721 1049 2759 K
1198 2736 1245 2762 12
1274 2729 1468 2763 sanctum
1488 2737 1572 2762 om.
1595 2722 1631 2763 C
1738 2730 1780 2763 et
1800 2738 1882 2766 om.
1913 2726 1950 2764 T

201 2779 339 2818 anima
358 2776 404 2815 K
615 2789 663 2825 13
692 2777 744 2816 de
765 2777 892 2817 caelis
911 2790 993 2816 om.
1013 2775 1075 2814 Kl
1244 2790 1291 2828 15
1323 2778 1385 2817 eis
1406 2790 1503 2818 caro
1525 2777 1567 2815 Β
1735 2792 1781 2828 17
1811 2780 1942 2819 babti-

201 2846 336 2872 smum
360 2833 481 2882 (-pt-)
506 2830 626 2870 BCT
788 2834 837 2871 18
866 2832 924 2871 ita
946 2837 987 2871 et
1008 2845 1085 2882 per
1104 2831 1145 2868 B
1291 2832 1541 2872 tinctionem
1568 2831 1605 2870 T
1710 2835 1944 2874 sanctifica—

200 2887 326 2927 tionis
346 2885 391 2923 K
557 2899 606 2937 19
634 2885 836 2936 spiritalis
865 2886 902 2925 T
1007 2886 1109 2938 qua]
1133 2886 1231 2936 quia
1251 2886 1297 2924 K
1302 2887 1339 2925 T
1497 2900 1551 2926 20
1580 2888 1818 2928 sacerdotio
1838 2895 1880 2928 et
1901 2890 1943 2928 in

201 2954 330 2991 regno
350 2940 396 2978 K
520 2946 563 2980 et
583 2954 665 2981 om.
686 2939 733 2978 K
865 2954 914 2980 21
945 2947 1066 2980 uetus
1093 2940 1130 2979 T
1261 2941 1481 2991 Quaedam
1506 2942 1541 2981 C
1556 2957 1565 2981 ε
1596 2948 1638 2981 et
1658 2955 1766 2993 quae
1786 2944 1882 2983 dum
1903 2943 1946 2982 Β

202 3008 254 3034 22
283 3001 326 3036 et
344 2995 400 3046 ip.
421 2995 487 3036 ba.
508 2994 555 3032 K
571 3009 579 3035 :
609 3001 652 3035 et
671 2996 715 3034 in
737 2995 947 3035 babtismo
975 2995 1012 3034 T
1169 3008 1221 3045 23
1249 2997 1456 3046 mergitur
1478 2996 1514 3035 C
1528 3010 1538 3035 z
1566 3002 1821 3046 merguntur
1847 2998 1948 3038 Tex

202 3062 299 3089 corr.
411 3049 658 3100 spiritaliter
677 3049 735 3087 K¹
848 3050 1103 3089 mundantur
1123 3048 1169 3086 K
1302 3062 1354 3101 25
1383 3051 1440 3090 fu.
1462 3050 1663 3089 scribitur
1681 3050 1728 3088 K
1745 3065 1754 3091 :
1783 3052 1944 3092 fudisse

203 3104 487 3144 discribuntur
513 3102 550 3141 T
676 3130 681 3133 κ
723 3106 776 3142 26
805 3104 924 3156 ideo]
945 3105 1044 3143 inde
1072 3103 1110 3142 T
1269 3117 1320 3155 27
1351 3105 1421 3144 ille
1442 3117 1527 3145 om.
1547 3103 1594 3142 K
1610 3104 1712 3158 (non
1731 3107 1796 3160 A)
