2176 3424
1054 106 1330 157 ISIDORI

313 229 480 278 doceri
495 239 682 293 potest:
703 241 776 280 est
793 234 926 281 enim
944 234 1228 296 ingeniosus
1246 245 1293 284 et
1310 238 1373 285 ad
1391 238 1684 288 discendum
1703 250 1861 303 aptus.
1909 241 2065 291 Disci-

220 311 289 372 67
312 313 457 373 pulus
486 329 516 360 a
545 311 806 376 disciplina
835 314 996 363 dictus
1021 334 1030 363 ε
1068 316 1328 380 disciplina
1360 328 1527 368 autem
1553 339 1581 370 a
1607 323 1849 372 discendo
1874 333 2061 373 vocata.

314 391 640 456 Dispensator
655 404 872 456 vocatur,
892 396 972 445 cui
989 399 1204 446 creditur
1219 400 1582 451 administratio
1599 405 1936 466 pecuniarum.
1999 408 2064 455 Et

310 473 426 523 ideo
459 475 770 539 dispensator
794 476 910 540 quia
935 479 1068 542 prius
1095 479 1180 543 qui
1207 482 1395 531 dabant
1422 486 1688 547 pecuniam
1714 503 1815 535 non
1840 504 2066 536 numera-

217 549 288 597 68
313 556 432 604 bant
452 574 576 618 earn,
600 560 687 607 sed
707 560 1076 622 adpendebant.
1142 561 1294 612 Dives
1319 564 1383 613 ab
1409 582 1520 615 aere
1540 576 1759 616 vocatus.
1826 570 2062 629 Decorus,
2093 586 2114 626 5

308 639 574 701 perfectuS,
599 656 627 687 a
652 640 842 689 decem.
919 639 1155 708 [Dulcis]
1230 645 1442 705 Decens,
1472 648 1774 710 conpositus,
1802 666 1832 698 a
1855 667 2065 699 numero

211 709 286 768 69
311 720 487 769 decem
508 720 683 770 dictus.
743 721 880 770 Hinc
901 732 949 772 et
969 725 1178 773 decorus
1199 734 1246 774 et
1272 727 1512 777 decibilis.
1571 728 1817 790 Directus,
1840 748 1901 780 eo
1925 734 2063 795 quod

311 800 362 849 in
388 811 576 850 rectum
604 804 751 852 vadit.
817 803 1041 854 Dilectus
1066 823 1096 855 a
1120 806 1387 871 diligentia.
1458 813 1602 860 Haec
1627 821 1742 860 sunt
1768 812 1902 861 enim
1927 812 2066 876 signa

221 884 288 933 70
312 883 566 946 diligendi.
641 883 920 946 Delibutus‚
960 888 1024 935 de
1060 890 1172 936 oleo
1209 899 1401 950 unctus,
1438 901 1490 940 ut
1526 893 1741 943 athletae
1774 896 1951 956 solent,
1987 897 2065 944 vel

310 964 362 1012 in
398 974 678 1015 cereumate
714 968 868 1029 pueri.
943 967 1080 1017 Hine
1118 979 1166 1018 et
1205 970 1338 1035 (Ter.
1367 974 1569 1023 Phorm.
1596 974 1715 1040 856)
1757 977 2063 1031 ‘delibutum
2092 993 2142 1021 10

309 1048 524 1109 gaudio,’
543 1047 595 1096 id
612 1057 684 1096 est
704 1049 958 1111 perfusum
975 1053 1051 1099 vel
1072 1053 1288 1113 plenum.
1348 1054 1616 1116 Delicatus,
1636 1058 1774 1119 quod
1791 1057 1852 1105 sit
1868 1057 2059 1106 deliciis

231 1133 287 1182 71
310 1137 493 1190 pastus,
526 1130 695 1178 vivens
729 1131 779 1177 in
810 1130 967 1194 epulis
1002 1142 1050 1180 et
1080 1133 1239 1183 nitore
1272 1136 1504 1199 corporis.
1579 1139 1832 1200 Defessus,
1870 1155 2065 1202 semper

312 1209 547 1269 infirmus,
576 1210 717 1274 quasi
742 1210 828 1259 diu
854 1213 1027 1261 fessus.
1103 1215 1310 1277 Debilis,
1339 1219 1476 1280 quod
1508 1235 1595 1281 per
1626 1219 1779 1269 bilem
1813 1221 1970 1268 factus
2005 1221 2065 1269 sit

310 1290 505 1354 fragilis.
569 1291 689 1340 Bilis
711 1291 844 1341 enim
871 1295 1050 1343 humor
1075 1305 1149 1345 est
1173 1297 1391 1348 afficiens
1417 1315 1613 1363 corpus.
1674 1303 1902 1361 Decolor,
1927 1303 2064 1364 quod

224 1371 286 1421 72
311 1373 439 1421 desit
472 1372 539 1420 illi
573 1375 723 1422 color.
800 1377 1103 1439 Desperatus
1137 1381 1284 1443 vulgo
1318 1390 1520 1430 vocatur
1555 1383 1712 1431 malus
1748 1399 1807 1431 ac
1842 1382 2063 1446 perditus
2091 1403 2139 1446 15

310 1470 403 1502 nec
424 1455 521 1502 iam
542 1455 687 1503 ullius
713 1472 977 1520 prosperae
998 1459 1115 1521 spei.
1177 1461 1371 1510 Dicitur
1389 1472 1555 1511 autem
1581 1480 1668 1527 per
1688 1463 2062 1513 similitudinem

309 1551 566 1598 aegrorum
610 1535 695 1600 qui
736 1538 901 1587 affecti
943 1549 991 1588 et
1033 1540 1138 1590 sine
1191 1559 1279 1606 spe
1327 1545 1659 1608 deponuntur.
1733 1546 2064 1595 Consuetudo

310 1626 477 1667 autem
504 1627 606 1666 erat
630 1620 765 1682 apud
790 1629 978 1670 veteres
1004 1631 1057 1671 ut
1082 1624 1329 1688 desperati
1346 1636 1469 1679 ante
1495 1626 1666 1676 ianuas
1694 1643 1805 1676 suas
1836 1629 2064 1676 conloca-

309 1708 488 1759 rentur,
511 1700 589 1748 vel
609 1709 662 1748 ut
682 1710 956 1751 extremum
977 1705 1200 1767 spiritum
1221 1709 1484 1757 redderent
1500 1717 1667 1768 terrae,
1687 1711 1764 1758 vel
1783 1717 1836 1757 ut
1861 1718 2064 1772 possent

308 1796 338 1827 a
361 1781 731 1831 transeuntibus
766 1785 890 1833 forte
923 1789 1092 1847 curari,
1123 1788 1207 1851 qui
1240 1789 1510 1853 aliquando
1541 1790 1688 1839 simili
1720 1791 2063 1840 laboraverant
2090 1812 2141 1839 20

221 1866 286 1916 73
310 1862 500 1911 morbo.
564 1863 805 1927 Degener,
834 1876 919 1915 aut
944 1866 1188 1930 ignobilis,
1215 1879 1300 1919 aut
1325 1873 1463 1934 quod
1488 1873 1549 1920 sit
1574 1872 1731 1935 inpari
1755 1888 1951 1936 genere,
1977 1881 2064 1921 aut

217 1948 286 1998 74
309 1942 349 1991 si
382 1944 504 1992 dum
538 1946 600 1993 sit
632 1962 812 2008 genere
846 1949 1038 2011 optimo
1071 1960 1231 2011 natus,
1259 1951 1523 2002 inhoneste
1556 1962 1723 2002 tamen
1757 1951 1891 2002 vivit.
1964 1955 2063 2002 De-

308 2026 536 2089 crepitus,
565 2029 702 2090 quod
736 2029 881 2078 morti
914 2030 1115 2095 propior
1147 2033 1287 2096 quasi
1320 2036 1385 2084 ad
1419 2034 1589 2083 mortis
1624 2034 1853 2084 tenebras
1888 2044 2057 2094 vertat,

309 2106 436 2155 sicut
460 2111 807 2172 crepusculum
834 2119 1030 2175 tempus
1055 2115 1231 2164 noctis.
1304 2115 1403 2164 Alii
1429 2115 1602 2165 dicunt
1627 2115 1934 2179 decrepitum
1959 2133 2062 2166 non

309 2189 393 2250 qui
428 2199 683 2240 senectute
715 2194 913 2242 avulsus
947 2204 1035 2255 est,
1065 2197 1154 2245 sed
1187 2197 1272 2260 qui
1306 2198 1402 2245 iam
1437 2213 1637 2262 crepare
1670 2197 1886 2259 desierit,
1911 2197 1961 2247 id
1988 2208 2062 2248 est
2090 2222 2136 2262 ²5

218 2271 285 2323 75
308 2270 446 2333 loqui
470 2273 744 2323 cessaverit.
821 2278 1152 2339 Depretiatus‚
1180 2279 1245 2327 ab
1278 2296 1339 2328 eo
1372 2281 1511 2342 quod
1545 2279 1605 2328 sit
1630 2279 1737 2328 vilis
1771 2296 1864 2328 nec
1894 2279 2061 2343 aliquo

308 2352 466 2416 pretio
497 2353 688 2418 dignus.
766 2356 934 2420 Dirus,
958 2375 1258 2423 praeparcus
1291 2370 1340 2410 et
1369 2371 1505 2421 teter,
1535 2361 1674 2424 quasi
1707 2362 1874 2410 divina
1908 2363 1977 2410 ira
2009 2362 2059 2410 in

308 2435 359 2483 id
384 2445 539 2485 actus.
613 2439 745 2486 Nam
771 2440 934 2488 dirum
960 2440 1141 2490 dicitur
1166 2444 1302 2505 quod
1333 2444 1500 2492 divina
1533 2442 1737 2493 infertur
1769 2445 1851 2492 ira.
1924 2443 2059 2493 Alias

368 2577 386 2603 1
419 2565 554 2614 possit
572 2565 614 2604 Β
809 2574 875 2607 est
897 2582 979 2609 om.
1012 2569 1049 2607 T
1225 2571 1452 2610 dicendum
1475 2571 1521 2609 K
1681 2585 1706 2610 2
1736 2571 1914 2623 discipla
1933 2586 1999 2614 au.
2031 2572 2069 2611 T

309 2631 336 2669 3
365 2626 540 2658 vocatus
559 2619 607 2658 K
767 2636 791 2671 4
821 2624 940 2676 quia]
963 2624 1239 2674 pecuniarum
1271 2625 1309 2663 T
1409 2627 1746 2665 adnumerabant
1766 2626 1809 2664 B
1957 2639 1983 2677 5
2004 2628 2058 2666 ab

310 2673 431 2726 aere]
450 2675 604 2714 habere
628 2675 665 2713 T
668 2676 681 2701 1
701 2691 709 2715 :
730 2678 782 2716 ab
802 2678 960 2717 habere
979 2679 1070 2719 dett.
1179 2681 1206 2718 6
1237 2679 1381 2719 Dulcis
1396 2693 1477 2720 om.
1497 2680 1607 2721 BT:
1635 2682 1728 2722 hab.
1749 2680 1854 2720 CIK
1957 2683 1983 2720 8
2014 2683 2057 2721 in

310 2741 392 2768 om.
418 2727 466 2767 K
623 2730 699 2781 sig.
725 2732 796 2772 dil.
818 2732 1014 2782 Diligens
1037 2733 1088 2773 Cl
1249 2747 1298 2773 10
1329 2741 1560 2775 certamate
1581 2736 1622 2774 A
1644 2751 1654 2776 ε
1682 2736 1915 2776 certamine
1934 2735 2025 2775 dett.
2049 2752 2057 2776 ε

310 2789 523 2823 ceromate
541 2783 668 2823 Arev.
896 2801 944 2826 12
975 2789 1102 2839 epula
1128 2788 1167 2828 T
1300 2789 1515 2829 Defensus
1537 2790 1588 2830 Cl
1802 2792 1852 2828 16
1880 2790 1996 2830 illius
2015 2790 2063 2829 K

310 2851 368 2876 an
389 2838 470 2878 dic.
499 2851 567 2878 au.
601 2839 825 2889 depositus
854 2845 957 2891 per?
1071 2844 1121 2881 18
1151 2850 1198 2883 ut
1226 2843 1461 2894 disperanti
1490 2845 1561 2884 A:
1593 2850 1639 2884 ut
1659 2845 1758 2884 dum
1788 2844 1993 2894 disperati
2015 2845 2062 2884 K

314 2905 364 2942 19
392 2893 609 2945 spiritum]
633 2906 752 2933 usum
773 2896 868 2934 ΑΚ
1046 2910 1101 2937 20
1130 2898 1428 2938 laboraverunt
1450 2898 1531 2938 CK
1709 2911 1760 2937 22
1789 2905 1878 2949 opt.
1899 2911 1997 2948 gen.
2026 2900 2061 2939 C

311 2959 365 2995 23
393 2948 495 2996 quia
515 2947 557 2986 Β
796 2953 944 2990 mortis
964 2953 1141 3002 propior
1160 2952 1207 2991 K
1223 2967 1232 2992 :
1262 2954 1408 2992 mortis
1437 2953 1634 3004 proprior
1661 2952 1776 2993 BlCl
1788 2953 1826 2992 T
1833 2953 1937 3004 fort.
1961 2958 2057 2995 recte

310 3003 438 3042 vertit
458 3001 506 3040 K
666 3015 718 3054 25
749 3005 819 3055 qui
843 3006 980 3059 (alt.)]
997 3006 1034 3046 si
1056 3006 1092 3046 C
1224 3007 1267 3048 id
1287 3014 1353 3048 est
1380 3039 1388 3048 .
1409 3038 1419 3048 .
1441 3037 1450 3048 .
1475 3020 1582 3049 cess.
1604 3021 1688 3048 om.
1722 3007 1759 3046 T
