2228 3444
1077 164 1350 213 ISIDORI

338 302 466 341 tatur
491 310 667 354 amara,
689 293 804 357 quia
829 303 1000 357 gustus
1027 293 1130 343 eius
1155 311 1349 343 amarus
1376 303 1463 343 est.
1514 295 1588 343 Ex
1613 295 1929 345 convenienti
1955 295 2087 344 enim

337 392 523 425 nomen
557 376 763 440 accepit,
797 376 913 439 quia
946 376 1224 425 amaritudo
1249 376 1411 425 morbi
1435 377 1764 427 amaritudine
1790 377 1912 426 solvi
1949 379 2086 427 solet.

284 467 314 514 8
338 458 523 508 Omnia
547 468 715 508 autem
741 460 1106 508 medicamenta
1131 475 1189 508 ex
1209 458 1416 523 propriis
1442 461 1601 509 causis
1621 461 1807 509 habent
1832 461 2087 509 vocabula.

338 541 495 590 Hiera
537 541 669 590 enim
714 541 847 590 dicta
889 543 1028 605 quasi
1073 541 1252 591 divina.
1347 541 1611 603 Arteriaca‚
1658 544 1795 606 quod
1835 552 1950 606 apta
1992 542 2089 592 sint

335 625 542 689 gutturis
593 624 791 685 meatui,
833 634 880 674 et
929 634 1147 674 tumores
1195 625 1412 674 faucium
1461 633 1509 674 et
1555 624 1839 674 arteriarum
1888 624 2088 674 leniant.
2113 647 2133 687 5

335 706 531 755 Tiriaca
568 715 641 755 est
677 705 959 754 antidotum
997 705 1335 769 serpentinum
1373 724 1473 770 quo
1510 723 1701 756 venena
1737 709 1999 770 pelluntur,
2035 716 2088 755 ut

335 788 485 852 pestis
534 797 672 851 peste
722 789 951 836 solvatur.
1047 787 1295 838 Catartica
1338 789 1540 848 Graece,
1588 788 1763 837 Latine
1811 790 2090 852 purgatoria

276 884 311 932 9
336 870 580 920 dicuntur.
654 869 931 932 Catapotia,
971 887 1031 918 eo
1074 872 1211 933 quod
1254 870 1508 919 modicum
1551 879 1761 934 potetur,
1807 887 1894 918 seu
1937 870 2087 934 inglu-

335 953 495 1002 tiatur.
569 952 845 1001 Diamoron
870 969 899 1001 a
925 969 1045 1001 suco
1079 968 1246 1002 morae
1279 970 1466 1002 nomen
1492 952 1716 1016 sumpsit,
1744 969 1803 1001 ex
1836 969 1936 1016 quo
1970 968 2087 1000 con-

336 1036 496 1084 ficitur
514 1054 527 1097 3
564 1034 690 1083 sicut
724 1034 1006 1095 diacodion,
1035 1034 1151 1098 quia
1185 1052 1242 1084 ex
1277 1035 1435 1095 codia,
1464 1035 1514 1084 id
1545 1045 1617 1084 est
1652 1051 1710 1084 ex
1735 1051 1977 1098 papavere
2003 1036 2056 1082 fit
2075 1052 2088 1095 3
2120 1062 2166 1089 10

252 1126 311 1162 10
335 1116 459 1166 sicut
479 1117 862 1181 diaspermaton,
883 1116 999 1180 quia
1018 1133 1076 1166 ex
1097 1117 1368 1166 seminibus
1389 1116 1701 1181 conponitur.
1751 1116 2085 1165 Electuarium

334 1211 565 1250 vocatum
601 1217 661 1248 eo
695 1201 832 1262 quod
870 1201 1019 1247 molle
1053 1200 1322 1248 sorbeatur.
1396 1198 1659 1247 Trociscos
1693 1197 1854 1247 dictus
1887 1197 2003 1261 quia
2036 1198 2085 1246 in

334 1285 541 1332 modum
567 1284 757 1332 rotulae
791 1283 1098 1331 deformatur
1117 1301 1128 1342 3
1170 1284 1336 1348 τροχὸς
1369 1282 1502 1331 enim
1538 1283 1727 1330 Graece
1763 1289 1869 1329 rota
1894 1280 2086 1330 dicitur.

334 1365 549 1429 Collyria
576 1364 809 1413 Latinum
845 1373 1000 1423 sonat,
1030 1366 1166 1427 quod
1193 1364 1310 1413 vitia
1343 1366 1600 1414 oculorum
1635 1364 1904 1426 detergant.
1974 1362 2086 1426 Epi-

332 1449 465 1508 tima,
512 1465 571 1497 eo
616 1449 751 1510 quod
797 1456 1159 1511 superponatur
1200 1447 1307 1495 aliis
1349 1446 1605 1496 adiutoriis
1654 1445 2082 1510 praecedentibus.
2115 1471 2159 1511 15

267 1545 311 1579 11
335 1532 668 1595 Cataplasma,
698 1548 757 1579 eo
791 1531 928 1593 quod
963 1529 1188 1578 inductio
1222 1531 1326 1578 sola
1360 1529 1436 1578 sit.
1512 1530 1827 1592 Inplastrum‚
1856 1544 1916 1575 eo
1950 1529 2085 1590 quod

334 1613 606 1662 inducatur.
686 1614 951 1675 Malagma,
981 1613 1117 1675 quod
1144 1612 1249 1661 sine
1275 1612 1386 1675 igne
1413 1620 1686 1660 maceretur
1711 1619 1759 1659 et
1784 1611 2087 1674 conprehen-

336 1698 495 1744 datur.
581 1697 775 1744 Enema
824 1696 1027 1754 Graece,
1082 1696 1258 1743 Latine
1307 1694 1539 1743 relaxatio
1588 1692 1780 1742 dicitur.
1867 1694 2087 1741 Pessaria

257 1791 310 1827 12
335 1777 468 1827 dicta
500 1780 637 1840 quod
672 1778 802 1825 intus
837 1776 1113 1827 iniciantur.
1188 1776 1496 1826 Medicinam
1530 1775 1864 1824 iumentorum
1899 1775 2084 1824 Chiron

336 1860 540 1923 quidam
567 1862 786 1909 Graecus
814 1859 1015 1909 invenit.
1097 1860 1225 1908 Inde
1259 1858 1473 1922 pingitur
1506 1856 1714 1906 dimidia
1745 1866 1883 1920 parte
1916 1858 2082 1917 homo,
2113 1881 2163 1908 20

335 1942 544 1991 dimidia
591 1958 762 2005 equus.
846 1942 1022 1991 Dictus
1070 1951 1237 1991 autem
1288 1940 1476 1991 Chiron
1524 1941 1614 1988 ἀπὸ
1659 1943 1741 1989 τοῦ
1785 1941 2084 2004 χαρίζεσθαι,

259 2041 312 2087 13
336 2024 451 2088 quia
498 2023 751 2088 chirurgus
800 2023 904 2072 fuit.
978 2024 1199 2075 Creticos
1248 2022 1353 2071 dies
1410 2021 1591 2071 medici
1647 2031 1840 2081 vocant,
1890 2022 2084 2085 quibus,

336 2108 499 2165 credo,
542 2123 600 2155 ex
637 2105 823 2155 iudicio
861 2105 1155 2155 infirmitatis
1187 2107 1284 2154 hoc
1318 2121 1504 2154 nomen
1533 2103 1804 2168 inpositurn
1838 2113 1925 2165 est,
1953 2106 2087 2168 quod

337 2188 478 2251 quasi
522 2187 743 2237 iudicent
786 2188 1057 2248 hominem,
1103 2197 1151 2237 et
1193 2186 1437 2236 sententia
1484 2203 1572 2234 sua
1618 2195 1703 2235 aut
1749 2185 1958 2249 puniant
2003 2197 2087 2236 aut

333 2270 557 2319 liberent.
2114 2290 2160 2329 25

274 2357 314 2395 X
479 2355 563 2400 DE
590 2368 761 2401 Limus
797 2367 1224 2401 MED1C1NAL113vs.
1296 2349 1575 2400 Aforismus
1609 2360 1682 2400 est
1716 2367 1877 2399 sermo
1910 2351 2084 2413 breviS‚

286 2449 315 2483 2
339 2436 581 2499 integrum
621 2451 822 2483 sensum
861 2434 1143 2498 propositae
1179 2434 1247 2483 rei
1290 2433 1521 2482 scribens.
1594 2433 1915 2496 Prognostica
1954 2450 2087 2497 prae-

336 2518 458 2568 visio
506 2518 883 2581 aegritudinum,
925 2525 1099 2566 vocata
1146 2534 1175 2565 a
1217 2517 1606 2580 praenoscendo.
1697 2516 1906 2579 Oportet
1954 2516 2085 2565 enim

393 2661 410 2685 1
444 2648 604 2697 gurdus
628 2645 677 2684 C¹
698 2661 707 2685 :
737 2652 885 2695 gurtus
907 2650 956 2685 ut
971 2645 1050 2685 vid.
1071 2644 1129 2682 K¹
1242 2643 1355 2695 eius]
1376 2650 1441 2683 est
1462 2643 1507 2681 K
1651 2659 1675 2684 2
1707 2645 1776 2695 qui
1798 2644 1847 2683 C¹
1956 2645 2088 2684 morbi

337 2716 417 2741 om.
442 2701 482 2739 Β
691 2716 715 2751 4
747 2699 902 2752 Hiera]
925 2700 1039 2739 Gera
1058 2699 1183 2738 BCK
1198 2705 1235 2739 et
1253 2701 1334 2751 ipse
1351 2698 1451 2739 Isz'd.
1471 2714 1478 2739 :
1510 2698 1680 2739 Genera
1709 2700 1745 2738 T
1878 2700 2029 2739 diurna
2056 2699 2093 2737 T

335 2763 428 2796 acta
452 2755 503 2795 Cl
613 2757 667 2795 sit
687 2755 775 2794 ΚΤ
899 2767 924 2804 5
953 2755 1072 2794 liniat
1092 2753 1138 2792 K
1261 2757 1288 2793 6
1317 2754 1577 2804 serpentium
1595 2755 1637 2794 Β
1746 2753 1848 2806 quo]
1870 2767 1977 2804 quae
1995 2752 2076 2793 BC
2078 2754 2089 2776 ¹

336 2814 362 2851 8
392 2813 536 2851 dicunt
557 2811 598 2850 Β
726 2823 753 2861 9
780 2823 834 2849 ex
855 2823 937 2860 quo
957 2810 1099 2849 vinum
1121 2808 1231 2849 conf.
1256 2808 1328 2848 K:
1357 2820 1408 2848 eo
1429 2810 1541 2858 quod
1563 2810 1674 2849 conf.
1704 2809 1742 2847 T
1863 2821 1913 2848 10
1940 2808 2010 2858 qui
2031 2822 2085 2847 ex

336 2880 397 2908 co.
419 2865 467 2904 K
602 2878 646 2904 11
679 2865 884 2905 similibus
908 2865 974 2916 (ex
991 2865 1140 2918 simli-)
1162 2863 1208 2901 K
1344 2875 1393 2902 12
1421 2864 1630 2904 trociscus
1650 2869 1715 2904 est
1735 2864 1775 2903 d.
1798 2861 1846 2901 K
1953 2863 2086 2902 dictos

333 2921 414 2960 BC
419 2921 455 2959 T
565 2933 613 2970 13
644 2920 937 2959 deformantur
950 2918 1032 2957 BC
1036 2919 1073 2957 T
1181 2930 1229 2968 15
1260 2917 1527 2968 precentibus
1544 2925 1588 2958 ut
1610 2919 1648 2958 T
1755 2931 1805 2968 19
1834 2917 2087 2958 inleciantur

335 2975 381 3013 K
398 2991 407 3016 :
436 2976 670 3015 imitiantur
688 2974 731 3012 Β
923 2986 977 3013 20
1005 2973 1194 3025 pingitur
1213 2986 1296 3012 om.
1320 2971 1367 3010 K
1557 2987 1606 3013 21
1640 2972 1751 3012 dicta
1774 2971 1825 3011 C1
1956 2972 2084 3024 χειμ]

334 3031 521 3070 cirizeite
541 3029 659 3069 BCE
665 3029 723 3068 T:
754 3028 893 3080 cyrize
915 3029 958 3068 id
980 3035 1046 3068 est
1065 3027 1111 3065 K
1231 3040 1283 3066 22
1315 3027 1465 3068 fuisset
1483 3027 1552 3068 B:
1575 3028 1651 3068 fuit
1673 3027 1828 3067 dicitur
1847 3027 2086 3079 appellatus

338 3083 382 3124 K
489 3086 514 3127 i.
531 3098 560 3125 e.
586 3085 795 3124 Criticos:
829 3083 1032 3122 Credicos
1064 3082 1110 3122 K
1272 3095 1323 3132 24
1353 3083 1502 3134 puniat
1521 3082 1562 3121 Β
