2176 3424
1109 131 1382 180 ISIDORI

311 266 344 312 6
370 261 502 310 dicta
545 270 632 310 est.
709 262 832 309 Alae
870 268 997 318 sunt,
1041 259 1090 307 in
1131 259 1311 322 quibus
1360 261 1541 323 pinnae
1587 278 1672 326 per
1722 262 1945 312 ordinem
1994 265 2117 311 fixae

370 343 568 393 volandi
613 342 847 392 exhibent
888 359 1047 391 usum.
1123 345 1343 391 Vocatae
1382 352 1548 392 autem
1583 346 1691 393 alae
1721 346 1857 409 quod
1890 347 1966 394 his
2001 361 2116 394 aves

316 449 345 498 7
369 428 638 491 conplexos
671 427 804 474 alant
839 441 898 473 ac
924 426 1121 474 foveant
1154 427 1330 489 pullos.
1405 426 1564 475 Pinna
1594 444 1623 475 a
1655 429 1939 491 pendendo,
1967 427 2018 476 id
2044 437 2116 477 est

367 523 396 555 a
421 509 650 567 voland0‚
678 509 812 557 dicta
832 526 845 569 3
883 508 1018 556 unde
1043 515 1091 556 et
1115 510 1344 572 pendere.
1419 510 1659 558 Volucres
1685 511 1817 558 enirn
1853 509 2115 573 pinnarum

314 597 344 643 8
368 589 549 638 auxilio
598 599 872 650 moventur,
922 591 1126 652 quando
1174 606 1226 638 se
1272 589 1371 639 aeri
1419 592 1672 640 mandant.
1746 593 1919 640 Pluma
1979 591 2119 655 quasi
2141 612 2162 653 5

371 672 587 735 piluma3
625 689 740 720 nam
785 671 910 720 sicut
952 671 1037 734 pili
1081 671 1130 719 in
1171 673 1550 736 quadrupedum
1591 689 1811 737 corpore,
1847 674 1914 722 ita
1950 675 2118 737 pluma

310 771 345 818 9
371 754 423 801 in
460 754 647 802 avibus.
721 754 905 802 Avium
946 755 1150 802 nomina
1188 756 1343 803 multa
1383 772 1411 802 a
1455 772 1579 804 sono
1612 755 1746 804 vocis
1781 764 1975 804 constat
2012 773 2119 805 esse

373 838 659 899 conposita:
735 846 788 885 ut
837 853 963 899 grus,
1014 852 1202 896 corvus,
1250 853 1447 899 cygnus,
1511 854 1650 900 pavo,
1714 837 1906 898 milvus,
1968 839 2115 899 ulula,

375 920 593 980 cuculus,
621 920 847 982 graculus
874 927 922 967 et
947 928 1123 967 cetera.
1198 920 1419 967 Varietas
1446 919 1578 968 enim
1599 920 1733 968 vocis
1760 936 1930 969 eorum
1951 921 2119 969 docuit

291 1020 349 1055 10
374 1003 601 1052 homines
645 1002 766 1065 quid
805 1000 1190 1050 nominarentur.
1266 1001 1447 1064 Aquila
1485 1003 1548 1050 ab
1590 1002 1820 1050 acumine
1862 1004 2119 1051 oculorum
2145 1016 2174 1046 rc

372 1095 559 1134 vocata.
634 1083 783 1132 Tanti
823 1083 955 1132 enim
996 1085 1246 1132 contuitus
1298 1100 1405 1133 esse
1459 1084 1650 1145 dicitur,
1706 1095 1758 1133 ut
1813 1102 1926 1133 cum
1976 1102 2121 1149 super

374 1167 523 1216 maria
549 1166 776 1214 inmobili
803 1165 955 1229 pinna
982 1167 1161 1214 feratur
1186 1182 1277 1215 nec
1304 1167 1534 1215 humanis
1559 1176 1724 1230 pateat
1757 1167 2028 1227 obtutibus,
2057 1169 2120 1216 de

373 1259 509 1297 tanta
544 1247 845 1296 sublimitate
887 1247 1150 1311 pisciculos
1190 1257 1357 1297 natare
1395 1250 1570 1308 videat,
1606 1266 1663 1297 ac
1702 1249 1934 1298 tormenti
1970 1251 2120 1298 instar

306 1346 350 1381 11
374 1333 685 1381 descendens
717 1340 907 1394 raptam
944 1332 1179 1394 praedam
1213 1330 1377 1394 pinnis
1411 1333 1474 1380 ad
1509 1331 1621 1380 litus
1652 1334 1912 1396 pertrahat.
1988 1334 2117 1381 Nam

374 1425 421 1463 et
447 1423 618 1463 contra
654 1413 846 1462 radium
885 1414 1000 1462 solis
1037 1414 1187 1461 fertur
1224 1408 1453 1461 Obtutum
1492 1430 1592 1462 non
1631 1416 1827 1463 flectere
1848 1433 1861 1475 3
1897 1415 2032 1462 unde
2070 1422 2118 1462 et
2146 1425 2164 1454 1

374 1498 534 1561 pullos
562 1513 676 1545 suos
703 1512 867 1558 ungue
894 1511 1161 1558 suspensos
1188 1495 1334 1544 radiis
1373 1497 1487 1543 solis
1525 1495 1691 1556 obicit,
1719 1505 1766 1544 et
1793 1512 1917 1558 quos
1943 1496 2117 1544 viderit

374 1579 665 1628 inmobilem
692 1587 859 1627 tenere
891 1577 1065 1637 aciem,
1093 1587 1146 1625 ut
1183 1577 1359 1640 dignos
1393 1594 1571 1640 genere
1601 1587 1858 1627 conservat
1880 1596 1893 1638 3
1928 1578 1965 1625 si
1993 1593 2118 1640 quos

298 1679 351 1714 12
375 1679 489 1710 vero
532 1663 783 1710 inflectere
830 1660 1077 1719 obtutum,
1120 1659 1260 1722 quasi
1309 1661 1577 1722 degeneres
1626 1659 1790 1709 abicit.
1876 1660 2055 1707 Vultur
2093 1676 2121 1707 a

374 1747 538 1794 volatu
566 1745 707 1792 tardo
746 1741 1002 1791 nominata
1039 1750 1264 1804 putatur:
1303 1741 1645 1805 magnitudine
1682 1741 1866 1805 quippe
1901 1739 2119 1804 corporis

371 1837 626 1892 praepetes
653 1827 843 1874 volatus
874 1840 976 1871 non
1011 1824 1172 1872 habet.
1251 1825 1445 1871 Harum
1477 1826 1717 1886 quasdam
1743 1825 1916 1872 dicunt
1941 1838 2121 1871 concu-
2145 1842 2176 1870 2-

371 1910 477 1959 bitu
504 1926 605 1958 non
632 1906 837 1967 misceri,
862 1915 909 1955 et
929 1905 1035 1955 sine
1051 1907 1231 1969 copula
1250 1906 1510 1969 concipere
1528 1914 1575 1953 et
1591 1922 1820 1968 generare
1839 1923 1852 1966 3
1876 1913 2121 1967 natosque

372 2009 538 2042 earum
566 2007 725 2054 paene
751 2004 910 2052 usque
935 1989 999 2037 ad
1024 1997 1225 2037 centum
1251 2004 1409 2036 annos
1430 1989 1711 2050 procedere.
1781 1989 2015 2036 Vultures
2039 2004 2120 2036 au-

373 2086 487 2135 tem,
509 2076 635 2123 sicut
652 2083 700 2122 et
716 2071 925 2135 aquilae,
948 2070 1095 2119 etiam
1117 2072 1242 2120 ultra
1263 2070 1415 2118 maria
1430 2071 1669 2119 cadavera
1689 2069 1909 2119 sentiunt
1926 2088 1939 2131 5
1975 2068 2119 2118 altius

373 2157 559 2222 quippe
583 2157 806 2205 volantes
833 2155 1000 2213 multa,
1029 2170 1157 2216 quae
1193 2153 1439 2201 montium
1476 2152 1775 2202 obscuritate
1800 2153 2032 2210 celantur,
2061 2168 2120 2201 ex

293 2250 349 2296 13
373 2242 472 2289 alto
520 2240 631 2287 illae
677 2235 1004 2300 conspiciunt.
1078 2236 1322 2298 Gradipes
1358 2236 1491 2297 apud
1528 2235 1746 2284 Graecos
1782 2243 1983 2283 vocatur
2017 2234 2119 2284 avis
2143 2254 2163 2281 2

373 2323 507 2386 apud
534 2338 624 2370 nos
657 2321 809 2379 tarda,
838 2335 898 2367 eo
936 2318 1073 2381 quod
1109 2317 1241 2380 gravi
1266 2318 1432 2366 volatu
1469 2318 1672 2366 detenta
1709 2333 2037 2380 nequaquam,
2066 2325 2120 2365 ut

293 2420 349 2467 14
373 2414 565 2453 ceterae
590 2404 828 2460 volucres,
848 2399 1099 2449 adtollitur
1115 2399 1377 2448 velocitate
1397 2399 1674 2462 pinnarum.
1750 2399 1909 2447 Grues
1935 2414 2119 2447 nomen

427 2543 451 2569 2
483 2534 662 2568 exerent
683 2529 729 2566 K
892 2541 916 2576 3
948 2527 1182 2577 conplexus
1203 2525 1288 2564 ΒΚ
1395 2526 1450 2565 al.
1473 2538 1542 2575 pu.
1567 2539 1628 2565 ac.
1652 2527 1700 2566 fo.
1733 2526 1770 2566 T
1876 2526 2024 2565 Penna
2044 2526 2122 2565 BC

373 2586 414 2624 id
437 2590 502 2624 est
523 2584 604 2623 vol.
627 2584 681 2622 di.
709 2584 770 2622 T:
801 2583 858 2623 di.
878 2583 919 2621 id
941 2587 1005 2621 est
1021 2582 1137 2622 avol.
1156 2581 1201 2620 K
1308 2593 1333 2629 4
1365 2593 1600 2630 pennarum
1616 2580 1695 2619 BC
1802 2594 1826 2631 5
1856 2594 1925 2631 qu.
1949 2581 2119 2631 puluma

373 2641 419 2679 K
556 2641 583 2677 6
612 2637 779 2690 quadr.]
802 2638 966 2687 quadri]
990 2636 1080 2688 (sic)
1102 2636 1142 2674 Β
1283 2648 1304 2684 7
1335 2635 1413 2675 Av.
1435 2641 1579 2674 autem
1597 2649 1664 2675 no.
1693 2635 1731 2673 T
1847 2641 2044 2675 constant
2063 2635 2118 2674 Β1

374 2707 499 2745 conp.
521 2706 617 2733 esse
634 2692 668 2730 C
811 2705 838 2742 9
867 2692 1053 2743 graiolus
1072 2690 1118 2728 K
1265 2703 1315 2728 10
1343 2703 1518 2729 acumen
1541 2690 1731 2729 culorum
1752 2690 1796 2729 K
1946 2703 1990 2729 11
2024 2702 2117 2728 cum

374 2764 458 2789 om.
483 2746 540 2787 Β1
655 2761 703 2798 13
734 2747 923 2796 pisculos
940 2746 1020 2785 CK
1129 2743 1365 2784 torrentiK
1477 2758 1525 2794 14
1555 2746 1771 2796 protrahat
1793 2744 1829 2783 C
1938 2746 1988 2783 16
2016 2757 2117 2784 suos
2172 2782 2175 2783 γ

374 2817 483 2855 puos
515 2815 680 2853 ungues
711 2801 757 2839 K
918 2815 987 2840 un.
1020 2814 1092 2840 sus
1123 2813 1239 2850 susp.
1269 2798 1322 2839 T1
1498 2801 1587 2838 rad.
1618 2800 1693 2839 sol.
1726 2813 1796 2840 un.
1834 2799 1899 2839 ob.
1933 2811 2053 2848 susp.
2085 2799 2121 2837 C

378 2873 425 2910 17
458 2858 607 2908 generi
627 2856 674 2895 K
780 2857 815 2895 si
835 2857 928 2906 quis
955 2856 993 2896 T
1099 2856 1148 2893 18
1177 2855 1263 2895 obt.
1286 2855 1540 2903 conpexerit
1568 2854 1606 2892 T
1621 2857 1714 2907 (pro
1735 2854 1907 2905 consp·)
1932 2867 1942 2892 :
1970 2853 2115 2893 obtuto

374 2914 421 2952 K
530 2926 579 2963 19
610 2911 852 2952 nominatus
868 2911 908 2949 Β
1017 2915 1188 2961 putatur
1201 2923 1282 2949 om.
1301 2908 1335 2947 C
1443 2908 1621 2960 quippe]
1642 2921 1747 2947 vero
1764 2908 1805 2947 Β
1914 2920 1969 2946 20
1997 2920 2118 2958 prae·

374 2969 508 3019 pedes
539 2967 585 3005 K
702 2979 750 3004 21
784 2966 832 3005 si.
855 2964 1005 3016 pocula
1025 2964 1066 3003 B
1186 2977 1239 3014 23
1268 2964 1377 3002 sicut
1397 2977 1478 3003 om.
1507 2964 1546 3002 T
1662 2974 1713 3012 25
1746 2962 1970 3013 Bradypus
1990 2962 2115 3002 Arev.

374 3024 526 3074 (immo
553 3020 793 3074 Βραδύπους)
817 3034 826 3059 :
858 3020 1100 3070 Grandipes
1132 3018 1224 3059 dett.
1252 3032 1262 3057 ε
1292 3018 1503 3068 Gravipes
1539 3017 1659 3068 corp.
1691 3016 1820 3057 Gloss.
1842 3016 1936 3057 Lat.
1960 3029 1998 3070 3,
2016 3028 2109 3068 495,

371 3081 450 3127 64;
481 3091 573 3128 512,
597 3089 649 3126 57
762 3076 815 3113 26
845 3076 1064 3125 detempta
1082 3073 1122 3112 B
1144 3089 1152 3113 ε
1184 3074 1364 3124 decepta
1385 3073 1455 3112 K:
1484 3086 1564 3113 om.
1598 3071 1636 3110 T
