2228 3444
461 154 1093 204 ETYMOLOGIARVM
1135 157 1263 204 LIB.
1303 158 1392 205 VI.
1432 156 1549 205 ii-iv

128 285 286 334 scriba
311 294 422 348 post
446 284 699 333 incensam
727 287 910 348 Legem
943 301 972 333 a
1006 286 1284 346 ChaldaeiS,
1314 287 1434 336 dum
1475 289 1648 338 Iudaei
1674 291 1876 354 regressi

127 366 331 417 fuissent
356 368 407 415 in
434 367 766 426 Hierusalem,
787 366 956 416 divino
982 368 1172 416 afflatus
1198 367 1381 432 Spiritu
1406 370 1657 432 reparavit,
1681 381 1878 421 cuncta-

128 465 225 512 que
259 447 402 512 Legis
433 465 492 496 ac
526 449 882 511 Prophetarum
916 449 1170 497 volumina
1206 467 1334 513 quae
1366 452 1557 501 fuerant
1586 469 1615 500 a
1645 454 1876 516 gentibus

126 539 354 594 corrupta
378 530 597 590 correxit,
615 539 875 594 totumque
894 533 1050 579 Vetus
1075 534 1455 581 Testamentum
1480 533 1530 582 in
1556 534 1727 598 viginti
1751 537 1877 585 duos

83 628 104 668 5
127 611 277 661 libros
302 611 570 672 constituit,
597 620 650 660 ut
676 620 748 660 tot
773 611 883 661 libri
908 622 1072 662 essent
1097 614 1147 662 in
1175 616 1307 678 Lege
1332 624 1455 678 quot
1486 616 1797 666 habebantur
1831 627 1878 667 et

126 692 326 742 litterae.
399 694 549 757 Apud
574 694 792 745 Graecos
816 703 981 743 autem
1008 694 1363 745 bibliothecam
1389 696 1575 760 primus
1610 698 1878 749 instituisse
1901 714 1934 764 3

129 775 407 825 Pisistratus
433 776 659 837 creditur,
686 777 1067 826 Atheniensium
1093 787 1342 842 tyrannus,
1370 796 1518 842 quam
1553 781 1789 845 deinceps
1814 784 1878 830 ab

128 857 515 906 Atheniensibus
540 866 736 906 auctam
771 861 971 918 Xerxes,
1001 859 1213 909 incensis
1238 860 1463 920 Athenis,
1493 861 1651 911 evexit
1686 862 1736 910 in
1770 865 1880 912 Per-

129 956 218 1000 sas,
247 941 496 1003 longoque
528 949 640 1003 post
673 950 894 1004 tempore
925 943 1160 991 Seleucus
1195 942 1416 992 Nicanor
1449 961 1613 993 rursus
1647 945 1698 993 in
1733 946 1880 994 Grae-

56 1041 106 1070 10
128 1021 254 1070 ciam
280 1022 476 1071 rettulit.
551 1022 687 1071 Hinc
713 1023 929 1072 studium
958 1024 1151 1087 regibus
1178 1025 1482 1089 urbibusque
1508 1026 1681 1075 ceteris
1708 1036 1876 1076 natum
1900 1036 1935 1085 4

129 1112 201 1152 est
226 1103 529 1167 conparandi
550 1104 801 1153 volumina
826 1104 1127 1155 diversarum
1152 1106 1388 1170 gentium,
1408 1116 1455 1156 et
1481 1125 1567 1171 per
1592 1108 1880 1172 interpretes

129 1185 178 1233 in
204 1185 445 1235 Graecam
480 1185 696 1250 linguam
723 1187 958 1236 vertendi.
1035 1188 1233 1238 Dehinc
1268 1205 1474 1253 magnus
1502 1191 1780 1240 Alexander
1805 1193 1879 1241 vel
1905 1197 1934 1246 5

129 1283 434 1316 successores
460 1267 563 1316 eius
598 1267 897 1318 instruendis
931 1270 1156 1319 omnium
1183 1271 1417 1320 librorum
1444 1271 1759 1322 bibliothecis
1783 1273 1884 1322 ani-

129 1365 265 1398 mum
291 1348 639 1411 intenderunt,
676 1350 888 1401 maxime
922 1354 1237 1403 Ptolomaeus
1271 1364 1607 1418 cognomento
1641 1355 1884 1405 Philadel-

57 1451 103 1492 15
128 1431 255 1494 phus
272 1430 434 1481 omnis
454 1431 751 1483 litteraturae
771 1433 1127 1498 sagacissimus,
1148 1452 1262 1484 cum
1284 1436 1449 1485 studio
1468 1436 1881 1487 bibliothecarum

129 1511 433 1562 Pisistratum
476 1516 817 1575 aemularetur,
854 1533 957 1565 non
1006 1519 1165 1567 solum
1212 1517 1434 1581 gentium
1483 1518 1757 1582 scripturas,
1796 1522 1883 1569 sed

128 1592 276 1643 etiam
301 1603 349 1644 et
374 1595 564 1646 divinas
591 1595 774 1646 litteras
807 1596 858 1646 in
890 1598 1244 1648 bibliothecam
1280 1616 1419 1648 suam
1453 1600 1676 1650 contulit.
1751 1603 1878 1650 Nam

127 1676 435 1740 septuaginta
451 1677 584 1728 milia
599 1678 835 1729 librorum
853 1680 997 1729 huius
1014 1681 1320 1745 temporibus
1339 1681 1666 1732 Alexandriae
1683 1681 1882 1732 inventa

128 1767 256 1807 sunt.

55 1858 105 1886 20
267 1841 350 1888 DE
387 1855 814 1890 INTERPRETIBVS.
891 1842 992 1891 Hic
1030 1842 1178 1892 etiam
1213 1853 1261 1894 et
1294 1844 1358 1893 ab
1386 1845 1621 1894 Eleazaro
1646 1845 1881 1908 pontifice
1907 1847 1965 1886 IV

126 1929 301 1984 petens
343 1921 615 1985 Scripturas
641 1922 834 1972 Veteris
873 1924 1196 1984 Testamenti,
1230 1924 1281 1973 in
1323 1926 1568 1975 Graecam
1605 1943 1781 1975 vocem
1824 1943 1882 1975 ex

129 2002 381 2052 Hebraica
405 2002 572 2067 lingua
605 2021 691 2068 per
724 2005 1034 2068 septuaginta
1067 2005 1356 2070 interpretes
1387 2008 1644 2056 transferre
1678 2007 1876 2068 curavit,

128 2100 248 2146 quas
274 2083 323 2132 in
349 2084 684 2134 Alexandrina
720 2085 1024 2135 bibliotheca
1059 2087 1246 2136 habuit.
1322 2087 1579 2151 Siquidem
1615 2087 1793 2153 singuli
1829 2088 1878 2138 in
1905 2106 1934 2141 2

129 2165 330 2229 singulis
355 2166 542 2215 cellulis
569 2167 778 2231 separati
814 2167 881 2216 ita
910 2167 1078 2217 omnia
1109 2186 1195 2232 per
1227 2169 1460 2232 Spiritum
1487 2179 1713 2220 sanctum
1739 2170 1880 2220 inter-

56 2262 105 2303 25
131 2247 306 2312 pretati
341 2257 469 2309 sunt,
495 2258 549 2298 ut
582 2249 704 2297 nihil
738 2249 788 2298 in
820 2249 1024 2299 alicuius
1059 2267 1230 2300 eorum
1264 2251 1438 2300 codice
1472 2252 1728 2302 inventum
1754 2263 1882 2303 esset

131 2331 266 2392 quod
292 2329 344 2378 in
368 2330 541 2380 ceteris
567 2332 643 2380 vel
669 2330 719 2380 in
744 2331 1006 2382 verborum
1033 2332 1206 2382 ordine
1231 2332 1544 2398 discreparet.
1590 2337 1810 2385 Fuerunt
1834 2345 1882 2385 et
1906 2353 1935 2400 3

189 2473 205 2498 1
238 2459 392 2513 scriba]
415 2460 572 2500 scribta
595 2460 643 2500 C1
755 2473 779 2500 2
811 2462 874 2514 in]
898 2468 940 2501 et
969 2461 1006 2499 T
1083 2468 1361 2513 cunctamque
1380 2463 1519 2512 legem
1541 2463 1586 2501 K
1694 2479 1718 2515 4
1749 2471 1879 2505 totum

129 2520 252 2554 vetus
272 2514 318 2553 K
427 2526 451 2564 5
481 2514 628 2567 libros]
649 2515 863 2556 volumina
883 2516 929 2555 K
950 2517 1054 2568 (non
1068 2517 1133 2566 A)
1225 2517 1268 2556 in
1290 2518 1384 2568 lege
1405 2531 1489 2558 om.
1513 2517 1560 2556 K
1649 2520 1881 2560 habebatur

130 2568 212 2609 Bl:
249 2568 518 2608 habenturK
535 2570 637 2619 (non
654 2570 716 2622 A)
831 2572 856 2609 8
886 2578 992 2611 auct.
1015 2572 1141 2622 Xen]
1158 2577 1397 2611 artaxerses
1416 2572 1465 2612 Cl
1576 2587 1603 2623 9
1632 2573 1758 2625 longo
1782 2581 1822 2614 et
1843 2575 1884 2612 Β

138 2636 187 2673 13
207 2623 319 2676 eius]
334 2637 476 2663 eorum
491 2623 572 2663 BC
577 2624 614 2662 T
684 2626 954 2666 instituendis
966 2625 1012 2664 K
1093 2626 1370 2666 bibliothecas
1387 2625 1432 2664 K
1507 2639 1555 2677 15
1576 2641 1723 2668 omnes
1739 2629 1879 2668 litera-

132 2683 248 2718 tores
265 2679 558 2728 sagacissimos
574 2677 620 2715 K
719 2693 765 2729 17
787 2681 914 2720 etiam
930 2681 1014 2720 div.
1032 2679 1079 2718 K
1176 2682 1224 2720 18
1244 2682 1450 2732 temporis
1465 2681 1505 2720 Β
1590 2697 1643 2722 20
1666 2683 1778 2723 Hinc
1794 2684 1881 2722 AB

131 2739 175 2772 et
193 2745 278 2773 om.
302 2732 338 2771 C
354 2734 457 2785 (non
477 2733 540 2784 A)
655 2746 707 2772 22
736 2735 968 2774 transferre
987 2735 1150 2775 curavit
1169 2734 1277 2775 BT:
1307 2735 1420 2775 ferre
1440 2737 1598 2776 curabit
1620 2737 1732 2789 (-vit)
1759 2737 1855 2776 ClD
1873 2753 1880 2776 :

134 2787 324 2838 perferre
342 2788 504 2828 curabit
517 2787 559 2826 A
577 2794 626 2829 ut
642 2789 724 2829 vid.
745 2804 755 2829 z
785 2789 898 2829 ferre
914 2791 981 2835 (ex
997 2789 1205 2840 perferre)
1229 2792 1392 2832 curavit
1413 2791 1450 2829 T
1446 2791 1523 2832 rin.
1546 2807 1554 2831 :
1584 2792 1824 2842 procuravit
1838 2791 1883 2829 K

134 2853 186 2890 23
217 2841 344 2894 quas]
364 2855 487 2893 quam
506 2841 601 2881 ΑΚ
723 2844 766 2883 in
786 2858 867 2884 om.
889 2843 935 2882 K
1053 2845 1207 2894 singuli
1229 2845 1272 2886 in
1292 2857 1375 2885 om.
1407 2845 1444 2884 T
1570 2859 1622 2895 24
1652 2846 1796 2884 celluis
1826 2845 1881 2884 T:

133 2895 280 2936 celulis
298 2895 341 2936 U
444 2909 498 2947 25
518 2903 636 2938 esset
649 2898 728 2938 BC
734 2898 771 2936 T
772 2899 814 2937 U
828 2913 836 2938 ε
864 2905 929 2938 est
946 2899 987 2938 A
1009 2913 1018 2939 ε
1042 2899 1095 2939 sit
1115 2898 1162 2937 K
1268 2902 1321 2940 26
1334 2905 1431 2952 post
1446 2900 1711 2950 discreparet
1726 2899 1820 2939 add.
1837 2900 1880 2939 in

137 2963 274 3002 marg.·
295 2951 580 2992 sanctissimus
603 2953 834 2993 ieronimus
851 2955 904 2994 de
922 2966 1006 2993 Lxx
1023 2954 1282 3005 interpretes
1302 2955 1402 2994 dicit
1423 2961 1466 2995 et
1481 2967 1557 2996 eos
1577 2955 1735 2994 divisos
1754 2954 1881 2994 fuisse

132 3010 264 3054 negat
281 3005 349 3057 (ex
374 3005 429 3046 fu.
453 3019 549 3056 neg.
580 3008 657 3058 di.)
685 3013 727 3047 et
758 3008 886 3048 multa
915 3008 1089 3048 addisse
1110 3009 1178 3048 vel
1209 3009 1420 3049 ademisse
1452 3010 1580 3050 refert
1611 3007 1802 3062 Uatiam
1829 3009 1876 3058 V,

127 3059 312 3109 praefixo
332 3059 487 3111 Aliter)
515 3064 614 3115 (non
640 3061 683 3100 U
687 3063 701 3115 )

202 3134 302 3171 1182
994 3153 1026 3194 Q
