2176 3424
1024 147 1026 149 >
1086 115 1358 162 ISIDORI

350 250 463 305 apte
489 243 734 292 vocabulo
759 243 990 307 inposito.
1065 246 1318 306 Aquarum
1356 262 1470 293 vero
1497 261 1688 292 summa
1714 244 1987 293 differentia
2011 254 2097 303 est,

350 323 531 386 quibus
556 325 734 373 ferrum
761 326 981 374 candens
1007 324 1292 389 inmergitur
1318 343 1418 390 quo
1443 328 1606 375 utilior
1634 328 1729 387 fiat,
1759 326 1885 375 sicut
1910 324 2101 375 Bilbilis

294 414 326 461 4
350 405 401 453 in
430 404 676 470 Hispania
700 417 750 457 et
773 407 1054 468 Tirassona,
1084 408 1274 459 Comus
1304 407 1354 456 in
1394 407 1550 457 Italia.
1627 411 1688 458 In
1717 410 1944 458 acuendo
1976 410 2102 457 ferro

351 489 462 537 oleo
488 487 776 538 delectatior
801 490 854 538 fit
884 488 1047 550 acies;
1083 491 1218 539 unde
1251 499 1299 538 et
1325 489 1548 538 tenuiora
1577 492 1870 540 ferramenta
1893 492 2005 539 oleo
2034 506 2102 538 re-

349 570 529 634 stingui
550 587 658 619 mos
675 579 762 631 est,
781 587 844 620 ne
863 588 993 634 aqua
1007 570 1059 619 in
1076 570 1385 635 fragilitatem
1406 573 1657 621 durentur.
1701 575 1747 620 A
1762 574 1888 620 ferro
1905 570 2101 635 sanguis
2123 591 2146 631 5

348 651 595 701 humanus
622 669 729 703 sese
748 653 999 702 ulciscitur
1017 672 1029 714 3
1054 662 1340 702 contactum
1361 670 1577 717 namque
1596 652 1800 704 celerius
1824 653 2100 718 rubiginem

347 733 506 782 trahit.
582 736 712 785 Cum
739 737 865 784 ferro
892 752 1094 799 magnes
1119 734 1242 798 lapis
1274 738 1592 785 concordiam
1618 736 1798 797 habet3
1835 738 1939 785 sola
1968 735 2099 785 enim

349 817 471 864 haec
490 817 691 866 materia
708 817 804 865 vim
826 818 890 866 ab
907 819 1003 866 hoc
1023 819 1188 881 lapide
1208 819 1387 881 accipit
1407 820 1683 882 retinetque
1700 821 1847 881 longo
1863 827 2099 882 tempore.

352 899 425 946 Ex
451 900 629 948 eodem
655 899 820 962 lapide
844 901 1141 948 architectus
1159 899 1361 963 quidam
1389 901 1714 950 Alexandriae
1732 902 1970 963 templum
1987 917 2101 949 con—

350 980 627 1040 cameravit,
656 990 709 1029 ut
735 980 785 1029 in
811 998 870 1030 eo
897 981 1212 1030 simulacrum
1238 983 1365 1030 ferro
1390 982 1440 1030 in
1466 999 1576 1031 aere
1601 984 1817 1046 pendere
1841 982 2099 1031 videretur.
2129 1000 2176 1029 ιο

353 1065 554 1111 Ferrum
570 1080 835 1112 accensum
857 1063 971 1127 igni,
984 1063 1077 1112 nisi
1098 1065 1301 1113 duretur
1321 1063 1514 1124 ictibus,
1529 1064 1890 1127 conrumpitur:
1917 1064 2099 1112 rubens

349 1161 451 1192 non
478 1154 551 1194 est
576 1145 741 1194 habile
773 1147 838 1194 ad
872 1147 1187 1195 tundendum
1226 1162 1389 1209 neque
1417 1155 1687 1209 antequam
1712 1146 1960 1196 albescere
1986 1146 2100 1194 inci-

295 1244 326 1292 5
348 1226 477 1290 piat:
515 1237 657 1277 aceto
681 1229 758 1276 vel
782 1227 1001 1277 alumine
1027 1227 1222 1276 inlitum
1247 1228 1426 1276 ferrum
1454 1229 1508 1276 fit
1533 1227 1658 1277 aeris
1685 1227 1856 1276 simile.
1924 1230 2101 1291 Purga-

350 1315 517 1355 menta
541 1305 664 1366 ferri,
693 1305 867 1370 rubigo
893 1315 941 1355 et
967 1306 1136 1355 scoria.
1189 1306 1386 1369 Robigo
1412 1316 1485 1355 est
1505 1306 1676 1355 vitium
1697 1308 1878 1355 rodens
1903 1307 2098 1366 ferrum,

348 1390 424 1436 vel
450 1400 654 1452 segetes,
682 1388 821 1451 quasi
846 1388 1020 1452 rodigo
1046 1397 1233 1437 mutata
1258 1405 1358 1436 una
1381 1388 1540 1437 littera
1562 1407 1574 1449 3
1610 1390 1732 1436 haec
1758 1397 1806 1437 et
1830 1404 2012 1451 aerugo
2037 1389 2100 1437 ab
2124 1411 2176 1451 15

348 1472 603 1520 erodendo
622 1489 634 1531 3
670 1487 785 1519 nam
812 1487 994 1534 aerugo
1018 1470 1193 1519 vitium
1219 1479 1293 1519 est
1318 1470 1428 1519 ferri
1452 1471 1515 1519 ab
1542 1471 1799 1519 erodendo
1824 1471 1969 1529 dicta,
1997 1486 2101 1519 non

287 1559 322 1605 6
347 1554 412 1602 ab
444 1562 745 1602 aeramento.
818 1552 986 1602 Scoria
1022 1569 1138 1602 vero
1173 1562 1497 1616 purgamenta
1534 1561 1583 1601 et
1620 1553 1789 1601 sordes
1826 1561 1940 1600 sunt
1973 1568 2100 1615 quae

348 1635 461 1698 igne
497 1644 913 1698 exquoquuntur:
957 1644 1006 1684 et
1042 1634 1176 1683 dicta
1220 1634 1379 1683 scoria
1417 1634 1534 1696 quia
1572 1636 1635 1683 de
1674 1635 1800 1683 ferro
1843 1632 2096 1682 excutitur.

296 1731 325 1780 7
350 1716 599 1781 Rubigine
623 1727 790 1766 autem
817 1725 948 1765 caret
973 1719 1168 1776 ferrum,
1191 1716 1231 1765 si
1256 1732 1451 1766 cerussa
1471 1725 1519 1765 et
1543 1732 1696 1780 gypso
1716 1725 1764 1765 et
1783 1715 1971 1779 liquida
1989 1715 2100 1780 pice

350 1799 683 1863 perunguitur.
761 1801 889 1847 Item
914 1798 1089 1862 rubigo
1114 1800 1408 1848 ferramenta
1434 1815 1536 1847 non
1561 1798 1712 1858 vitiat,
1736 1798 1775 1847 si
1800 1799 1975 1848 eadem
2002 1816 2101 1848 me·
2125 1821 2171 1849 20

349 1883 485 1931 dulla
510 1883 706 1931 cervina
730 1883 807 1930 vel
833 1898 1030 1930 cerussa
1055 1880 1206 1929 mixta
1231 1897 1433 1930 rosaceo
1457 1880 1703 1944 unguitur.

196 1975 326 2014 XXII
489 1966 572 2012 DE
610 1979 834 2012 PLVMBO.
907 1963 1176 2012 Plumbum
1201 1962 1391 2012 dictum
1416 1964 1552 2025 quod
1580 1979 1637 2012 ex
1663 1979 1724 2011 eo
1749 1962 1962 2026 primurn
1988 1962 2098 2025 pilis

349 2046 488 2094 factis
532 2045 677 2094 maris
719 2045 929 2094 altitudo
973 2054 1212 2108 temptata
1250 2055 1338 2094 est.
1412 2044 1578 2093 Huius
1615 2046 1718 2093 duo
1752 2061 1932 2108 genera
1968 2054 2095 2105 sunt,

347 2129 540 2190 nigrum
582 2136 629 2176 et
666 2127 937 2177 candidum
961 2146 974 2188 3
1027 2129 1115 2176 sed
1155 2126 1331 2175 melius
1374 2126 1660 2187 candidum,
1700 2128 1836 2190 quod
1875 2125 2008 2190 prius
2046 2126 2096 2174 in

347 2209 518 2258 insulis
555 2209 827 2258 Athlantici
865 2208 1009 2257 maris
1044 2210 1300 2257 inventum
1341 2218 1431 2257 est.
1503 2207 1757 2272 Siquidem
1789 2217 1838 2257 et
1871 2207 1921 2256 in
1962 2209 2096 2256 Lusi·
2123 2230 2176 2270 23

346 2291 479 2340 tania
504 2301 551 2340 et
576 2291 628 2340 in
653 2291 862 2341 Gallicia
896 2290 1122 2355 gignitur,
1152 2306 1346 2338 summa
1390 2299 1515 2339 terra
1553 2292 1798 2339 harenosa
1834 2299 1883 2339 et
1919 2290 2096 2339 coloris

347 2373 484 2437 nigri,
508 2383 555 2422 et
574 2375 796 2437 pondere
820 2372 977 2437 gravis
995 2391 1008 2433 ;
1033 2371 1364 2421 interveniunt
1389 2381 1437 2421 et
1464 2371 1639 2420 minuti
1664 2371 1861 2432 calculi,
1884 2371 2097 2421 maxime

348 2454 646 2504 torrentibus
696 2454 890 2504 siccatis
910 2473 922 2515 3
971 2456 1136 2503 lavant
1192 2470 1274 2502 eas
1327 2469 1512 2512 arenaS‚
1565 2463 1613 2502 et
1668 2455 1805 2516 quod
1866 2452 2092 2513 subsidit,

406 2599 423 2624 1
456 2585 577 2636 apte]
592 2586 683 2625 acie
698 2585 808 2625 Plz'n.
827 2585 880 2626 N.
895 2585 955 2623 H.
974 2597 1042 2635 34,
1061 2597 1138 2634 143
1194 2583 1444 2622 vocabulum
1459 2582 1702 2633 impositum
1715 2581 1762 2620 K
1842 2596 1866 2621 2
1893 2582 2038 2621 utilius
2052 2582 2099 2621 K

348 2642 422 2680 fiat
441 2654 524 2679 om.
548 2639 595 2677 K
674 2640 841 2679 birbilis
859 2639 947 2678 BT
1079 2652 1104 2688 3
1135 2638 1351 2678 thirasona
1372 2637 1442 2676 K:
1473 2637 1714 2676 thirassona
1742 2637 1803 2676 T:
1833 2637 2093 2677 thirrassona

346 2696 410 2734 B:
442 2695 743 2734 Turiassonem
768 2697 862 2745 (acc.
890 2694 1008 2745 casu)
1029 2694 1141 2734 Plin.
1273 2706 1299 2742 4
1329 2698 1371 2731 et
1388 2705 1435 2731 se
1457 2698 1543 2732 ten.
1567 2692 1612 2731 K
1632 2694 1735 2743 (non
1758 2691 1808 2741 C)
1937 2694 1965 2731 6
1994 2705 2092 2731 con-

347 2756 486 2790 tactus
506 2748 553 2787 K
660 2763 682 2799 7
714 2751 895 2790 trahitur
912 2749 954 2788 Β
1095 2762 1145 2788 10
1174 2747 1240 2799 ut]
1264 2748 1377 2786 unde
1398 2746 1522 2786 BCK
1633 2747 1818 2786 ferreum
1837 2745 1884 2784 K
1896 2762 1904 2786 :
1934 2759 1959 2785 e
1979 2746 2092 2786 ferro
2163 2748 2174 2794 J

346 2806 458 2845 Plin.
480 2805 536 2845 N.
558 2804 620 2844 H.
639 2818 704 2854 32,
730 2807 807 2854 148
944 2804 1114 2843 videtur
1133 2803 1180 2841 K
1356 2814 1400 2840 11
1434 2803 1520 2852 igni
1540 2802 1575 2841 si
1595 2801 1642 2839 Κ
1647 2801 1684 2839 T
1863 2813 1912 2850 13
1940 2801 2029 2841 aeri
2049 2800 2096 2839 K

352 2873 400 2910 14
430 2860 579 2909 rubigo
593 2858 777 2899 estBT:
807 2857 1104 2908 rubiginemK
1171 2869 1219 2907 15
1249 2856 1330 2896 hec
1345 2869 1452 2906 rugo
1473 2858 1526 2896 ab
1553 2855 1592 2894 T
1656 2857 1706 2894 16
1733 2855 1812 2895 feri
1837 2855 1874 2895 T
1940 2856 1989 2894 18
2018 2869 2091 2894 ex-
2167 2895 2176 2899 ,

348 2921 591 2966 quoguntur
610 2912 657 2952 K
739 2927 789 2964 19
818 2927 968 2954 cerosa
987 2913 1034 2951 K
1113 2926 1166 2951 20
1195 2911 1338 2952 edulla
1357 2910 1403 2948 K
1488 2924 1538 2950 21
1571 2923 1718 2950 cerosa
1738 2909 1784 2947 K
1873 2922 1925 2948 22
1953 2910 2090 2962 quod]

347 2983 431 3019 quo
459 2968 509 3008 Tl
630 2982 682 3018 24
710 2970 788 3009 sed
808 2969 904 3008 mel.
931 2969 1054 3008 cand.
1074 2966 1222 3012 om.>B
1330 2965 1463 3017 quod]
1485 2967 1584 3016 quia
1603 2964 1646 3002 B
1762 2977 1812 3013 27
1839 2965 2032 3014 pondera
2049 2964 2092 3003 B

347 3037 457 3064 max.
479 3037 503 3063 e
523 3029 622 3063 torr.
646 3023 693 3061 K
854 3025 906 3061 28
937 3030 1038 3063 torr.
1058 3022 1286 3062 siccatibus
1313 3020 1350 3059 T
1453 3020 1594 3060 subdit
1611 3018 1695 3059 B¹=
1727 3018 1969 3059 subduntK
1989 3018 2090 3069 (non
2163 3019 2176 3076 ss

348 3079 426 3131 C):
455 3078 648 3118 subsedit
667 3078 778 3118 Plin.
799 3077 854 3118 N.
876 3078 936 3117 H.
960 3091 1030 3128 34,
1049 3089 1123 3128 157
2158 3104 2176 3137 ἒ
