2176 3424
577 91 1208 140 ETYMOLOGIARVM
1250 91 1380 138 LIB.
1420 91 1464 136 X

147 239 248 272 non
287 222 466 271 habeat
503 222 725 280 formam,
768 221 855 268 sed
898 221 1035 282 quod
1080 221 1201 268 ultra
1244 221 1452 268 sormam
1498 218 1891 283 magnitudinem

147 305 340 353 habeat.
427 305 744 360 Inveterator,
790 318 851 350 eo
893 303 1030 364 quod
1079 301 1140 350 sit
1179 301 1320 350 multi
1362 301 1639 364 veterisque
1682 318 1798 349 usus
1841 302 1890 348 in
1916 319 2010 365 139

147 386 343 436 malitia.
403 386 638 443 Inmanis,
659 383 775 446 quia
792 400 892 431 non
909 383 1072 433 bonus
1090 385 1178 432 sed
1194 383 1421 443 crudelis,
1442 380 1633 448 [atque]
1653 382 1891 430 terribilis.

148 472 359 517 Manum
404 466 536 515 enim
583 466 774 514 bonum
817 466 1009 514 dicitur.
1081 467 1229 514 Vnde
1271 474 1318 514 et
1361 465 1458 514 κατ’
1502 466 1782 528 ἀντίφρασιν
1824 463 1893 512 dii

103 566 124 606 5
149 553 339 609 Manes,
369 547 571 596 minime
603 547 739 596 boni.
815 547 1056 606 InmuniS‚
1094 546 1298 595 minime
1337 548 1614 607 munificus,
1644 555 1696 595 ut
1735 556 1807 595 est
1842 546 1892 594 in
1918 561 2011 608 140

146 631 404 696 proverbio
430 630 610 679 veteri:
652 631 950 677 ‘Inmunem
985 627 1115 677 cives
1150 630 1300 678 odere
1325 628 1430 677 sui.'
1503 631 1631 678 Item
1658 628 1889 688 inmunis,

148 714 232 777 qui
267 730 370 761 non
406 711 520 759 facit
558 712 742 770 munia,
783 711 833 758 id
878 718 951 759 est
988 710 1150 759 officio
1189 727 1291 760 non
1327 712 1555 774 fungitur.
1633 713 1722 759 Est
1759 710 1891 759 enim

148 792 285 842 omni
309 792 560 856 privilegio
586 808 782 840 vacuus.
859 791 1131 852 Indemnis,
1155 809 1215 841 eo
1241 794 1376 854 quod
1403 793 1508 840 sine
1535 794 1721 840 damno
1747 791 1890 850 vivat,
1917 801 1999 847 141

150 883 197 922 et
222 873 326 923 sine
356 876 453 922 ulla
487 874 631 936 culpa
664 882 814 935 atque
844 872 1078 936 periculo.
1152 876 1304 932 Iners,
1335 875 1440 922 sine
1473 882 1589 932 arte,
1619 882 1666 922 et
1697 874 1763 922 ob
1798 874 1894 921 hoc

79 975 126 1002 10
149 972 211 1004 ne
235 954 394 1018 operis
420 956 622 1017 quidem
650 954 805 1002 ullius.
884 955 1107 1013 Inermis,
1136 957 1212 1003 vel
1239 956 1343 1003 sine
1378 971 1526 1014 arma,
1554 956 1630 1003 vel
1657 955 1762 1004 sine
1788 953 1894 1003 viri-

149 1038 254 1086 bus.
330 1039 458 1086 Nam
487 1053 680 1099 semper
713 1052 847 1084 arma
881 1052 969 1098 pro
996 1035 1177 1084 viribus
1212 1033 1587 1102 [accipiuntur]
1663 1039 1890 1099 Ignavus,
1920 1049 2010 1096 142

148 1118 343 1182 ignarus
369 1118 490 1177 viae,
519 1120 570 1166 id
605 1127 677 1166 est
712 1117 912 1166 rationis
947 1128 994 1166 et
1028 1119 1170 1167 vitae.
1247 1121 1466 1182 Ignarus,
1495 1135 1596 1168 non
1622 1135 1815 1182 gnarus,
1844 1118 1895 1167 id

148 1210 220 1250 est
245 1202 441 1259 inscius,
470 1201 520 1248 id
556 1210 628 1249 est
663 1201 767 1248 sine
802 1199 1016 1248 naribus.
1092 1200 1334 1249 Olfecisse
1368 1200 1500 1249 enim
1532 1210 1719 1250 veteres
1746 1200 1895 1250 scisse

149 1282 394 1332 dicebant.
471 1285 676 1345 Ignarus
708 1290 873 1331 autem
910 1283 1012 1330 duo
1050 1281 1307 1345 significat,
1343 1284 1419 1332 vel
1459 1282 1544 1345 qui
1582 1284 1784 1346 ignorat,
1819 1284 1895 1332 vel

78 1384 123 1424 15
150 1366 232 1428 qui
274 1366 535 1427 ignoratur.
617 1365 823 1427 Ignarus
867 1364 951 1426 qui
991 1363 1194 1427 ignorat.
1276 1366 1544 1424 Inmemor,
1585 1364 1670 1428 qui
1713 1364 1896 1414 oblitus
1922 1382 2012 1430 143

150 1457 251 1496 est:
289 1445 504 1510 perdidit
530 1445 662 1495 enim
688 1444 993 1494 memoriam.
1070 1446 1276 1507 Inscius,
1307 1446 1421 1509 quia
1447 1446 1551 1495 sine
1578 1447 1781 1496 scientia
1807 1458 1893 1497 est.

149 1531 324 1588 Idiota‚
364 1528 612 1592 inperitus,
655 1530 901 1577 Graecum
946 1536 1030 1576 est.
1106 1528 1370 1591 InperitUS‚
1409 1528 1514 1578 sine
1557 1531 1745 1592 peritia.
1819 1532 1898 1578 In-
1922 1542 2015 1590 144

150 1613 417 1671 consultUS,
455 1611 518 1659 ab
556 1627 616 1658 eo
652 1611 788 1672 quod
826 1626 927 1658 non
964 1609 1172 1673 accipiat
1209 1610 1485 1661 consilium.
1559 1613 1893 1671 Inconsultus,

151 1694 264 1756 quia
290 1701 363 1741 est
389 1693 494 1741 sine
519 1691 727 1740 consilio
753 1700 801 1739 et
826 1691 1009 1740 inscius
1036 1709 1197 1740 rerum
1223 1702 1372 1755 atque
1398 1693 1609 1756 ignarus.
1672 1696 1893 1757 Ineptus‚

80 1795 128 1823 20
150 1784 266 1838 apto
299 1775 570 1822 contrarius
602 1783 688 1833 est,
726 1772 864 1835 quasi
895 1772 1106 1836 inaptus.
1181 1776 1347 1838 Inops,
1378 1774 1463 1837 qui
1497 1775 1603 1824 sine
1636 1784 1762 1824 terra
1795 1785 1894 1824 est:
1922 1790 2012 1840 145

151 1873 297 1920 opem
328 1856 461 1904 enim
494 1864 671 1903 terram
707 1853 1048 1918 intellegimus,
1078 1855 1194 1918 quia
1230 1873 1377 1919 opem
1414 1858 1505 1905 fert
1540 1858 1897 1906 fructificando.

151 1937 250 1986 Alii
293 1939 493 2000 inopem
532 1936 823 1999 intellegunt
866 1954 966 1985 non
1007 1939 1269 2000 sepultum,
1316 1939 1644 1997 inhumatum,
1687 1936 1767 1985 cui
1806 1953 1898 1985 nec

155 2020 302 2068 inane
327 2019 520 2067 absenti
546 2017 750 2067 surrexit
769 2020 1032 2066 tumulum.
1090 2019 1343 2082 Ignobilis,
1368 2037 1428 2068 eo
1454 2021 1591 2083 quod
1617 2022 1677 2069 sit
1703 2021 1898 2083 ignotus
1923 2017 2018 2077 146

153 2111 200 2151 et
239 2100 346 2150 vilis
390 2109 438 2149 et
477 2100 674 2148 obscuri
712 2101 918 2163 generis,
959 2101 1098 2148 cuius
1138 2117 1230 2149 nec
1268 2118 1452 2150 nomen
1491 2103 1694 2165 quidem
1732 2103 1895 2150 scitur.

81 2206 128 2246 25
149 2187 364 2242 ,Ircosus,
394 2181 508 2244 quia
534 2182 713 2230 sudore
740 2183 957 2245 corporis
983 2182 1171 2230 foetido
1198 2192 1350 2245 putet.
1409 2186 1629 2246 Ignotus,
1653 2184 1896 2247 ignobilis,

153 2267 229 2314 vel
255 2281 313 2314 ex
338 2265 587 2328 inproviso
607 2263 822 2312 veniens.
899 2265 1184 2326 Inprovisus
1211 2265 1372 2313 dictus
1399 2282 1458 2314 eo
1485 2267 1621 2329 quod
1647 2267 1813 2316 subito
1840 2266 1900 2315 sit
1924 2277 2013 2326 147

155 2355 201 2395 et
228 2362 328 2395 non
354 2362 499 2409 porro
525 2354 639 2394 ante
664 2345 808 2394 visus.
882 2347 1053 2405 Index,
1077 2345 1299 2409 proditor
1323 2343 1391 2396 ab'
1412 2347 1696 2398 indicando.
1770 2349 1901 2398 Indi-

213 2488 228 2512 1
252 2487 335 2514 non
356 2488 438 2515 om.
464 2473 513 2511 T1
587 2475 663 2513 sed
684 2474 739 2515 ul.
759 2474 804 2512 K
820 2473 920 2524 <non
938 2473 1000 2526 A)
1086 2488 1224 2525 magn.
1247 2476 1375 2514 habet
1395 2475 1481 2515 AC
1588 2491 1612 2515 2
1635 2478 1901 2519 Inveteratus

155 2530 199 2568 K
280 2542 335 2569 m.
353 2536 521 2568 veteres
542 2530 654 2578 quod
670 2529 743 2569 A.
734 2529 1071 2579 ·multiferisque
1097 2529 1134 2566 T
1235 2543 1260 2580 3
1280 2531 1429 2570 militia
1443 2531 1483 2569 B
1593 2533 1709 2586 quia]
1728 2535 1840 2583 quod
1855 2535 1896 2572 A

154 2591 280 2634 atque
301 2584 432 2623 KT2-
425 2614 432 2622 .
462 2589 503 2622 et
524 2582 614 2623 BI:
642 2596 726 2622 om.
748 2583 839 2622 CTl
860 2588 908 2623 ut
927 2584 1007 2622 md.
1122 2585 1149 2622 6
1178 2586 1222 2625 it.
1247 2586 1429 2625 inmanis
1450 2586 1496 2624 K
1602 2601 1629 2636 9
1658 2594 1699 2627 et
1720 2590 1755 2627 si
1777 2589 1833 2627 ul.
1858 2588 1904 2627 K

158 2641 261 2692 (non
281 2639 345 2690 A)
488 2651 537 2677 10
566 2639 687 2687 operi
716 2637 785 2678 TC
868 2638 938 2678 ull.
960 2645 1085 2688 aptus
1107 2639 1215 2690 (abt-
1217 2640 1232 2691 )
1259 2639 1350 2678 CT2
1369 2645 1416 2679 ut
1433 2640 1512 2680 vid.
1598 2644 1692 2682 sine
1713 2644 1841 2682 armis
1861 2643 1902 2681 Β

159 2706 204 2733 11
236 2694 370 2743 accip.
388 2693 479 2731 hab.
504 2691 648 2733 ABC:
678 2706 758 2733 om.
784 2692 874 2731 KT
999 2707 1046 2732 12
1076 2694 1280 2742 ignarus.
1307 2724 1315 2733 .
1342 2696 1485 2735 ‚vitae
1507 2709 1588 2736 om.
1612 2698 1653 2736 A
1679 2698 1782 2750 (non
1802 2697 1894 2751 DI)

157 2754 199 2788 et
220 2761 302 2789 om.
325 2746 371 2785 K
477 2746 584 2798 non]
608 2760 704 2786 nam
735 2747 772 2785 T
946 2760 994 2797 13
1024 2748 1125 2789 inse.
1147 2750 1215 2788 vel
1236 2750 1330 2788 sine
1342 2725 1464 2788 'BDI
1481 2750 1582 2802 (non
1601 2751 1664 2804 A)
1790 2753 1900 2792 scire

156 2803 198 2840 A
222 2803 324 2855 (non
345 2801 437 2850 DI)
612 2814 659 2851 14
692 2803 797 2842 duos
819 2801 859 2840 A
883 2803 986 2855 (non
1006 2801 1068 2854 D)
1239 2816 1287 2854 15
1318 2805 1389 2854 qui
1410 2805 1596 2868 ignorat]
1620 2812 1760 2845 autem
1785 2806 1900 2858 (del.)

158 2859 243 2896 duo
267 2855 383 2910 (del.)
414 2855 451 2894 T
466 2857 566 2907 (non
586 2856 691 2908 AD)
863 2858 911 2895 16
939 2858 1079 2908 perdit
1102 2856 1182 2895 CK
1287 2859 1402 2911 quia]
1425 2860 1498 2909 qui
1518 2860 1564 2898 K
1674 2862 1723 2899 18
1751 2862 1902 2911 accipit

156 2912 197 2950 A
372 2923 420 2960 19
448 2911 518 2961 qui
539 2917 606 2951 est
628 2912 664 2950 C
823 2925 877 2950 20
905 2925 973 2962 qu.
998 2911 1168 2951 inalitus
1195 2911 1341 2964 T(pro
1362 2915 1486 2964 -abt-)
1653 2928 1702 2953 21
1736 2915 1842 2955 serat
1862 2915 1903 2953 Β

160 2978 211 3003 22
239 2965 312 3006 int.
333 2966 403 3016 qui
425 2978 508 3004 non
529 2978 620 3017 sep.
654 2965 690 3003 T
809 2978 861 3014 23
891 2967 946 3007 in.
972 2967 1144 3005 habenti
1165 2967 1230 3006 B:
1261 2968 1430 3008 inanem
1451 2969 1539 3008 abs.
1563 2968 1609 3007 K
1717 2971 1901 3010 tumulus

161 3018 291 3059 BIK:
314 3021 384 3059 -lis
412 3019 450 3058 T
546 3033 597 3070 24
619 3034 672 3058 ne
689 3032 800 3062 nom.
827 3019 875 3059 T¹
978 3033 1029 3071 25
1050 3022 1180 3072 pudet
1199 3021 1254 3060 Βι
1348 3025 1401 3063 26
1421 3023 1486 3062 vel
1510 3023 1593 3074 inp.
1619 3023 1669 3065 C¹
1744 3026 1902 3077 dictus]

162 3074 314 3114 dicitur
332 3075 372 3113 A
488 3074 614 3113 sibito
637 3074 686 3113 Cl
