2228 3444
523 133 1154 183 ETYMOLOGIARVM
1196 133 1326 179 LIB.
1367 133 1454 178 VI.
1493 129 1570 179 xix

170 266 413 326 vertimur,
442 265 510 314 ita
533 264 920 325 reconciliamur,
948 265 1152 327 quando
1177 272 1289 328 post
1314 271 1574 327 peccatum
1608 258 1916 325 poenitendo

169 347 482 412 regredimur.
521 347 895 410 Exomologesis
913 347 1105 395 Graeco
1120 346 1365 395 vocabulo
1378 344 1570 404 dicitur,
1589 344 1726 407 quod
1742 341 1919 391 Latine
1942 351 2006 401 75

169 431 414 480 confessio
452 428 809 493 interpretatur,
843 427 981 477 cuius
1020 426 1236 477 nominis
1277 429 1460 491 duplex
1499 423 1793 490 significatio
1824 433 1911 472 est.

169 515 271 562 Aut
296 513 427 562 enim
454 512 503 559 in
528 512 674 560 laude
699 509 994 574 intellegitur
1019 508 1281 570 confessio,
1302 508 1426 558 sicut
1452 518 1525 557 est
1548 527 1557 556 :
1598 506 1918 557 ‘Confitebor

123 614 143 653 5
169 592 258 643 tibi
285 594 503 642 Domine
529 596 671 642 Pater
695 591 818 641 caeli
842 600 890 641 et
914 592 1096 640 terrae'
1117 611 1125 640 :
1163 601 1248 640 aut
1273 593 1394 640 dum
1421 589 1630 653 quisque
1656 589 1918 638 confitetur

168 691 255 725 sua
270 683 475 740 peccata
492 674 556 723 ab
573 691 632 723 eo
657 672 974 737 indulgenda,
997 672 1135 722 cuius
1161 671 1452 722 indeficiens
1471 681 1545 720 est
1564 668 1915 720 misericordia.

169 759 243 806 Ex
268 759 364 807 hoc
380 756 522 820 igitur
537 758 730 806 Graeco
744 755 988 805 vocabulo
1004 753 1289 819 exprimitur
1305 763 1353 803 et
1367 755 1705 817 frequentatur
1720 769 1916 801 exomo-
1940 756 2006 815 76

166 838 358 904 logesis,
380 856 478 904 qua
494 839 729 888 delictum
749 846 970 887 nostrum
993 836 1215 886 Domino
1241 838 1564 897 confitemur3
1589 852 1692 884 non
1712 833 1915 899 quidem

168 931 220 970 ut
257 920 437 984 ignaro,
478 919 616 970 cuius
652 918 922 985 cognitioni
959 918 1081 968 nihil
1117 920 1365 969 occultum
1405 927 1508 979 est3
1545 918 1633 967 sed
1670 915 1916 966 confessio

97 1022 146 1050 10
169 1011 243 1052 est
278 1001 345 1051 rei
382 1001 566 1051 scilicet
609 1001 712 1051 eius
749 1018 876 1065 quae
913 1000 1161 1065 ignoratur
1207 1001 1427 1064 professa
1463 997 1694 1063 cognitio.
1781 996 1913 1047 Vtile
1940 1008 2002 1058 77

168 1083 299 1133 enirn
338 1083 430 1133 sibi
465 1101 522 1132 ac
559 1083 832 1133 iucundum
871 1083 1132 1147 quisquam
1175 1100 1282 1132 esse
1324 1081 1684 1132 existimaverat
1726 1096 1909 1145 rapere,

165 1167 452 1224 adulterare,
483 1165 627 1214 furari
645 1184 657 1226 3
695 1167 782 1215 sed
817 1166 898 1214 ubi
935 1166 1057 1214 haec
1087 1174 1316 1214 aeternae
1349 1162 1659 1214 damnationi
1693 1160 1914 1212 obnoxia

165 1264 271 1297 esse
297 1246 539 1311 cognovit,
563 1246 770 1311 cognitis
797 1246 883 1306 his,
906 1248 1166 1296 confitetur
1186 1263 1413 1296 errorem.
1470 1246 1730 1296 Confessio
1749 1253 1914 1294 autem
1940 1244 2002 1304 78

166 1330 337 1378 erroris
363 1328 602 1392 professio
627 1338 700 1378 est
721 1328 1010 1378 desinendi:
1037 1327 1368 1378 desinendum
1393 1345 1509 1391 ergo
1533 1345 1561 1376 a
1587 1326 1801 1390 peccatis
1827 1337 1913 1387 est,

95 1427 141 1468 15
167 1413 287 1460 dum
304 1410 548 1460 confessio
568 1422 652 1461 est.
701 1410 962 1461 Confessio
977 1419 1144 1460 autem
1164 1410 1427 1470 antecedit,
1440 1408 1662 1458 remissio
1680 1407 1911 1473 sequitur.

167 1495 400 1544 Ceterum
427 1503 558 1542 extra
578 1492 772 1542 veniam
794 1503 866 1543 est
893 1492 977 1557 qui
996 1502 1256 1558 peccatum
1278 1490 1532 1556 cognoscit
1549 1509 1642 1541 nec
1660 1490 1913 1555 cognitum

166 1575 439 1625 confitetur.
512 1577 688 1639 Itaque
714 1574 1072 1639 exomologesis
1102 1573 1445 1638 prosternendi
1480 1583 1528 1622 et
1554 1572 1914 1622 humilificandi
1938 1576 2006 1626 79

167 1657 380 1706 hominis
406 1656 665 1721 disciplina
690 1667 775 1717 est,
804 1655 977 1706 habitu
1002 1666 1151 1721 atque
1175 1656 1320 1716 victu,
1349 1673 1494 1706 sacco
1519 1665 1567 1705 et
1594 1654 1757 1705 cinere
1782 1654 1914 1704 incu-

168 1739 295 1798 bare,
335 1756 512 1803 corpus
550 1739 778 1789 sordibus
810 1739 1087 1800 obscurare,
1115 1740 1337 1788 animum
1371 1737 1676 1788 maeroribus
1706 1737 1915 1798 deicere,

94 1836 144 1866 20
166 1819 259 1881 illa,
301 1838 427 1884 quae
463 1830 683 1885 peccant,
723 1820 845 1870 tristi
883 1820 1172 1871 tractatione
1209 1830 1412 1870 mutare.
1487 1819 1712 1870 Litaniae
1747 1830 1914 1870 autem
1941 1813 2009 1862 80

167 1904 358 1953 Graeco
394 1902 597 1953 nomine
633 1904 955 1968 appellantur,
989 1920 1116 1968 quae
1147 1902 1324 1952 Latine
1354 1902 1586 1951 dicuntur
1618 1902 1911 1966 rogationes

167 1986 302 2034 Inter
326 1984 518 2034 litanias
545 2002 660 2035 vero
686 1994 733 2034 et
763 1986 1133 2049 exomologesin
1162 1986 1259 2034 hoc
1288 1983 1462 2043 differt,
1491 1985 1628 2049 quod
1666 1986 1914 2034 exomolo-

164 2067 291 2130 gesis
332 2083 420 2130 pro
462 2068 564 2116 sola
602 2065 912 2115 confessione
950 2076 1267 2130 peccatorum
1309 2065 1465 2130 agitur
1483 2083 1496 2126 3
1543 2064 1741 2115 litaniae
1782 2083 1911 2125 vero,

165 2164 292 2210 quae
328 2146 612 2197 indicuntur
646 2158 842 2213 propter
880 2149 1155 2212 rogandum
1195 2147 1358 2197 Deum
1398 2156 1444 2197 et
1480 2146 1826 2213 inpetrandam
1863 2148 1913 2197 in

90 2245 141 2287 25
164 2227 330 2293 aliquo
349 2228 732 2279 misericordiam
758 2229 876 2279 eius.
927 2231 1026 2279 Sed
1050 2247 1184 2279 nunc
1204 2231 1301 2279 iam
1326 2239 1590 2294 utrumque
1614 2230 1912 2281 vocabulum
1937 2230 1990 2278 81

219 2372 244 2409 3
274 2360 578 2411 interpretatur
598 2389 607 2399 .
633 2393 641 2402 .
667 2393 675 2401 .
699 2360 961 2411 intellegitur
981 2373 1066 2401 om.
1091 2359 1129 2400 T
1260 2362 1367 2412 sign.
1383 2367 1455 2400 aut
1478 2362 1514 2402 C
1650 2376 1674 2411 4
1705 2362 1913 2402 confiteor

166 2412 245 2454 BC
350 2418 375 2454 6
404 2415 669 2466 indulgentia
688 2414 730 2454 B
749 2416 850 2467 (non
869 2415 933 2468 A)
1084 2429 1104 2466 7
1138 2415 1302 2455 Graeco
1323 2430 1407 2456 om.
1430 2416 1476 2454 K
1610 2417 1854 2466 frequenter
1871 2416 1913 2455 B

165 2469 432 2520 exomologis
452 2469 498 2508 K
516 2471 549 2522 (3
564 2471 588 2510 ι’.
603 2483 635 2510 e.
659 2470 933 2522 ἔξομολογεΐς)
1045 2471 1071 2509 8
1101 2470 1203 2522 qua]
1227 2471 1326 2522 quia
1352 2471 1430 2510 CK
1437 2468 1474 2510 T
1578 2483 1604 2522 9
1633 2471 1700 2523 ut]
1721 2485 1806 2512 non
1829 2470 1882 2511 Cl
1903 2486 1912 2510 z

165 2538 246 2564 om.
269 2524 315 2562 K
437 2537 482 2564 11
514 2524 737 2575 quisquam
759 2525 827 2576 (ex
844 2525 1045 2578 quisque)
1067 2525 1285 2575 ignoratur
1304 2527 1501 2576 professa
1521 2526 1707 2577 cognitio
1726 2539 1848 2576 quam
1876 2526 1914 2564 T

166 2580 233 2630 (cf.
255 2583 274 2626 ξ
294 2578 364 2631 76)
480 2591 529 2618 12
559 2579 697 2619 furare
716 2579 837 2619 BCT
940 2580 1018 2619 hac
1047 2579 1084 2618 T
1206 2580 1478 2620 damnatione
1501 2580 1551 2619 Cl
1662 2581 1792 2621 noxia
1813 2579 1913 2620 C1K

170 2646 217 2682 13
247 2646 343 2673 esse
374 2647 457 2673 om.
483 2633 529 2671 K
634 2635 829 2684 cognitus
850 2633 894 2672 K
1052 2649 1100 2685 14
1131 2635 1367 2675 desinendo
1390 2649 1492 2686 ergo
1516 2634 1560 2672 K
1669 2649 1785 2686 pecc,
1807 2637 1906 2674 dum

167 2688 203 2726 C
312 2700 360 2737 15
389 2689 615 2728 antecedet
643 2688 680 2726 T
802 2702 847 2740 17
879 2688 1128 2729 humiliandi
1148 2690 1387 2729 hominibus
1409 2690 1454 2728 K
1566 2692 1613 2729 18
1644 2691 1840 2740 disciplin
1862 2690 1907 2714 ⁹⁵*

164 2743 281 2782 abitu
303 2742 354 2782 Cl
466 2743 599 2782 cineri
627 2743 663 2781 T
804 2744 1025 2783 incurbare
1051 2744 1088 2783 T
1233 2758 1282 2795 19
1311 2746 1450 2784 animo
1474 2746 1524 2785 Cl
1636 2745 1849 2784 erroribus
1877 2743 1914 2782 T

165 2797 323 2837 dedere
342 2797 386 2835 K
402 2798 501 2848 (non
518 2798 583 2847 A)
698 2812 749 2838 20
773 2798 831 2838 illi
848 2798 893 2837 K
975 2799 1166 2850 peccanti
1185 2799 1285 2839 ClK
1301 2814 1310 2839 :
1332 2800 1524 2851 peccavit
1541 2799 1592 2839 C2
1606 2801 1722 2852 <cum
1743 2799 1903 2839 Tertull.

166 2850 213 2889 de
225 2853 379 2903 paenit.
403 2853 446 2902 9)
561 2853 732 2894 tristitia
753 2860 830 2894 tra.
852 2852 902 2893 C¹
1015 2860 1155 2893 autem
1177 2867 1260 2894 om.
1280 2854 1325 2892 K
1469 2869 1516 2895 21
1551 2854 1725 2905 Latine]
1751 2854 1906 2893 letanie

173 2905 186 2912 '
339 2920 391 2946 22
421 2907 733 2957 exomologesis
754 2907 811 2946 Bl
831 2913 878 2948 ut
895 2908 975 2949 vid.
998 2907 1044 2946 l<
1150 2909 1466 2960 exomologesin
1490 2910 1530 2949 Β
1539 2909 1574 2948 T
1709 2922 1760 2958 23
1790 2922 1904 2960 pecc.

168 2960 275 3000 conf.
304 2960 340 3000 T
551 2969 734 3013 aguntur
754 2962 840 3003 BT
856 2962 887 3015 (3
898 2969 979 3014 pro
1001 2963 1132 3002 Inter.
1155 2963 1214 3002 lit.
1239 2978 1304 3003 ve.
1328 2970 1369 3003 et
1391 2965 1720 3014 exomologeses
1740 2964 1780 3004 h.
1804 2964 1842 3004 d.
1866 2977 1905 3013 q.

167 3015 495 3066 exomologeses
516 3046 524 3057 .
551 3046 559 3055 .
584 3047 593 3057 .
614 3016 834 3068 aguntmij·
935 3031 1037 3057 vero
1057 3018 1254 3058 dicuntur
1281 3015 1332 3057 Tl
1351 3033 1358 3057 :
1392 3031 1492 3058 vero
1514 3019 1612 3058 inde
1634 3018 1832 3058 dicuntur
1859 3016 1909 3058 T²

167 3081 217 3116 24
247 3068 541 3119 inpetrandum
563 3071 642 3110 BC
786 3083 836 3121 25
868 3072 1006 3121 aliqua
1029 3072 1080 3110 C1
1211 3072 1311 3124 iam]
1335 3073 1464 3113 distat
1485 3072 1611 3123 vulgo
1639 3070 1676 3111 T
