2228 3444
1028 178 1301 226 ISIDORI

228 313 261 360 4
287 305 485 359 propter
504 295 554 345 id
575 298 712 360 quod
731 299 933 361 angelus
953 295 1099 365 [non]
1119 307 1205 347 est.
1239 302 1419 348 Postea
1435 299 1658 350 discretis
1678 310 1827 365 atque
1844 300 2047 350 seclusis

286 379 536 426 adiectum
554 387 627 426 est
647 378 898 442 proprium
918 378 969 426 in
994 387 1131 442 parte
1147 389 1396 443 postrema
1414 378 1557 447 [risus
1575 379 1751 448 capax]
1774 402 1782 432 :
1821 391 1893 431 est
1914 380 2046 430 enim

288 461 449 508 solum
487 459 719 519 hominis,
760 461 896 523 quod
936 459 1074 509 ridet.
1147 460 1228 510 Sic
1267 463 1483 526 perfecta
1522 473 1596 512 est
1637 465 1774 512 omni
1812 481 1871 512 ex
1910 470 2047 526 parte

287 540 512 590 definitio
550 543 615 591 ad
654 541 910 591 hominem
952 544 1321 593 declarandum.
1412 543 1566 594 Cuius
1606 545 1895 609 disciplinae
1932 545 2050 594 defi-

288 622 530 672 nitionem
561 625 759 686 plenam
781 623 1182 673 existimaverunt
1202 626 1492 674 Aristoteles
1513 635 1561 675 et
1581 626 1774 676 Tullius
1794 644 1851 677 ex
1870 643 2048 690 genere
2073 648 2093 688 5

232 718 263 767 5
288 714 335 754 et
361 704 649 754 differentiis
676 705 960 754 consistere.
1024 705 1243 767 Quidam
1271 717 1443 770 postea
1468 707 1715 771 pleniores
1740 708 1791 756 in
1817 709 2048 757 docendo

288 785 392 835 eius
418 788 688 850 perfectam
715 787 1091 836 substantialem
1119 790 1463 838 definitionem
1491 788 1540 837 in
1567 789 1788 854 quinque
1814 789 2047 853 partibus,

287 868 433 917 veluti
463 869 697 918 membris
724 870 837 930 suis,
871 869 1166 920 dividerunt.
1229 873 1453 933 Quarum
1481 870 1640 934 prima
1665 882 1738 920 est
1764 873 1826 921 de
1852 888 2045 935 genere,

288 953 508 1000 secunda
528 953 591 1000 de
613 953 791 1015 specie,
814 952 954 1001 tertia
971 954 1034 1002 de
1055 952 1346 1013 differentia,
1369 962 1542 1016 quarta
1561 955 1624 1003 de
1644 955 1854 1018 proprio,
1876 953 2048 1017 quinta

227 1036 263 1084 6
286 1035 349 1083 de
368 1033 630 1083 accidenti.
693 1036 876 1094 Genus,
898 1043 950 1083 ut
969 1035 1164 1084 animal.
1241 1038 1331 1084 Est
1351 1036 1483 1084 enim
1504 1036 1801 1085 vocabulum
1821 1037 2049 1099 generale
2074 1055 2124 1083 10

286 1125 333 1164 et
367 1132 635 1165 commune
666 1115 891 1164 omnium
920 1116 1139 1165 animam
1169 1117 1473 1166 habentium.
1549 1117 1762 1182 Species,
1794 1127 1848 1166 ut
1878 1118 2047 1165 homo.

288 1200 376 1246 Est
402 1196 534 1246 enim
561 1197 850 1260 specialitas,
874 1216 971 1261 qua
997 1207 1247 1262 separatur
1271 1216 1299 1247 a
1324 1199 1496 1249 ceteris
1522 1199 1871 1249 animantibus.
1947 1198 2049 1246 Dif-

286 1278 504 1340 ferentia,
529 1289 581 1327 ut
598 1278 852 1340 rationale,
873 1281 1094 1328 mortale.
1171 1279 1267 1329 His
1294 1280 1426 1329 enim
1453 1282 1649 1331 duobus
1670 1280 1831 1330 differt
1848 1282 2001 1328 homo
2021 1297 2049 1327 a

233 1372 261 1422 7
287 1360 475 1410 ceteris.
550 1362 680 1411 Cum
715 1362 847 1410 enim
879 1361 1057 1411 dicitur
1086 1363 1336 1423 rationale,
1365 1362 1658 1413 discernitur
1691 1363 1754 1411 ab
1789 1361 2049 1411 inrationa-

286 1444 414 1492 libus
436 1443 599 1503 mutis,
623 1461 750 1507 quae
771 1461 871 1492 non
893 1443 1079 1493 habent
1099 1443 1354 1494 rationem.
1428 1446 1559 1496 Cum
1582 1441 1803 1511 [dicitur]
1827 1446 2046 1502 mortale,
2078 1463 2122 1503 15

286 1524 579 1574 discernitur
593 1525 657 1574 ab
674 1526 874 1589 angelis,
886 1525 970 1589 qui
988 1527 1214 1574 nesciunt
1232 1536 1457 1575 mortem.
1498 1525 1835 1590 Proprium,ut
1850 1524 2046 1574 risibile.

290 1611 464 1656 Homo
485 1618 558 1656 est
585 1609 717 1657 enim
739 1609 876 1671 quod
898 1608 1038 1668 ridet,
1061 1617 1110 1657 et
1131 1609 1227 1656 hoc
1253 1618 1444 1672 praeter
1470 1607 1727 1657 hominem
1749 1607 1929 1656 nullius
1949 1606 2049 1655 ani-

289 1689 429 1738 malis
464 1700 549 1738 est.
626 1691 888 1749 Accidens,
926 1700 979 1739 ut
1013 1692 1150 1739 color
1183 1691 1233 1738 in
1269 1707 1489 1754 corpore,
1519 1691 1745 1740 doctrina
1778 1689 1829 1738 in
1862 1689 2045 1737 animo.

232 1776 262 1823 8
290 1774 434 1820 Haec
459 1771 590 1820 enim
620 1781 900 1835 temporum
926 1774 1158 1821 varietate
1185 1782 1232 1821 et
1257 1772 1493 1822 accidunt
1518 1782 1564 1822 et
1586 1781 1865 1821 mutantur:
1904 1781 1951 1820 et
1977 1781 2050 1820 est

288 1871 346 1903 ex
372 1853 605 1903 omnibus
632 1854 707 1902 his
739 1856 961 1918 quinque
995 1854 1216 1918 partibus
1243 1854 1402 1903 oratio
1432 1856 1609 1918 plenae
1636 1853 1922 1913 sententiae,
1953 1852 2019 1901 ita
2041 1872 2048 1900 :
2073 1873 2124 1900 20

290 1938 464 1986 Homo
481 1946 554 1984 est
572 1935 755 1985 animal
775 1936 1026 1997 rationale,
1047 1939 1266 1996 mortale,
1287 1936 1483 1997 risibile,
1502 1936 1623 1986 boni
1643 1936 1859 1998 malique
1880 1951 2046 1997 capax.

289 2018 368 2067 Sic
389 2017 537 2067 etiam
559 2019 609 2066 in
629 2019 766 2066 omni
783 2018 1007 2067 oratione
1027 2018 1339 2068 substantiali
1359 2018 1548 2067 tamdiu
1569 2017 1881 2081 interponere
1902 2016 2050 2065 debe-

289 2118 399 2148 mus
421 2100 610 2163 species
629 2110 677 2149 et
697 2100 1011 2161 differentias,
1035 2118 1186 2164 quam
1207 2100 1292 2150 diu
1314 2099 1515 2149 seclusis
1536 2099 1784 2159 omnibus,
1806 2115 1933 2162 quae
1953 2100 2048 2146 hoc

290 2184 422 2232 idem
459 2199 566 2231 esse
600 2193 822 2246 possunt,
860 2185 923 2232 ad
954 2182 1005 2232 id
1035 2182 1359 2245 perveniatur,
1396 2192 1449 2231 ut
1482 2181 1753 2246 proprietas
1790 2180 1884 2229 iam
1918 2190 2050 2229 certa

231 2286 265 2332 9
288 2274 524 2313 teneatur.
615 2266 847 2327 Isagogas
890 2274 1055 2313 autem
1099 2281 1157 2313 ex
1201 2264 1394 2313 Graeco
1437 2263 1487 2311 in
1527 2262 1761 2311 Latinum
1804 2261 2048 2310 transtulit
2073 2280 2121 2320 25

288 2346 572 2395 Victorinus
606 2355 783 2405 orator,
816 2355 1260 2408 commentumque
1291 2347 1395 2394 eius
1427 2344 1647 2407 quinque
1677 2343 1812 2392 libris
1844 2342 2047 2391 Boetius

290 2428 462 2479 edidit.

119 2527 265 2566 XXVI
427 2513 509 2558 DE
535 2525 847 2558 CATEGORns
868 2512 1234 2559 ARISTOTELIS.
1308 2511 1594 2572 Sequuntur
1618 2506 1897 2555 Aristotelis
1923 2516 2048 2555 cate-

288 2594 464 2656 goriae,
495 2608 622 2655 quae
649 2591 825 2641 Latine
852 2591 1254 2655 praedicamenta
1278 2590 1538 2640 dicuntur:
1577 2589 1757 2653 quibus
1781 2605 1869 2652 per
1892 2589 2046 2638 varias

346 2735 364 2760 1
396 2727 573 2772 propter
602 2723 644 2761 id
685 2723 798 2774 quod
826 2722 1005 2772 angelus
1035 2736 1120 2762 non
1148 2727 1216 2761 est
1256 2721 1311 2759 T:
1354 2726 1530 2771 propter
1558 2721 1601 2758 id
1628 2720 1740 2771 quod
1773 2719 1951 2770 angelus
1980 2724 2047 2757 est

288 2777 373 2816 AC
390 2791 399 2816 :
427 2783 604 2827 propter
623 2777 667 2816 id
687 2778 798 2828 quod
819 2790 904 2815 non
930 2777 1109 2827 angelus
1138 2783 1204 2815 est
1222 2777 1287 2815 B:
1319 2782 1492 2826 propter
1517 2775 1693 2825 angelos
1713 2774 1760 2812 K
1893 2786 1918 2811 2
1948 2787 2046 2823 pro-

289 2831 447 2884 prium]
465 2833 645 2882 primum
667 2832 714 2871 K
794 2833 903 2870 risus
920 2845 1055 2882 capax
1068 2832 1162 2871 hab.
1178 2831 1242 2870 K:
1272 2844 1354 2870 om.
1373 2830 1544 2869 ABCT
1648 2842 1673 2879 3
1702 2842 1785 2880 quo
1805 2828 1852 2866 K
1932 2828 2044 2867 omni

290 2887 335 2925 K
354 2901 363 2926 ε
393 2888 532 2926 omnis
555 2886 636 2925 BC
641 2886 678 2925 T
802 2888 827 2924 8
859 2887 972 2926 velut
1001 2888 1043 2924 in
1075 2886 1248 2925 membr.
1278 2885 1358 2924 BC
1486 2897 1536 2923 10
1563 2884 1811 2923 accedentia
1837 2883 1876 2921 T
1996 2894 2044 2920 12

290 2954 397 2992 quae
427 2954 518 2992 sep.
551 2941 598 2980 K
790 2954 838 2990 13
879 2955 903 2980 a
933 2942 1088 2980 ceteris
1117 2954 1199 2979 om.
1231 2940 1272 2978 Β
1470 2952 1518 2989 14
1558 2939 1767 2978 rationale
1796 2937 1974 2976 mortale
2005 2937 2046 2974 Β

294 3008 342 3046 15
372 3002 475 3037 mut.
507 2997 578 3048 qui
616 2995 703 3036 TCl
810 2996 964 3035 dicitur
992 2997 1087 3035 hab.
1117 2996 1177 3035 T:
1211 3008 1291 3034 om.
1325 2993 1496 3033 ABCK
1674 3006 1721 3043 17
1751 2993 1863 3032 enim
1885 3005 1968 3031 om.
2001 2991 2048 3030 K

291 3063 353 3101 pr.
390 3051 504 3091 hom.
538 3052 619 3091 hoc
658 3051 705 3090 K
830 3051 955 3090 ullius
991 3050 1042 3089 C1
1212 3051 1261 3089 18
1290 3055 1337 3088 ut
1367 3062 1450 3089 om.
1485 3049 1527 3087 K
1695 3061 1748 3086 20
1775 3047 1843 3086 his
1879 3060 1962 3085 om.
2001 3045 2048 3084 K

291 3118 342 3144 22
373 3107 535 3145 ratione
557 3105 816 3146 substantiae
837 3106 884 3144 K
1027 3118 1078 3154 24
1110 3104 1219 3143 idem
1245 3103 1325 3143 BC
1332 3103 1390 3142 T:
1424 3104 1524 3143 item
1546 3103 1592 3141 K
1744 3104 1797 3140 26
1826 3114 2043 3141 commen-

291 3167 463 3213 tumque
483 3174 565 3200 om.
590 3161 636 3201 K
799 3173 852 3212 29
881 3160 1008 3213 quae]
1033 3159 1147 3212 quod
1164 3159 1205 3198 Β
1346 3157 1516 3211 quibus]
1539 3157 1659 3197 cuius
1684 3157 1721 3197 C
