2176 3424
296 140 928 192 ETYMOLOGIARVM
968 140 1096 185 LIB.
1138 138 1277 184 XIX.
1319 135 1438 193 xxxi,
1469 134 1590 182 xxxii

25 257 32 266 .
66 276 297 337 argento.⁷
369 273 588 321 Catellae
615 278 729 318 sunt
755 270 1017 317 catenulae
1047 269 1159 315 colli
1191 265 1402 314 invicem
1435 281 1485 312 se
1516 264 1818 326 conprehen-
1841 271 1896 319 15

69 358 242 405 dentes
269 356 319 403 in
345 355 550 403 modum
582 361 815 411 catenae3
854 351 987 398 unde
1014 358 1062 397 et
1088 349 1374 411 appellatae.
1450 349 1658 395 Dextras
1689 362 1818 393 com·
1843 348 1902 394 16

70 454 244 485 munes
265 452 371 485 esse
387 434 600 482 virorum
621 450 678 480 ac
698 433 1004 489 feminarum,
1026 431 1140 493 quia
1160 428 1413 491 utriusque
1431 444 1572 476 sexus
1593 428 1822 475 dexterae

70 528 199 567 sunt.
273 516 503 573 Armillae
528 523 694 562 autem
728 511 921 575 proprie
947 510 1158 559 virorum
1186 518 1312 569 sunt,
1340 510 1565 557 conlatae
1590 506 1822 556 victoriae

22 619 43 657 5
70 616 218 648 causa
254 597 492 646 militibus
521 595 584 644 ab
614 611 862 643 armorum
889 592 1093 641 virtute:
1131 593 1265 640 unde
1302 599 1349 639 et
1386 591 1641 653 quondam
1674 590 1821 651 vulgo

70 680 269 730 viriolae
305 679 608 728 dicebantur.
683 676 764 723 Ab
801 675 1053 723 intellectu
1089 682 1255 721 autem
1292 671 1460 720 circuli
1495 670 1685 719 armilla
1719 686 1822 718 non

70 762 327 825 discrepat,
368 759 483 822 quia
520 758 625 820 ipsa
656 773 856 819 quoque
890 757 1000 815 hoc,
1034 755 1119 803 ubi
1156 753 1370 817 ponitur,
1401 752 1672 801 ambiendo
1709 768 1823 800 con-

71 842 260 905 stringit
280 861 292 903 3
343 842 430 889 sed
468 839 656 888 armilla
695 837 838 885 latius
883 836 1175 895 extenditur,
1216 835 1426 883 circulus
1468 835 1709 882 rotundus
1753 834 1821 881 fit.

71 923 275 972 Fibulae
318 930 431 970 sunt
473 919 652 983 quibus
695 928 868 982 pectus
917 917 1465 975 feminarum-ornatur,
1505 917 1581 963 vel
1620 914 1822 977 pallium
1847 916 1899 966 17

2 1022 47 1050 10
71 1014 263 1054 tenetur
298 1020 327 1051 a
351 1002 462 1051 viris
488 1003 538 1049 in
571 1002 802 1059 humeris,
832 1016 918 1048 seu
954 999 1206 1062 cingulum
1243 998 1294 1046 in
1326 996 1525 1046 lumbis.
1601 998 1825 1044 Lunulae

72 1096 184 1135 sunt
201 1094 490 1134 ornamenta
506 1083 781 1141 mulierum,
796 1081 846 1129 in
863 1083 1008 1129 lunae
1027 1079 1399 1128 similitudinem
1417 1079 1633 1127 bullulae
1650 1093 1826 1126 aureae

73 1169 430 1231 dependentes.
505 1167 715 1227 Specula
764 1173 878 1212 sunt
927 1163 975 1211 in
1019 1162 1199 1225 quibus
1248 1161 1460 1210 feminae
1499 1163 1661 1210 vultus
1710 1176 1824 1208 suos
1849 1158 1903 1206 18

72 1252 340 1298 intuuntur.
426 1246 630 1295 Dictum
673 1255 842 1294 autem
883 1246 1138 1308 speculum
1178 1245 1253 1292 vel
1294 1244 1430 1306 quod
1468 1260 1525 1292 ex
1563 1243 1827 1306 splendore

73 1332 322 1389 reddatur,
347 1331 423 1378 vel
453 1330 589 1391 quod
625 1327 692 1376 ibi
723 1327 937 1376 feminae
974 1329 1222 1375 intuentes
1258 1324 1572 1374 considerent
1606 1323 1822 1387 speciem

0 1431 43 1471 15
74 1413 147 1461 sui
189 1414 351 1460 vultus
396 1420 456 1470 et,
503 1410 747 1472 quidquid
788 1408 1063 1457 ornamenti
1107 1410 1280 1457 deesse
1322 1406 1545 1466 viderint,
1589 1405 1819 1454 adiciant.

71 1493 390 1543 Periscelides
439 1501 552 1540 sunt
603 1492 737 1554 apud
787 1490 995 1539 feminas
1043 1507 1238 1538 crurum
1299 1498 1590 1537 ornamenta
1643 1487 1823 1550 quibus
1846 1495 1905 1542 19

72 1591 262 1639 gressus
300 1591 466 1622 earum
503 1582 752 1621 ornantur.
829 1571 1151 1622 Olfactoriola
1187 1573 1385 1620 vascula
1421 1579 1534 1618 sunt
1569 1569 1827 1618 muliebria

75 1655 254 1719 quibus
280 1656 604 1704 odoramenta
628 1662 893 1717 gestantur.

212 1739 295 1784 DE
331 1751 533 1785 ANVLIS.
609 1735 801 1783 Primus
830 1736 1155 1783 Prometheus
1182 1735 1330 1782 fertur
1355 1733 1593 1782 circulum
1620 1735 1827 1781 ferreum
1855 1738 2030 1777 XXXII

2 1837 53 1864 20
77 1820 268 1867 incluso
299 1818 463 1881 lapide
496 1817 650 1880 digito
684 1817 1048 1876 circumdasse3
1085 1833 1182 1879 qua
1212 1816 1574 1864 consuetudine
1604 1818 1831 1863 homines

76 1901 150 1950 usi
175 1903 348 1949 anulos
374 1901 556 1949 habere
587 1909 873 1963 coeperunt.
946 1898 1098 1946 Anuli
1131 1908 1295 1947 autem
1331 1915 1416 1961 per
1450 1897 1831 1946 diminutionem

78 1982 195 2031 dicti
221 1999 248 2030 a
272 1981 465 2030 circulis
491 1991 538 2030 et
563 1981 684 2041 anis,
706 1980 790 2043 qui
817 1989 929 2028 sunt
955 1979 1139 2028 circum
1165 1979 1366 2028 brachia
1387 1989 1434 2028 et
1455 1979 1639 2027 circum
1666 1996 1804 2027 crura
1822 1998 1834 2038 3

79 2066 214 2112 unde
256 2073 303 2111 et
343 2063 479 2126 signa
521 2080 691 2111 eorum
741 2079 827 2125 per
875 2061 1258 2110 diminutionem
1302 2061 1485 2124 sigilla:
1538 2078 1652 2109 nam
1697 2061 1835 2124 signa

81 2145 265 2193 maiora
291 2153 418 2203 sunt,
447 2143 603 2207 sigilla
628 2160 743 2192 vero
770 2142 910 2205 quasi
939 2142 1128 2191 minora
1155 2143 1306 2206 signa.
1376 2144 1569 2191 Anulos
1608 2141 1835 2191 homines
1858 2149 1888 2182 2

10 2248 56 2287 25
80 2226 292 2290 primum
317 2234 506 2289 gestare
531 2234 803 2288 coeperunt
823 2234 999 2288 quarto
1019 2241 1047 2272 a
1066 2223 1246 2287 pollice
1273 2223 1440 2287 digito,
1471 2225 1608 2286 quod
1635 2240 1695 2272 eo
1711 2240 1836 2272 vena

82 2309 327 2371 quaedam
352 2308 415 2355 ad
443 2323 526 2355 cor
547 2323 704 2369 usque
731 2306 984 2369 pertingat,
1005 2323 1153 2368 quam
1174 2307 1446 2354 notandam
1463 2307 1838 2368 ornandamque

82 2389 249 2452 aliquo
285 2388 462 2452 insigni
498 2397 687 2437 veteres
725 2396 1033 2450 putaverunt.
1121 2388 1272 2451 Apud
1311 2389 1567 2435 Romanos
1603 2387 1737 2435 anuli
1775 2389 1838 2435 de
1865 2399 1894 2444 3

84 2469 283 2534 publico
307 2469 563 2529 dabantur,
593 2479 641 2518 et
666 2485 767 2517 non
798 2468 903 2517 sine
937 2467 1251 2528 discrimine,
1286 2485 1401 2516 nam
1438 2467 1676 2531 dignitate
1706 2485 1839 2531 prae-

86 2550 242 2614 cipuis
272 2550 384 2599 viris
414 2550 647 2613 gemmati
678 2550 936 2610 dabantur,
970 2549 1143 2598 ceteris
1181 2549 1358 2598 solidi:
1395 2551 1599 2597 anulum
1635 2565 1835 2597 aureum

147 2694 164 2719 1
198 2679 416 2720 Cantellae
439 2679 526 2718 ΒΚ
633 2679 1038 2729 conpraehindentis
1058 2678 1104 2715 K
1238 2691 1263 2727 3
1294 2680 1485 2729 utrisque
1501 2678 1594 2718 5³61
1732 2690 1756 2728 5
1786 2681 1841 2718 ob

90 2748 192 2775 arm.
214 2736 415 2774 virtutem
438 2733 472 2772 C
662 2734 871 2783 quoddam
892 2729 933 2772 Β
1125 2734 1151 2770 6
1179 2734 1256 2772 vir.
1279 2733 1424 2773 Areu:
1465 2734 1626 2772 viriliae
1647 2731 1769 2772 BCK
1789 2735 1843 2783 (et

91 2790 236 2841 Isidst)
258 2806 264 2829 :
295 2789 442 2828 viridie
469 2788 548 2827 TU
764 2802 785 2837 7
815 2788 884 2827 ubi
906 2802 987 2827 om.
1009 2787 1100 2826 KN
1119 2788 1222 2838 (non
1248 2787 1306 2838 U)
1526 2789 1782 2837 ambigendo
1803 2789 1843 2827 Β

92 2846 118 2882 8
147 2845 193 2882 fit
214 2843 358 2883 BCK:
391 2849 456 2882 e'st
484 2844 521 2882 T
675 2855 724 2880 10
753 2843 865 2881 veris
886 2843 927 2880 Β
1081 2855 1136 2880 an
1158 2844 1265 2882 ceu?
1428 2855 1472 2880 11
1505 2843 1783 2881 similitudine
1804 2843 1844 2881 Β

94 2898 233 2937 bullae
253 2898 288 2937 C
399 2911 448 2936 12
482 2897 691 2948 Speculae
711 2896 746 2935 C
856 2909 903 2945 13
936 2897 1003 2936 vel
1026 2897 1124 2947 quia
1146 2896 1283 2936 exB:
1311 2897 1424 2947 quod
1446 2910 1500 2935 ex
1524 2896 1561 2934 T
1667 2910 1715 2946 14
1746 2909 1844 2935 eon-

95 2953 290 2992 siderant
320 2952 364 2990 K
521 2999 524 3002 ἢ
560 2963 608 3002 15
638 2952 860 3001 quodquod
890 2950 936 2988 K
1125 2951 1321 2990 viderent
1350 2951 1391 2989 Β
1585 2951 1774 2990 adiciunt
1805 2950 1848 2989 Κ

100 3009 149 3046 16
179 3006 449 3061 Prescelidae
471 3006 549 3047 Βῑε
584 3006 865 3046 Praescelites
884 3005 952 3044 K:
985 3004 1264 3045 Prescellides
1292 3005 1329 3044 T
1473 3018 1518 3055 17
1551 3005 1648 3045 mul.
1673 3020 1697 3045 a
1717 3019 1786 3056 qu.
1809 3006 1848 3044 Β

96 3074 150 3100 20
179 3061 385 3100 inclusum
413 3061 458 3098 K
578 3058 906 3099 circumdedisse
927 3058 974 3098 K
1094 3073 1145 3099 22
1172 3061 1292 3100 annis
1314 3059 1360 3098 K
1477 3071 1532 3110 25
1549 3073 1655 3100 eum
1677 3073 1786 3099 vana
1803 3060 1851 3101 K

99 3129 149 3166 27
181 3116 321 3164 aliqua
340 3114 398 3152 Β1
511 3116 638 3154 anulo
666 3114 703 3152 T
836 3117 887 3154 28
918 3114 1125 3154 debantur
1146 3115 1201 3153 Β1
1343 3129 1395 3165 29
1425 3114 1634 3154 debantur
1653 3113 1710 3152 Β1
