2228 3444
455 172 1088 220 ETYMOLOGIARVM
1130 172 1257 219 LIB.
1297 172 1384 218 IV.
1424 169 1582 217 xi-xiii

150 304 342 364 lapsum
391 318 511 362 esse,
557 311 605 349 et
653 301 890 350 maiorem
937 318 994 350 ex
1043 300 1396 351 commixtione
1438 303 1643 350 odorem
1693 318 1895 350 creasse.

150 385 297 433 Vnde
323 401 455 433 nunc
489 383 677 447 optima
702 392 953 447 unguenta
978 382 1256 432 amaracina
1289 382 1522 432 dicuntur
1545 401 1553 431 ι
1593 391 1706 431 sunt
1731 391 1896 431 autem

151 483 209 514 ex
250 479 427 528 genere
470 467 661 514 florum.
748 468 875 514 Item
919 464 1013 513 alia
1050 482 1176 528 quae
1215 461 1289 532 [a]
1328 463 1560 513 materiae
1597 481 1714 513 suae
1751 466 1900 528 quali·
1923 475 1957 522 9

152 556 250 597 tate
280 546 524 607 dicuntur,
553 557 606 596 ut
636 564 892 596 rosaceum
930 564 958 595 a
995 564 1117 606 rosa,
1155 545 1439 610 quiprinum
1475 563 1503 595 a
1539 547 1659 595 flore
1693 545 1899 610 quipr03

101 648 123 689 5
152 631 284 679 unde
324 639 372 678 et
413 628 636 694 propriae
678 628 910 679 materiae
954 630 1160 678 odorem
1204 630 1430 678 referunt.
1521 630 1596 676 Ex
1637 626 1713 676 his
1757 645 1902 691 quae·
1923 642 1980 677 10

151 713 267 760 dam
318 710 559 776 simplicia
607 720 858 775 unguenta
906 720 1032 770 sunt,
1079 727 1206 774 quae
1256 728 1313 760 ex
1357 726 1455 758 una
1502 719 1695 758 tantum
1736 710 1900 773 specie

151 792 378 854 existunt,
398 794 531 843 unde
557 802 604 842 et
630 795 704 841 sui
730 791 946 841 nominis
976 794 1190 841 referunt
1225 793 1502 852 odoratum,
1530 801 1583 840 ut
1616 789 1900 839 anetinum:

151 885 223 925 est
272 876 404 924 enim
453 873 698 924 sincerum
748 892 806 925 ex
854 876 966 924 oleo
1025 884 1073 924 et
1120 883 1268 924 aneto
1317 883 1525 923 tantum.
1627 870 1902 935 Conposita

151 967 316 1006 autem
360 966 474 1006 sunt
518 974 644 1020 quae
687 957 908 1020 pluribus
948 948 1177 1007 admixtis
1218 958 1342 1005 fiunt
1362 975 1374 1016 ,·
1421 957 1555 1006 unde
1599 962 1647 1004 et
1686 952 1902 1003 nominis

79 1057 127 1090 10
151 1039 223 1089 sui
267 1041 469 1088 odorem
520 1056 622 1088 non
670 1039 869 1099 habent,
922 1038 1037 1103 quia
1085 1037 1428 1088 obtinentibus
1482 1037 1601 1097 aliis,
1653 1053 1780 1100 quae
1822 1036 1903 1084 ad-

151 1119 430 1182 miscentur,
460 1123 701 1171 incertum
735 1123 941 1172 odorem
976 1123 1180 1172 ducunt.
1257 1122 1508 1172 Cerotum.
1581 1117 1900 1170 Calasticum.

151 1204 459 1252 Marciatum.

285 1287 367 1334 DE
406 1301 573 1335 INITIO
614 1288 944 1335 MEDICINAE.
1031 1283 1294 1347 Quaeritur
1337 1301 1364 1332 a
1406 1283 1706 1348 quibusdam
1751 1298 1901 1346 quare
1924 1287 2032 1328 XIII

150 1368 274 1417 inter
294 1377 478 1418 ceteras
498 1368 721 1418 liberales
742 1367 1027 1432 disciplinas
1050 1367 1336 1417 Medicinae
1355 1384 1430 1416 ars
1451 1384 1553 1416 non
1574 1365 1898 1416 contineatur.

79 1467 124 1510 15
152 1452 429 1514 Propterea,
474 1450 589 1514 quia
631 1450 743 1501 illae
792 1450 1060 1515 singulares
1110 1449 1370 1499 continent
1419 1466 1606 1508 causas,
1652 1448 1743 1497 ista
1785 1465 1900 1497 vero

150 1532 389 1581 omnium.
470 1535 601 1582 Nam
650 1543 698 1582 et
746 1532 1135 1582 Grammaticam
1186 1531 1410 1581 medicus
1460 1532 1581 1580 scire
1630 1530 1795 1590 debet,
1847 1539 1899 1578 ut

150 1613 432 1678 intellegere
465 1616 541 1663 vel
579 1631 825 1679 exponere
861 1616 1016 1678 possit
1052 1631 1178 1678 quae
1215 1615 1343 1677 legit.
1420 1612 1652 1662 Similiter
1686 1620 1734 1661 et
1769 1612 1900 1660 Rhe-
1922 1622 1952 1656 2

151 1695 368 1758 toricam‚
405 1706 458 1746 ut
492 1697 746 1746 veracibus
780 1696 1080 1761 argumentis
1112 1698 1270 1746 valeat
1303 1696 1510 1745 definire
1547 1712 1675 1758 quae
1708 1703 1896 1743 tractat.

152 1780 364 1828 Necnon
413 1789 461 1828 et
505 1778 829 1828 Dialecticam
871 1789 1071 1843 propter
1112 1776 1454 1828 infirmitatum
1497 1795 1670 1827 causas
1713 1777 1901 1826 ratione

76 1878 127 1908 20
150 1860 373 1910 adhibita
405 1863 781 1924 perscrutandas
815 1871 963 1925 atque
998 1863 1254 1911 curandas.
1333 1860 1412 1910 Sic
1447 1870 1495 1910 et
1520 1859 1899 1909 Arithmeticam

151 1952 348 2006 propter
373 1960 634 1993 numerum
655 1945 886 1993 horarum
908 1943 958 1992 in
984 1943 1351 1993 accessionibus
1378 1952 1426 1992 et
1450 1942 1665 2007 periodis
1691 1941 1898 1991 dierum.

153 2027 270 2074 Non
317 2027 455 2074 aliter
503 2035 550 2074 et
598 2025 937 2075 Geometriam
988 2035 1187 2090 propter
1235 2025 1495 2088 qualitates
1549 2025 1806 2088 regionum
1855 2033 1903 2073 et
1927 2036 1957 2082 3

151 2108 373 2155 locorum
410 2106 544 2168 situs,
574 2109 623 2155 in
654 2107 834 2171 quibus
868 2110 1046 2157 doceat
1081 2107 1202 2171 quid
1234 2107 1444 2171 quisque
1474 2107 1734 2156 observare
1765 2122 1904 2170 opor-

153 2197 266 2238 teat.
342 2192 492 2238 Porro
530 2189 727 2238 Musica
768 2188 1019 2254 incognita
1056 2189 1122 2238 illi
1161 2207 1261 2239 non
1302 2190 1402 2250 erit,
1444 2207 1559 2239 nam
1598 2191 1753 2238 multa
1791 2197 1904 2238 sunt

79 2299 127 2341 25
154 2286 280 2333 quae
306 2272 356 2318 in
381 2271 537 2335 aegris
563 2271 849 2321 hominibus
883 2289 969 2335 per
995 2274 1122 2321 hanc
1151 2271 1464 2336 disciplinam
1491 2274 1620 2321 facta
1647 2274 1903 2336 leguntur3

154 2351 278 2401 sicut
321 2354 383 2403 de
418 2353 582 2403 David
618 2354 805 2418 legitur,
846 2354 930 2417 qui
967 2354 1031 2404 ab
1074 2353 1246 2418 spiritu
1284 2354 1529 2404 inmundo
1567 2355 1765 2403 Saulem
1802 2363 1904 2402 arte

153 2433 506 2484 modulationis
541 2434 730 2499 eripuit.
804 2436 1128 2500 Asclepiades
1163 2454 1364 2500 quoque
1401 2436 1625 2486 medicus
1663 2435 1905 2499 phreneti-

153 2530 265 2564 cum
315 2518 564 2579 quendam
615 2534 700 2580 per
748 2516 1096 2581 symphoniam
1144 2517 1377 2581 pristinae
1435 2517 1630 2567 sanitati
1678 2517 1901 2567 restituit.

155 2600 412 2648 Postremo
439 2608 486 2647 et
519 2598 892 2648 Astronomiam
926 2609 1098 2648 notam
1134 2600 1354 2661 habebit,
1383 2617 1469 2664 per
1503 2617 1651 2663 quam
1687 2609 1903 2649 contem-
1927 2605 1962 2654 4

209 2741 233 2765 2
264 2741 298 2767 s.
315 2741 382 2767 au.
402 2741 497 2778 gen.
526 2727 582 2769 T:
616 2743 648 2768 s.
669 2742 722 2768 ex
739 2743 836 2780 gen.
858 2729 922 2770 B:
952 2731 1058 2769 sicut
1077 2743 1143 2770 au.
1164 2743 1218 2769 ex
1238 2744 1332 2780 gen.
1359 2730 1406 2769 Cl
1534 2745 1558 2780 3
1589 2732 1738 2770 florum
1755 2744 1837 2770 om.
1858 2731 1906 2769 C1

155 2796 179 2820 a
195 2783 284 2822 hab.
309 2781 448 2822 BCE:
478 2796 561 2823 om.
583 2781 671 2821 KT
765 2785 978 2835 qualitatis
1003 2784 1098 2823 ClT
1230 2800 1254 2835 4
1286 2787 1352 2825 tle.
1383 2799 1540 2837 cypro:
1573 2800 1682 2836 quae
1704 2786 1902 2836 propriae

156 2834 201 2873 K
308 2849 332 2886 5
363 2839 474 2876 unde
495 2851 578 2877 om.
605 2837 651 2875 K
760 2852 781 2888 7
813 2840 926 2878 unde
948 2868 957 2877 .
984 2870 993 2880 .
1020 2871 1027 2879 .
1051 2841 1272 2879 odoratum
1294 2853 1378 2880 om.
1403 2841 1439 2879 T
1545 2843 1570 2879 8
1599 2841 1652 2880 ol.
1671 2846 1839 2879 anetum
1862 2839 1906 2877 Κ

155 2905 181 2940 9
209 2892 383 2931 admixti
403 2890 448 2930 Κ
560 2906 609 2931 10
635 2892 752 2945 quia]
774 2893 845 2942 qui
866 2894 901 2932 C
1011 2907 1054 2933 11
1087 2895 1231 2934 dicunt
1254 2894 1304 2932 C1
1385 2895 1562 2934 cirotum
1588 2893 1687 2934 CJK
1767 2894 1898 2933 clasti-

157 2959 248 2985 cum
270 2943 316 2984 K
439 2960 487 2986 12
507 2948 751 2987 martiacum
765 2947 826 2988 K:
858 2948 1094 2988 martiatum
1113 2948 1193 2987 BC
1317 2951 1366 2988 16
1386 2950 1565 2990 debetur
1578 2949 1657 2990 ,1312
1692 2949 1858 2988 iubetur
1875 2949 1910 2988 C

162 3012 207 3047 17
238 3001 352 3051 leget
372 2999 417 3039 K
536 3015 584 3041 21
619 3015 781 3041 numer.
807 3003 922 3056 hon]
945 3017 1218 3044 numerorum
1239 3002 1280 3041 B
1392 3018 1442 3043 22
1474 3017 1533 3055 pr.
1553 3017 1771 3043 numerum
1793 3005 1902 3054 qual.

165 3053 204 3092 T
304 3055 368 3108 et]
390 3055 459 3095 vel
477 3055 524 3094 K
698 3070 750 3106 23
778 3065 969 3108 oporteat
990 3057 1127 3098 BCT:
1160 3058 1312 3098 debeat
1334 3058 1379 3096 K
1541 3071 1591 3108 25
1622 3059 1752 3110 quae]
1774 3059 1843 3108 qui
1865 3058 1905 3095 Β

160 3122 213 3160 29
243 3108 368 3149 habet
383 3108 429 3147 K
593 3113 901 3167 contemplatur
924 3113 959 3151 C

988 3202 1076 3236 N2
