2176 3424
405 158 408 164 “
453 146 1085 195 ETYMOLOGIARVM
1128 145 1255 191 LIB.
1297 144 1416 191 XII.
1456 142 1502 190 iv

111 282 241 328 enim
269 278 426 327 noctis
453 280 628 340 algore,
658 284 705 325 et
731 275 917 334 merito,
950 273 1065 336 quia
1090 273 1293 335 frigidae
1319 281 1433 320 sunt
1459 279 1703 319 nocturno
1729 287 1851 319 rore.

114 363 170 408 In
197 377 249 409 se
275 361 405 409 enim
439 360 695 408 adducunt
721 372 950 420 vaporem
989 354 1206 418 corporis
1239 352 1386 416 gelidi
1412 362 1575 415 pestes
1606 362 1654 401 et
1680 362 1852 401 natura

103 443 333 504 frigidae3
372 442 506 489 unde
543 449 590 489 et
627 439 790 487 hieme
827 439 877 485 in
915 438 1078 485 nodos
1114 444 1324 498 torpent,
1361 443 1548 483 aestate
1581 436 1850 483 solvuntur.

107 525 234 572 Inde
258 531 331 571 est
357 521 492 585 quod
519 523 638 570 dum
674 520 975 583 quicumque
1012 516 1313 581 serpentium
1346 532 1540 565 veneno
1565 516 1848 580 percutitur,
1874 535 1933 582 41

56 628 80 669 :5
106 605 317 668 primum
350 602 672 667 obstupescit,
707 611 755 651 et
793 609 978 664 postea,
1010 599 1096 647 ubi
1136 601 1188 647 in
1225 598 1310 647 illo
1353 599 1647 647 calefactum
1690 598 1851 661 ipsum

106 686 233 735 virus
277 685 518 744 exarserit,
559 683 722 733 statim
759 681 1015 730 hominem
1055 680 1306 743 extinguit.
1381 680 1648 729 Venenum
1685 688 1852 728 autem

105 768 306 827 dictum,
335 784 395 816 eo
433 767 569 828 quod
599 782 685 828 per
717 781 869 813 venas
896 763 1030 812 vadit
1054 780 1064 821 ;
1103 762 1264 811 infusa
1294 761 1426 811 enim
1459 763 1610 824 pestis
1638 763 1742 810 eius
1768 777 1854 825 per

105 868 253 899 venas
294 849 602 913 vegetatione
641 849 858 909 corporis
896 854 1041 894 aucta
1079 843 1306 894 discurrit
1342 853 1391 893 et
1426 843 1646 892 animam
1689 843 1849 906 exigit.

106 933 254 980 Vnde
283 947 383 979 non
417 946 563 992 posse
598 945 844 977 venenum
883 943 1076 986 nocere,
1114 925 1208 974 nisi
1242 925 1459 974 hominis
1498 925 1710 989 tetigerit
1746 942 1853 974 san—
1875 944 1939 991 42

7 1034 85 1069 110
105 1014 318 1077 guinem.
392 1013 621 1059 Lucanus
651 1010 714 1074 (9,
736 1008 853 1073 614)
874 1026 882 1056 :

310 1093 472 1143 Noxia
509 1092 808 1155 serpentium
847 1101 920 1139 est
957 1090 1180 1139 admixto
1219 1088 1458 1152 sanguine
1495 1088 1659 1151 pestis.

107 1178 270 1226 Omne
295 1185 461 1224 autem
486 1190 731 1222 venenum
754 1172 986 1236 frigidum
1012 1180 1099 1230 est,
1129 1179 1176 1219 et
1207 1172 1323 1219 ideo
1348 1170 1528 1230 anima,
1558 1187 1685 1232 quae
1711 1169 1854 1233 ignea

104 1269 191 1319 est,
219 1259 340 1322 fugit
365 1272 612 1306 venenum
640 1254 883 1317 frigidum.
960 1255 1019 1301 In
1048 1252 1351 1300 naturalibus
1381 1251 1538 1312 bonis,
1561 1269 1688 1314 quae
1708 1251 1854 1300 nobis

106 1350 153 1390 et
187 1338 613 1388 inrationabilibus
647 1336 982 1385 animantibus
1012 1334 1238 1383 videmus
1264 1350 1372 1383 esse
1398 1336 1698 1394 communia,
1727 1334 1853 1383 viva-

10 1426 80 1483 μὴ
105 1423 250 1471 citate
293 1423 508 1484 quadam
552 1436 724 1469 sensus
775 1434 976 1481 serpens
1020 1416 1229 1465 excellit.
1303 1416 1453 1465 Vnde
1496 1425 1544 1465 et
1588 1418 1762 1480 legitur
1802 1419 1852 1465 in
1877 1435 1943 1482 43

105 1503 289 1553 Genesi
309 1507 374 1566 (3,
399 1504 475 1567 1):
519 1504 755 1565 ‘Serpens
785 1510 952 1548 autem
985 1508 1086 1547 erat
1117 1497 1385 1560 sapientior
1410 1498 1643 1546 omnibus
1670 1499 1855 1561 pecori-

105 1586 197 1634 bus
227 1587 411 1634 terrae.⁷
484 1584 618 1632 Dicit
654 1593 821 1631 autem
860 1581 1064 1641 Plinius,
1092 1582 1131 1629 si
1170 1580 1399 1640 creditur,
1440 1582 1575 1642 quod
1612 1584 1852 1645 serpentis

107 1677 253 1729 caput
283 1668 429 1715 etiam
462 1668 501 1714 si
535 1683 648 1713 cum
680 1665 877 1713 duobus
909 1664 1115 1712 evaserit
1150 1661 1328 1725 digitis,
1362 1661 1686 1711 nihilominus
1720 1663 1852 1712 vivit.

107 1749 255 1796 Vnde
280 1757 327 1797 et
352 1756 511 1796 totum
539 1763 715 1809 corpus
742 1745 894 1793 obicit
919 1761 1008 1807 pro
1035 1743 1196 1806 capite
1216 1743 1518 1792 ferientibus.
1594 1745 1857 1808 Anguibus
1881 1768 1950 1815 44

35 1851 85 1879 20
107 1830 343 1879 universis
369 1830 523 1878 hebes
549 1828 680 1877 visus
707 1836 794 1877 est.
869 1830 1003 1875 Raro
1039 1826 1089 1874 in
1119 1827 1381 1874 adversum
1417 1835 1729 1887 contuentur,
1766 1845 1858 1876 nec

105 1915 290 1972 frustra,
320 1928 431 1959 cum
460 1912 628 1960 oculos
654 1927 756 1958 non
788 1909 838 1957 in
872 1911 1033 1957 fronte
1067 1909 1296 1968 habeant,
1326 1909 1415 1956 sed
1440 1908 1491 1956 in
1518 1909 1823 1971 temporibus
1845 1927 1856 1968 ;

105 1996 230 2043 adeo
255 2004 307 2041 ut
333 1994 473 2041 citius
503 1994 707 2040 audiant
738 2008 885 2053 quam
916 1990 1169 2053 aspiciant.
1246 1991 1452 2038 Nullum
1479 2000 1644 2039 autem
1671 1990 1854 2039 animal

105 2076 154 2124 in
180 2085 315 2125 tanta
340 2073 587 2123 celeritate
612 2075 829 2136 linguam
856 2081 1021 2120 movet
1052 2082 1103 2120 ut
1135 2088 1350 2134 serpens,
1379 2073 1507 2120 adeo
1534 2082 1585 2121 ut
1612 2072 1852 2135 triplicem

0 2161 54 2219 tl
104 2161 319 2220 linguam
358 2157 540 2205 habere
576 2155 811 2214 videatur,
851 2171 964 2203 cum
1002 2171 1099 2202 una
1143 2153 1215 2201 sit.
1292 2154 1603 2217 Serpentium
1647 2155 1853 2204 humida
1875 2173 1941 2221 45

27 2256 84 2310 ³55
106 2250 219 2289 sunt
255 2255 472 2302 corpora,
504 2239 631 2286 adeo
667 2247 720 2285 ut
758 2253 954 2299 quaque
991 2244 1122 2294 eunt,
1164 2235 1292 2283 viam
1331 2237 1539 2283 humore
1575 2235 1848 2299 designent.

106 2321 323 2385 Vestigia
342 2322 641 2384 serpentium
661 2320 777 2368 talia
796 2328 909 2366 sunt
929 2327 995 2378 ut,
1019 2334 1132 2366 cum
1154 2317 1368 2380 pedibus
1388 2334 1551 2366 carere
1576 2319 1847 2378 videantur,

106 2404 253 2454 costis
278 2414 445 2452 tamen
475 2411 523 2450 et
554 2417 869 2464 squamarum
900 2399 1089 2448 nisibus
1115 2410 1302 2462 repant,
1326 2416 1448 2462 quas
1474 2417 1502 2448 a
1527 2416 1724 2448 summo
1748 2411 1852 2463 gut-

106 2496 211 2535 ture
251 2501 407 2547 usque
449 2485 511 2532 ad
551 2483 699 2531 imam
743 2484 906 2530 alvum
951 2481 1090 2544 parili
1134 2482 1286 2529 modo
1334 2480 1598 2544 dispositas
1648 2482 1847 2531 habent.

165 2630 181 2654 1
214 2615 355 2664 frigidi
373 2613 451 2653 CK
559 2626 583 2650 2
613 2613 654 2651 in
674 2612 741 2663 se]
761 2613 800 2650 in
818 2611 907 2650 sole
924 2611 1017 2650 alii:
1050 2611 1091 2649 in
1114 2612 1185 2650 die
1205 2611 1281 2649 aliz·
1385 2624 1543 2661 vapore
1558 2611 1602 2650 K
1711 2612 1849 2662 gelide

45 2678 51 2699 -’
110 2671 201 2722 (zze.
225 2674 312 2716 -ae)
343 2669 400 2707 T:
431 2668 547 2718 geliti
569 2668 614 2705 K
774 2666 910 2716 pestis
927 2666 1053 2704 BCK
1217 2671 1368 2704 nature
1397 2666 1434 2705 T
1592 2679 1616 2715 3
1647 2666 1785 2715 frigidi
1807 2667 1853 2705 K

5 2748 11 2763 ;
46 2702 61 2772 5
108 2727 326 2765 solventur
345 2724 391 2762 K
498 2738 522 2773 4
552 2735 648 2761 ven.
671 2722 884 2771 serpentis
907 2719 942 2759 C
1047 2722 1072 2758 6
1102 2720 1179 2759 vir.
1202 2727 1245 2759 et
1267 2733 1334 2759 ex.
1361 2720 1395 2759 C
1501 2722 1526 2758 8
1554 2721 1785 2770 vegitatine
1807 2721 1852 2759 K

0 2798 9 2815 ε
43 2788 46 2796 ’
88 2780 318 2829 -extinguit
338 2779 384 2816 K
557 2790 584 2826 9
613 2777 744 2826 possit
764 2776 810 2814 K
929 2789 1024 2814 ven.
1047 2788 1131 2813 non
1149 2788 1241 2815 noc,
1261 2775 1302 2812 Β
1487 2788 1535 2814 Ιο
1566 2776 1664 2814 Luc.
1690 2789 1771 2814 om.
1799 2775 1847 2813 C¹

115 2849 159 2874 11
190 2839 433 2884 serpentum
458 2831 492 2870 C
598 2831 802 2869 admixtio
822 2830 908 2868 BT
1014 2830 1270 2879 sanguinum
1288 2829 1328 2867 Β
1453 2843 1500 2868 12
1530 2830 1673 2881 ignea]
1695 2829 1849 2879 frigida

111 2888 164 2928 B¹
289 2901 336 2937 14
365 2889 564 2927 videntur
582 2886 622 2924 B
731 2884 810 2924 viv.
836 2891 878 2924 et
899 2885 1102 2935 quaedam
1125 2884 1171 2922 K
1297 2885 1345 2922 16
1372 2885 1488 2936 pec.]
1513 2885 1796 2923 animantibus
1818 2884 1854 2923 C

98 2957 163 2993 ⁷17
193 2943 298 2982 dixit
318 2942 395 2981 CK
410 2957 419 2982 ε
449 2942 557 2981 dicta
580 2945 625 2978 ut
643 2938 723 2979 vid.
742 2938 799 2977 Β1
892 2939 1058 2991 plenius
1071 2938 1157 2976 ΒΚ
1269 2951 1317 2988 19
1346 2939 1536 2978 ferientis
1557 2939 1594 2978 T
1680 2939 1849 2987 Anguis

94 2997 196 3038 -KB
211 2998 277 3048 (ex
295 3010 360 3036 -es
379 3001 426 3035 ut
443 2996 544 3047 vid.)
683 3007 734 3032 22
763 2995 938 3033 audiunt
961 2993 1011 3033 C1
1121 2991 1266 3042 quam]
1287 2995 1398 3043 quod
1419 2992 1513 3030 BC1
1643 3006 1694 3042 24
1725 2993 1847 3032 uvida

98 3051 188 3144 lg:
215 3053 297 3114 uda
309 3051 395 3143 ἒξ
500 3061 551 3099 25
580 3061 828 3099 quacunque
846 3048 881 3087 C
987 3060 1036 3096 27
1069 3053 1221 3097 repent
1238 3047 1282 3086 K
1301 3062 1310 3087 :
1331 3054 1484 3098 repunt
1501 3048 1538 3086 B
1622 3053 1790 3097 guttoro
1807 3049 1851 3087 K

115 3118 139 3143 2
197 3118 286 3156 pan
