2228 3444
94 629 115 668 5

68 1035 117 1063 10

69 1441 114 1481 15

69 1849 120 1878 20

486 140 1119 192 ETYMOLOGIARVM
1162 139 1290 186 LIB.
1331 138 1421 185 VI.
1461 136 1537 183 xix

138 275 472 344 pronuntiatio
492 273 754 338 quaeritur.
810 269 1074 322 Canticum
1095 278 1167 318 est
1183 285 1277 318 vox
1296 269 1541 316 cantantis
1567 266 1616 315 in
1637 267 1888 316 laetitiam.
1928 283 1989 317 10

140 361 365 411 Psalmus
397 366 564 407 autem
599 354 779 407 dicitur
803 351 889 417 qui
913 361 1138 401 cantatur
1162 351 1230 399 ad
1253 349 1557 408 Psalterium,
1585 350 1722 413 quod
1748 366 1890 398 usum
1917 362 1967 396 11

140 458 247 493 esse
267 440 431 490 David
451 439 741 502 prophetam
760 435 810 484 in
827 451 1008 498 magno
1023 431 1256 497 mysterio
1271 431 1436 496 prodit
1461 430 1676 480 historia.
1746 433 1890 481 Haec

140 533 306 573 autem
345 521 447 571 duo
473 520 523 569 in
571 518 871 583 quibusdam
920 516 1228 564 Psalmorum
1277 512 1430 562 titulis
1478 513 1612 561 iuxta
1648 512 1889 562 musicam

142 614 295 655 artem
320 603 598 652 alternatim
623 600 718 651 sibi
741 601 1074 662 adponuntur.
1148 599 1279 646 Nam
1305 594 1555 644 canticum
1590 594 1774 642 Psalmi
1800 605 1886 656 est,
1915 610 1973 644 12

140 704 254 736 cum
274 685 326 734 id
345 685 482 751 quod
497 700 734 748 organum
751 682 1050 739 modulatur,
1067 697 1161 728 vox
1176 687 1349 743 postea
1365 676 1608 726 cantantis
1628 678 1891 739 eloquitur.

139 771 364 819 Psalmus
389 784 505 817 vero
530 764 724 821 cantici,
750 780 864 812 cum
890 764 1028 826 quod
1054 763 1273 811 humana
1297 777 1392 810 vox
1424 756 1778 823 praeloquitur,
1806 775 1882 808 ars

138 852 306 915 organi
333 846 632 898 modulantis
653 845 883 895 imitatur.
957 845 1182 893 Psalmus
1206 852 1373 892 autem
1393 859 1422 891 a
1441 842 1672 905 psalterio
1698 840 1892 900 dicitur,

142 935 276 984 unde
315 949 408 982 nec
445 947 554 979 mos
592 938 664 978 est
705 945 763 978 ex
801 927 898 976 alio
933 943 1081 990 opere
1116 943 1231 975 eum
1262 924 1498 988 conponi.
1570 927 1693 973 Tres
1726 933 1893 972 autem
1917 938 1973 983 13

141 1017 318 1079 gradus
345 1022 458 1064 sunt
484 1012 534 1060 in
569 1012 847 1060 cantando:
885 1008 1071 1073 primus
1101 1006 1419 1066 succentoris,
1448 1008 1696 1056 secundus
1731 1006 1894 1055 incen-

141 1099 271 1157 toris,
289 1096 458 1146 tertius
479 1095 768 1144 accentoris.
841 1091 1132 1154 Diapsalma
1152 1090 1356 1153 quidam
1375 1089 1666 1138 Hebraeum
1686 1088 1891 1137 verbum
1917 1101 1974 1148 14

139 1196 247 1230 esse
281 1180 465 1238 volunt,
497 1194 597 1240 quo
632 1174 933 1239 significatur
968 1189 1161 1236 semper
1179 1191 1192 1233 3
1228 1172 1279 1221 id
1310 1181 1397 1231 est,
1427 1173 1563 1235 quod
1590 1171 1686 1230 illa,
1713 1170 1892 1234 quibus

139 1265 235 1311 hoc
271 1261 612 1324 interponitur,
650 1256 948 1320 sempiterna
986 1272 1094 1304 esse
1133 1256 1444 1304 confirment.
1519 1253 1738 1315 Quidam
1779 1270 1893 1302 vero
1919 1264 1972 1312 15

142 1347 386 1394 Graecum
421 1342 627 1391 verbum
665 1339 960 1397 existimant,
983 1355 1083 1400 quo
1109 1337 1410 1401 significatur
1435 1335 1743 1385 intervallum
1770 1337 1893 1398 psal-

140 1428 273 1476 lendi
292 1445 305 1487 3
340 1434 393 1475 ut
413 1425 603 1488 psalma
620 1421 680 1471 sit
698 1422 835 1484 quod
860 1419 1094 1484 psallitur,
1118 1418 1392 1482 diapsalma
1411 1435 1526 1467 vero
1546 1416 1889 1480 interpositum

140 1508 190 1556 in
228 1508 487 1572 psallendo
525 1504 809 1554 silentium:
847 1512 899 1551 ut
930 1503 1357 1565 quemadmodum
1395 1502 1678 1564 synpsalma
1714 1500 1892 1550 dicitur

140 1591 274 1639 vocis
310 1587 560 1653 copulatio
596 1586 648 1634 in
683 1586 947 1643 cantando,
986 1583 1053 1632 ita
1094 1583 1367 1647 diapsalma
1404 1581 1671 1631 disiunctio
1708 1599 1890 1641 earum,

139 1672 225 1722 ubi
250 1673 494 1735 quaedam
520 1669 712 1732 requies
738 1667 969 1716 distincta
993 1665 1378 1714 continuationis
1403 1663 1690 1713 ostenditur.
1748 1665 1895 1712 Vnde
1921 1664 1979 1710 16

142 1756 263 1804 illud
287 1752 543 1817 probabile
576 1761 662 1811 est,
697 1767 799 1799 non
833 1749 1204 1812 coniungendas
1237 1746 1506 1796 sententias
1535 1745 1586 1793 in
1619 1747 1892 1808 psallendo,

144 1836 230 1885 ubi
255 1836 529 1899 diapsalma
552 1831 839 1895 interposita
863 1829 1006 1879 suerit
1022 1848 1035 1891 3
1072 1829 1187 1893 quia
1212 1829 1326 1878 ideo
1347 1830 1686 1892 interponitur,
1709 1836 1763 1876 ut
1782 1843 1895 1875 con-

143 1918 301 1968 versio
341 1932 577 1967 sensuum
603 1916 680 1963 vel
710 1929 1031 1977 personarum
1066 1928 1173 1961 esse
1207 1920 1487 1960 noscantur.
1564 1913 1797 1973 Hymnus
1824 1918 1895 1958 est
1922 1923 1974 1972 17

143 2000 391 2051 canticum
417 1996 743 2054 laudantium,
771 1997 907 2058 quod
933 1996 996 2044 de
1013 1995 1206 2044 Graeco
1223 1994 1273 2042 in
1291 1993 1521 2042 Latinum
1540 1994 1646 2040 laus
1666 1991 1898 2054 interpre-

144 2093 284 2141 tatur,
311 2099 400 2146 pro
417 2097 477 2130 eo
499 2081 635 2143 quod
656 2078 716 2126 sit
736 2094 934 2126 carmen
954 2075 1166 2125 laetitiae
1187 2084 1235 2125 et
1254 2074 1428 2125 laudis.
1504 2073 1705 2138 Proprie
1730 2083 1894 2122 autem

146 2164 315 2228 hymni
341 2172 454 2212 sunt
480 2162 790 2211 continentes
815 2160 1015 2207 laudem
1045 2157 1154 2206 Dei.
1228 2156 1277 2205 Si
1303 2174 1418 2221 ergo
1438 2158 1498 2205 sit
1522 2158 1628 2205 laus
1649 2165 1696 2205 et
1714 2172 1817 2204 non
1839 2156 1898 2205 sit

102 2272 116 2280 -
148 2246 260 2308 Dei,
286 2262 387 2294 non
411 2253 484 2293 est
509 2245 722 2306 hymnus
743 2261 752 2290 ε
780 2240 819 2289 si
850 2240 910 2289 sit
936 2250 984 2290 et
1007 2242 1113 2289 laus
1140 2248 1187 2289 et
1210 2239 1304 2288 Dei
1326 2241 1448 2299 laus,
1468 2248 1515 2287 et
1535 2255 1635 2287 non
1656 2247 1898 2297 cantetur,

146 2345 246 2377 non
272 2336 346 2377 est
370 2328 594 2390 hymnus
669 2323 719 2372 Si
745 2340 859 2386 ergo
885 2332 934 2371 et
959 2324 1009 2370 in
1033 2323 1232 2371 laudem
1262 2320 1356 2370 Dei
1381 2322 1560 2370 dicitur
1585 2330 1633 2369 et
1658 2329 1895 2378 cantatur,

145 2420 262 2459 tunc
288 2419 361 2459 est
385 2409 611 2472 hymnus.
686 2405 781 2456 Cui
814 2404 1111 2454 contrarium
1146 2414 1220 2452 est
1251 2405 1501 2463 threnum,
1524 2404 1660 2465 quod
1690 2412 1765 2451 est
1797 2419 1895 2451 car·
1918 2412 1972 2457 18

148 2508 261 2541 men
288 2489 492 2540 lamenti
525 2499 572 2538 et
605 2487 804 2537 funeris.
877 2486 1089 2536 Alleluia
1122 2488 1333 2535 duorum
1367 2485 1631 2534 verborum
1664 2484 1894 2548 interpre-
1920 2501 1978 2547 19

146 2573 266 2622 tatio
291 2582 380 2634 est,
405 2573 501 2620 hoc
527 2579 600 2620 est
619 2572 724 2618 laus
751 2569 863 2630 Dei,
880 2578 927 2617 et
947 2579 1019 2618 est
1047 2568 1353 2617 Hebraeum.
1424 2569 1481 2615 Ia
1500 2566 1632 2615 enim
1650 2583 1804 2614 unum
1823 2576 1894 2614 est

208 2716 225 2741 1
258 2701 419 2740 laetitia
441 2700 486 2738 K
596 2713 619 2738 2
649 2700 723 2751 ad]
748 2705 792 2738 ut
816 2699 863 2738 C¹
975 2699 1085 2748 quod
1107 2710 1184 2736 usu
1206 2697 1276 2737 K:
1306 2711 1389 2746 quo
1410 2710 1529 2735 usum
1559 2696 1596 2734 T
1701 2711 1726 2745 4
1759 2703 1897 2734 autem

149 2771 233 2798 om.
259 2755 305 2794 K
414 2767 435 2802 7
468 2755 620 2795 cantici
642 2767 736 2793 cum
759 2753 850 2793 dett.
870 2767 879 2793 :
910 2754 1118 2792 canticum
1139 2751 1295 2791 BKT:
1324 2751 1472 2790 cantici
1495 2751 1530 2790 C
1637 2750 1899 2801 proloquitur

149 2812 190 2850 Β
300 2825 326 2861 9
357 2810 470 2863 mos]
495 2822 574 2849 nos
595 2808 644 2847 C¹
757 2821 807 2847 10
835 2814 979 2857 gratus
1000 2806 1045 2845 K
1154 2819 1216 2857 pr.
1235 2819 1319 2845 sec.
1341 2807 1419 2846 inc.
1437 2818 1551 2846 succ.
1568 2804 1614 2842 K
1719 2803 1896 2854 primus]

151 2866 319 2904 infimus
347 2863 386 2902 T
513 2877 556 2902 11
590 2862 880 2902 hebraicorum
902 2861 947 2899 K
1058 2874 1107 2900 12
1136 2862 1250 2911 quod
1273 2859 1351 2899 CK
1461 2873 1510 2909 13
1540 2860 1839 2908 sempiternam
1865 2858 1900 2895 'l'

155 2934 202 2969 14
235 2920 348 2970 quod
364 2917 452 2957 ΒΚ
528 2930 577 2968 15
595 2917 849 2967 interposito
872 2947 881 2957 .
907 2949 915 2957 .
938 2949 946 2957 .
969 2917 1136 2955 silentio
1154 2914 1200 2952 K
1275 2917 1323 2953 16
1353 2915 1507 2953 dicitur
1519 2919 1614 2965 post
1633 2914 1839 2951 cantando
1857 2911 1903 2950 K

152 2975 252 3026 (non
272 2973 334 3023 A)
454 2986 500 3022 17
530 2985 681 3012 vocum
696 2974 810 3022 Aug.
829 2973 871 3010 in
884 2970 954 3011 Ps.
973 2986 997 3020 4
1082 2983 1224 3009 eorum
1251 2968 1330 3008 CK
1440 2971 1489 3007 18
1519 2968 1755 3007 disiunctae
1775 2967 1893 3018 Aug.

150 3027 468 3067 continuatione
490 3026 537 3064 K
644 3026 768 3065 Vnde
789 3032 832 3065 et
851 3025 921 3065 ille
944 3025 989 3064 C¹
1133 3037 1181 3062 21
1213 3030 1412 3063 noscatur
1432 3023 1512 3061 BC
1631 3034 1683 3070 24
1714 3033 1798 3060 non
1819 3021 1894 3072 sit]

151 3095 236 3122 non
253 3087 319 3121 est
338 3080 384 3119 K
400 3081 503 3132 <non
524 3081 587 3134 Α)
