2176 3424
999 123 1271 171 ISIDORI

267 258 431 297 mant:
487 266 641 312 quum
678 249 810 298 enim
846 250 1224 313 egrediebantur
1253 253 1316 301 de
1353 251 1456 300 ludi
1487 251 1760 314 prostibulo
1798 253 2013 310 iuvenes,

267 332 442 380 horum
469 333 749 381 velamento
783 332 1016 395 tegebant
1041 342 1189 395 caput
1222 342 1270 382 et
1296 332 1471 382 faciem
1495 351 1508 394 ς
1557 333 1672 397 quia
1701 334 1825 383 solet
1850 333 2017 382 erube-

214 435 244 482 3
269 429 404 462 scere
443 412 526 476 qui
575 414 779 476 lupanar
828 413 1091 463 intraverit.
1167 415 1429 477 Galnapes.
1505 416 1678 463 Fulcra
1721 423 1834 464 sunt
1882 431 2018 463 orna-

270 502 438 543 menta
462 495 717 555 lectorum,
746 496 877 544 dicta
902 496 1039 559 quod
1072 494 1121 543 in
1156 495 1231 544 his
1257 496 1497 556 fulcimur,
1526 495 1577 544 id
1608 506 1679 545 est
1705 495 2015 554 sustinemur,

271 577 348 626 vel
385 578 520 640 quod
558 586 691 625 toros
727 578 930 626 fulciant
967 576 1068 625 sive
1105 587 1253 640 caput
1271 595 1284 638 3
1341 594 1468 640 quae
1505 576 1812 626 reclinatoria
1847 579 2019 641 vulgus
2044 596 2064 635 5

217 672 249 719 4
272 660 500 722 appellat.
576 658 846 709 Cervicalia
878 667 1043 708 autem
1083 677 1142 709 eo
1169 661 1304 723 quod
1342 669 1588 723 ponantur
1614 661 1704 709 sub
1731 661 1918 709 cervice
1943 660 2019 707 vel

272 739 456 789 cubito.
529 740 764 789 Pulvillus
806 741 968 790 dictus
1007 758 1036 790 a
1073 741 1310 805 pulvinar,
1352 741 1437 806 qui
1480 751 1552 790 est
1594 741 1800 791 divitum
1849 743 2017 791 lectus.

273 824 497 872 Culcitae
529 832 733 872 vocatae
766 825 903 886 quod
941 825 1205 884 calcentur,
1233 824 1282 873 id
1316 833 1389 873 est
1414 823 1691 885 farciantur,
1718 825 1887 887 pluma
1920 822 2022 872 sive

219 918 249 966 5
271 914 511 965 tomento,
540 922 642 968 quo
668 906 915 955 molliores
942 905 1300 969 calidioresque
1331 905 1440 954 sint.
1512 907 1706 968 Tapeta
1730 905 1861 954 dicta
1885 906 2022 968 quod

272 988 484 1050 pedibus
524 987 739 1051 primum
780 997 1058 1049 strarentur‚
1104 987 1244 1052 quasi
1287 987 1498 1052 tapedia.
1572 987 1705 1050 Sipla
1752 996 1917 1050 tapeta
1965 1003 2024 1036 ex
2051 1003 2099 1030 10

271 1087 370 1117 una
400 1079 535 1133 parte
565 1069 750 1130 villosa,
784 1069 925 1133 quasi
959 1069 1147 1134 simpla.
1222 1069 1525 1133 Amphitapa
1558 1085 1615 1118 ex
1649 1079 1855 1132 utraque
1888 1078 2025 1133 parte

271 1151 443 1200 villosa
468 1161 645 1215 tapeta.
721 1152 940 1202 Lucilius
967 1152 1075 1217 (13)
1097 1173 1105 1201 ε

441 1233 604 1297 Siplae
639 1243 789 1298 atque
826 1234 1099 1298 amphitapi
1137 1234 1261 1282 villis
1300 1233 1584 1297 ingentibus
1622 1233 1812 1281 molles.

211 1323 246 1369 6
273 1316 514 1364 Mantelia
544 1333 676 1366 nunc
715 1334 803 1380 pro
841 1316 1121 1380 operiendis
1156 1315 1338 1365 mensis
1374 1325 1487 1364 sunt
1506 1333 1518 1376 3
1576 1332 1718 1378 quae,
1754 1324 1807 1363 ut
1838 1331 2023 1363 nornen

269 1397 415 1460 ipsud
442 1397 641 1459 indicat,
668 1398 787 1447 olim
813 1398 1061 1463 tergendis
1100 1398 1329 1447 manibus
1355 1397 1733 1462 praebebantur.
1808 1399 2025 1459 Mappae
2054 1417 2098 1456 15

269 1478 482 1527 convivii
517 1490 565 1528 et
595 1481 851 1543 epularum
885 1480 1223 1544 appositarum
1259 1489 1386 1539 sunt,
1416 1478 1555 1542 quasi
1590 1495 1849 1541 manupae,
1876 1487 2026 1540 atque

269 1562 335 1610 ob
374 1560 425 1609 id
465 1561 751 1611 nominatae
774 1581 786 1622 3
837 1563 977 1611 cuius
1023 1562 1373 1612 diminutivum
1419 1562 1628 1624 mapella
1667 1570 1755 1610 est.
1829 1558 2027 1608 Toralia

218 1653 247 1703 7
270 1645 446 1706 longae
483 1653 850 1707 perpetuaeque
884 1661 1110 1708 mappae,
1144 1661 1172 1693 a
1206 1654 1314 1694 toro
1351 1643 1526 1693 dictae.
1601 1643 1853 1692 Sabanum
1880 1643 2027 1692 Grae-

271 1742 385 1774 cum
412 1734 501 1774 est.
574 1725 933 1789 Facietergium
962 1736 1010 1775 et
1037 1725 1381 1789 manitergium
1407 1743 1435 1774 a
1469 1726 1706 1788 tergendo
1743 1723 1918 1773 faciem
1951 1724 2026 1771 vel

275 1824 450 1855 manus
487 1816 734 1856 vocatum.
807 1809 932 1855 Vela
969 1807 1102 1856 dicta
1139 1809 1276 1871 quod
1314 1807 1513 1856 obiectu
1553 1823 1643 1855 suo
1680 1804 1909 1854 interiora
1944 1805 2029 1854 do·
2057 1829 2107 1856 20

222 1892 252 1938 8
277 1905 471 1937 morum
498 1890 675 1938 velent.
737 1892 927 1938 Aulaea
953 1891 1058 1938 vela
1079 1889 1209 1953 picta
1230 1899 1278 1938 et
1303 1887 1506 1952 grandia
1523 1906 1536 1948 3
1573 1903 1700 1950 quae
1720 1886 1834 1936 ideo
1859 1888 2030 1935 aulaea

278 1970 412 2019 dicta
448 1980 561 2019 sunt
598 1972 733 2034 quod
773 1970 986 2034 primum
1025 1971 1074 2019 in
1112 1972 1224 2020 aula
1261 1970 1413 2019 Attali
1447 1968 1572 2033 regis
1608 1968 1770 2029 Asiae,
1809 1967 1889 2018 cui
1925 1984 2031 2017 suc-

220 2061 255 2108 9
280 2052 425 2102 cessit
450 2054 663 2116 populus
691 2055 965 2113 Romanus,
984 2052 1184 2102 inventa
1199 2062 1326 2102 sunt.
1387 2051 1623 2103 Cortinae
1640 2059 1753 2100 sunt
1778 2052 1961 2110 aulaea,
1981 2049 2031 2098 id

338 2197 354 2221 1
388 2184 609 2234 prostibuli
631 2183 712 2224 Bl:
745 2184 999 2234 prostribulo
1029 2183 1066 2221 T
1226 2197 1250 2222 2
1279 2183 1516 2223 velamenta
1536 2181 1578 2220 B
1705 2180 1822 2232 quia]
1843 2193 1968 2230 quam
1990 2177 2036 2217 K

280 2252 305 2289 3
338 2239 572 2289 Gannapes
602 2239 757 2289 T(non
785 2239 838 2288 U)
861 2253 869 2278 :
898 2251 981 2278 om.
1006 2238 1095 2277 KN
1204 2238 1356 2287 Fulgra
1377 2251 1414 2280 s.
1434 2242 1685 2276 ornamento
1710 2235 1745 2274 C
1852 2250 1875 2285 4
1907 2233 2032 2274 susti-

281 2307 373 2333 mur
395 2293 446 2332 C1
567 2305 592 2343 5
622 2294 808 2333 fulceant
836 2293 874 2332 T
1005 2296 1032 2332 6
1060 2298 1244 2343 ponatur
1263 2291 1310 2330 K
1443 2306 1464 2343 7
1496 2292 1633 2331 dictus
1653 2303 1737 2330 om.
1761 2289 1797 2329 C
1944 2289 2033 2339 pul-

280 2348 416 2387 vinari
440 2347 475 2387 C
626 2348 780 2387 lectum
801 2348 847 2386 K
1010 2350 1035 2386 8
1064 2348 1324 2387 farcinantur
1344 2347 1487 2398 pulma
1514 2347 1552 2386 T
1685 2359 1711 2395 9
1741 2349 1930 2384 tumento
1949 2343 2038 2383 RK

281 2402 397 2453 quod
435 2402 472 2441 T
636 2403 960 2453 callidioresque
999 2402 1093 2442 BCl
1271 2407 1371 2441 sunt
1413 2399 1450 2440 T
1619 2401 1809 2451 Tappeta
1839 2397 1928 2438 BN
1933 2396 2012 2437 TU
2026 2413 2035 2437 ε

283 2456 478 2508 Tappida
515 2457 561 2496 K
764 2470 814 2497 10
841 2463 1139 2497 sternerentur
1178 2457 1213 2496 C
1375 2455 1575 2507 tappedia
1612 2454 1722 2494 codd.
1765 2454 1908 2506 (etiam
1951 2453 2008 2505 U)
2027 2466 2036 2491 ε

284 2513 467 2562 tappeda
487 2511 535 2550 N
738 2513 901 2563 Simpla
919 2512 1113 2551 BKTU:
1146 2511 1294 2562 Sippla
1313 2510 1360 2549 N
1554 2516 1731 2560 tappeta
1749 2508 1883 2548 BKU
1901 2522 1910 2546 ε
1936 2513 2037 2559 peta

289 2566 365 2607 Clz
395 2579 529 2617 ceppa
549 2566 595 2605 N
723 2580 767 2606 11
799 2567 1003 2618 Anfitapa
1021 2567 1100 2606 BC
1106 2566 1183 2606 TU
1197 2580 1205 2605 :
1235 2565 1497 2617 Ampitappa
1521 2564 1738 2617 (Amphi-)
1760 2562 1830 2602 K:
1858 2562 2036 2613 Amphi-

286 2628 412 2672 tappa
442 2622 488 2660 N
675 2621 830 2672 Amph.
868 2652 877 2662 .
911 2653 921 2663 .
956 2652 966 2661 .
998 2623 1149 2661 villosa
1183 2622 1331 2660 iterum
1365 2626 1461 2660 ante
1491 2619 1608 2669 Sipla
1638 2624 1783 2669 tapeta
1810 2618 1964 2657 exhibet
1995 2615 2042 2654 K

291 2690 339 2714 12
369 2681 542 2726 tappeta
559 2676 606 2714 N
613 2675 650 2715 T
650 2676 692 2715 U
702 2690 710 2715 :
743 2678 925 2727 tappeda
945 2677 991 2715 K
1140 2689 1188 2725 13
1218 2675 1357 2726 siplex
1376 2675 1423 2713 N
1437 2689 1448 2714 :
1475 2674 1626 2724 simple
1645 2673 1688 2712 P
1705 2687 1714 2712 ε
1742 2673 1851 2722 sipla
1870 2671 1915 2710 D
1936 2672 2038 2724 (non

290 2730 413 2769 EFM
421 2730 501 2769 TU
510 2731 651 2780 Mon.)
812 2733 989 2782 anfitapi
1017 2730 1054 2769 T
1056 2730 1138 2770 [JV
1146 2731 1262 2770 Mon.
1285 2744 1294 2769 ε
1323 2731 1509 2780 anfitapa
1528 2727 1690 2768 BCDE
1703 2744 1711 2768 :
1739 2727 1961 2776 antifitapa
1977 2725 2038 2764 F:

290 2786 564 2836 amphitappa
583 2785 712 2824 KNP
723 2800 730 2826 :
762 2787 948 2836 afitappa
968 2787 1021 2825 M
1091 2790 1095 2793 ”
1223 2784 1344 2825 vellis
1364 2783 1506 2823 KMN
1518 2783 1658 2822 Mon.:
1687 2782 1855 2822 vellium
1875 2779 1917 2818 P
1937 2781 2039 2831 (non

291 2839 418 2879 DEF
420 2840 457 2879 T
457 2840 498 2880 U
501 2843 515 2892 )
695 2842 828 2880 moles
856 2841 895 2880 T
909 2843 1011 2893 (non
1037 2840 1135 2893 UV)
1319 2841 1368 2878 16
1398 2844 1440 2878 et
1458 2852 1543 2879 om.
1569 2838 1604 2877 C
1737 2836 1980 2887 appositura
1999 2834 2040 2872 Β

293 2901 394 2934 sunt
437 2908 547 2944 quae
597 2896 717 2945 quasi
769 2895 815 2934 K
1060 2894 1279 2945 manupiae
1335 2894 1392 2933 C:
1440 2892 1678 2944 manipulae
1729 2890 1774 2929 K
1822 2890 1927 2940 (non
1981 2888 2042 2939 U)

296 2961 343 2998 17
374 2949 584 3000 mappella
602 2950 683 2990 BC
697 2964 706 2989 ε
735 2951 933 3001 mappula
952 2949 998 2989 K
1137 2951 1185 2988 18
1214 2951 1340 2999 longo
1359 2948 1400 2988 Β
1521 2951 1729 2998 perpetue
1752 2946 1855 2998 (om.
1881 2945 1985 2993 que)
2009 2942 2046 2981 T

298 3015 348 3054 19
377 3003 678 3055 Facistergium
699 3004 777 3044 BC
782 3005 841 3044 T:
873 3006 905 3044 F
907 3005 1153 3054 acitergium
1174 3003 1265 3043 dett.
1406 3016 1460 3042 20
1487 3015 1579 3041 voc.
1605 3006 1670 3040 est
1687 2999 1723 3039 C
1848 3011 1897 3036 21
1930 2997 2039 3036 Alea

296 3070 374 3098 vea
394 3058 439 3097 K
546 3058 666 3100 aulae
689 3060 744 3100 di.
766 3059 821 3098 3¹
841 3073 849 3098 :
879 3061 972 3099 vela
992 3060 1045 3100 di.
1076 3058 1126 3098 T:
1157 3071 1222 3100 au.
1244 3058 1380 3098 dictae
1402 3056 1448 3098 K
1555 3067 1607 3107 23
1636 3055 1782 3095 auleae
1802 3051 1848 3091 K
