2176 3424
1052 165 1323 213 ISIDORI

387 301 756 356 nocturnosque
793 292 888 342 ciet
925 310 1096 343 manes
1114 312 1126 355 ς
1175 294 1362 359 mugire
1398 294 1588 345 videbis

385 374 478 423 sub
515 374 725 438 pedibus
762 385 957 436 terram,
994 384 1042 425 et
1078 377 1381 426 descendere
1418 377 1670 426 montibus
1707 380 1881 427 ornos.²

266 467 294 516 7
318 455 455 517 Quid
497 458 653 520 plura,
689 457 729 505 si
771 459 970 507 credere
1013 459 1084 507 fas
1124 467 1213 519 est,
1249 460 1312 507 de
1356 458 1665 522 Pythonissa,
1700 469 1753 509 ut
1794 461 2062 525 prophetae

317 539 557 588 Samuelis
583 539 799 588 animam
827 541 889 589 de
915 539 1091 589 inferni
1124 540 1305 590 abditis
1340 550 1582 602 evocaret,
1607 550 1655 590 et
1687 541 1906 591 vivorum
1933 559 2064 605 prae-

317 630 530 670 sentaret
556 620 937 684 conspectibus3
975 621 1014 670 si
1049 631 1215 671 tamen
1248 622 1465 671 animam
1499 624 1770 687 prophetae
1794 623 1942 674 fuisse
1967 642 2064 674 cre·
2087 637 2110 678 5

316 705 510 762 damus,
542 713 590 752 et
633 720 735 752 non
772 705 988 767 aliquam
1028 706 1469 767 phantasmaticam
1516 704 1813 755 inlusionem
1857 708 2065 758 Satanae

261 787 291 833 8
316 786 507 834 fallacia
526 788 743 834 factam?
805 786 1101 836 Prudentius
1128 804 1328 850 quoque
1349 789 1412 837 de
1435 787 1683 837 Mercurio
1709 789 1778 837 sic
1794 787 1862 836 ait
1882 788 1927 853 (1
1949 806 2059 838 con.

316 869 595 931 Symmach.
617 868 702 935 90)
722 888 729 916 :

517 952 750 999 Traditur
786 951 1023 1000 extinctas
1061 961 1259 1014 sumpto
1297 951 1634 1001 moderamine
1671 950 1830 1015 virgae

519 1034 568 1081 in
606 1036 768 1083 lucem
806 1050 1062 1083 revocasse
1099 1033 1300 1094 animas,
2095 1049 2142 1076 10

521 1125 595 1164 ast
632 1118 753 1165 alios
790 1118 1055 1165 damnasse
1092 1116 1215 1165 neci.

319 1201 382 1247 Et
408 1208 520 1262 post
546 1200 803 1261 paululum
829 1198 1010 1247 adiecit
1032 1218 1039 1246 :

523 1283 779 1329 Murmure
816 1297 932 1329 nam
970 1280 1162 1343 magico
1200 1290 1372 1329 tenues
1410 1279 1567 1329 excire
1605 1281 1794 1343 figuras,

520 1372 670 1426 atque
709 1364 1040 1425 sepulchrales
1079 1363 1199 1411 scite
1237 1361 1487 1410 incantare
1525 1361 1724 1410 favillas.

520 1445 636 1493 Vita
672 1444 844 1494 itidem
882 1444 1091 1508 spoliare
1127 1444 1249 1492 alios
1285 1461 1360 1492 ars
1398 1443 1543 1492 noxia
1579 1443 1727 1492 novit.
2094 1459 2140 1498 15

259 1548 293 1594 9
321 1527 457 1591 Magi
484 1537 610 1587 sunt,
632 1526 716 1590 qui
741 1528 888 1590 vulgo
915 1525 1125 1575 malefici
1146 1526 1211 1575 ob
1238 1525 1510 1574 facinorum
1532 1523 1922 1589 magnitudinem
1949 1540 2067 1571 nun-

318 1619 574 1673 cupantur.
651 1608 722 1656 Hi
758 1618 805 1657 et
839 1610 1086 1657 elementa
1123 1607 1428 1667 concutiunt,
1458 1609 1656 1656 turbant
1691 1615 1881 1655 mentes
1915 1604 2069 1653 horni-

318 1709 453 1751 num,
482 1709 539 1740 ac
583 1690 687 1740 sine
736 1692 837 1739 ullo
885 1689 1063 1739 veneni
1112 1691 1290 1738 haustu
1333 1689 1564 1738 violentia
1608 1698 1798 1737 tantum
1841 1685 2069 1736 carminis

235 1791 294 1826 10
319 1772 620 1822 interimunt.
697 1773 845 1821 Vnde
871 1781 918 1821 et
946 1774 1176 1820 Lucanus
1205 1771 1268 1835 (6,
1290 1770 1441 1836 457):

658 1855 806 1902 Mens
843 1852 1006 1902 hausti
1041 1855 1175 1901 nulla
1211 1853 1345 1901 sanie
1382 1855 1568 1915 polluta
1604 1851 1780 1901 veneni
2096 1867 2145 1896 20

659 1935 911 1983 incantata
947 1936 1085 1999 perit.

325 2018 668 2068 Daemonibus
713 2017 845 2066 enim
894 2017 1069 2066 adcitis
1111 2018 1298 2065 audent
1332 2015 1578 2076 ventilare,
1608 2024 1661 2063 ut
1704 2014 1912 2078 quisque
1956 2031 2069 2061 suos

323 2101 530 2164 perimat
574 2100 714 2149 malis
758 2099 943 2148 artibus
980 2098 1221 2147 inimicos.
1299 2098 1369 2146 Hi
1407 2098 1552 2147 etiam
1598 2095 1833 2159 sanguine
1869 2105 2071 2144 utuntur

253 2200 299 2233 11
325 2193 373 2232 et
397 2182 624 2242 victimis,
654 2191 701 2230 et
739 2199 886 2245 saepe
923 2180 1217 2243 contingunt
1254 2197 1461 2244 corpora
1497 2188 1815 2227 mortuorum.
1890 2179 2072 2226 Necro-

325 2265 498 2313 mantii
546 2274 671 2324 sunt,
726 2279 936 2327 quorum
994 2261 1479 2325 praecantationibus
1527 2260 1754 2309 videntur
1800 2258 2072 2308 resuscitati
2097 2276 2144 2315 25

326 2346 507 2396 mortui
546 2346 778 2403 divinare,
814 2354 861 2394 et
902 2345 967 2392 ad
1008 2343 1301 2408 interrogata
1342 2344 1652 2407 respondere.
1727 2342 1905 2404 Νεκρὸς
1938 2340 2071 2389 enim

329 2431 518 2478 Graece
545 2437 782 2488 mortuus,
807 2427 1000 2491 μαντεία
1025 2425 1263 2475 divinatio
1296 2434 1638 2488 nuncupatur:
1675 2425 1739 2473 ad
1763 2440 1888 2486 quos
1915 2422 2074 2471 scisci-

328 2512 507 2559 tandos
547 2508 772 2559 cadaveri
800 2507 998 2572 sanguis
1022 2507 1244 2557 adicitur.
1321 2509 1450 2556 Nam
1476 2523 1639 2554 amare
1674 2507 1942 2554 daemones
1968 2522 2072 2553 san-

323 2592 527 2656 guinem
553 2591 744 2641 dicitur.
821 2592 1044 2653 Ideoque
1070 2589 1298 2652 quotiens
1325 2587 1662 2638 necromantia
1686 2588 1752 2647 fit,
1779 2604 1921 2636 cruor
1945 2604 2072 2650 aqua

386 2739 409 2763 2
440 2724 732 2775 subpendibus
753 2723 798 2761 K
961 2722 1203 2761 discindere
1231 2720 1268 2759 T
1426 2733 1451 2768 3
1482 2719 1547 2771 ut]
1568 2725 1639 2757 aut
1659 2717 1700 2755 Β
1864 2717 2071 2767 propheta

333 2780 456 2819 ClT:
484 2779 663 2828 profetis
681 2778 723 2816 A
860 2791 884 2827 4
912 2782 1164 2827 presentare
1189 2775 1225 2814 T
1354 2776 1381 2812 6
1409 2774 1786 2824 phantasmaticam
1808 2772 1903 2823 (fa-)
1925 2771 2005 2810 Bc
2010 2771 2070 2809 T:

333 2848 446 2873 -curn
467 2833 513 2871 K
730 2833 983 2871 inlusionem
1007 2831 1085 2870 CK
1099 2846 1108 2870 ι
1139 2843 1211 2869 -ne
1229 2829 1316 2868 BT
1543 2841 1565 2877 7
1595 2828 1759 2867 fallacia
1779 2827 1893 2878 (-tia)
1912 2825 2035 2866 BCK
2040 2826 2077 2864 T

334 2891 443 2928 facta
464 2888 510 2926 K
643 2901 670 2937 9
699 2894 748 2926 tr.
773 2887 840 2927 hic
862 2900 928 2926 ex,
952 2886 1056 2924 KTl
1078 2900 1087 2924 :
1118 2891 1169 2925 tr.
1193 2885 1291 2923 hinc
1312 2896 1378 2922 εκ.
1402 2883 1443 2922 Β
1576 2895 1618 2921 11
1653 2888 1696 2921 at
1718 2881 1768 2920 C1
1904 2881 2008 2919 alias
2027 2880 2074 2918 K

333 2946 603 2983 damnassam
627 2942 678 2981 Tl
793 2954 839 2980 12
860 2941 1033 2992 adiecit]
1051 2940 1110 2979 sic
1125 2940 1183 2979 ait
1198 2939 1232 2978 C
1344 2951 1391 2987 14
1412 2937 1537 2989 scite]
1561 2937 1682 2976 istice
1711 2936 1748 2974 T
1823 2935 1998 2973 fabellas
2020 2934 2069 2973 Cl

338 3010 386 3048 15
415 2999 543 3038 vitam
565 2997 611 3035 K
731 2998 779 3036 18
808 3010 841 3036 s.
865 2996 980 3035 nullo
1002 2996 1099 3034 veni
1122 2994 1170 3034 Cl
1321 3005 1371 3043 19
1400 2993 1494 3031 luca
1511 2992 1554 3030 A
1685 3004 1737 3029 20
1764 2995 1884 3029 austa
1904 2989 2074 3028 ABCK

333 3066 386 3091 22
415 3052 588 3093 adscitis
616 3051 668 3090 Τ2
787 3065 839 3100 23
868 3049 1036 3101 perimit
1053 3049 1109 3088 Β1
1232 3061 1284 3096 24
1313 3045 1538 3086 invictimis
1556 3045 1598 3084 B
1709 3046 1762 3084 26
1790 3044 1902 3083 enim
1921 3057 2006 3084 om.
2026 3043 2073 3081 K

337 3121 387 3158 27
416 3107 669 3147 scissitando
691 3105 757 3144 his
777 3107 868 3144 cad.
891 3104 1108 3155 sanguinis
1137 3102 1174 3141 T
1305 3104 1358 3140 28
1388 3101 1608 3141 cadaveris
1627 3100 1719 3145 dett.
1859 3098 2012 3138 dicitur
2037 3098 2075 3136 T

334 3175 383 3201 cx
403 3175 502 3202 corr.
521 3175 530 3200 :
561 3162 705 3201 dicunt
727 3157 837 3198 BK:
870 3159 1067 3198 dicuntur
1089 3157 1124 3197 C
1285 3169 1337 3207 29
1366 3162 1408 3195 et
1429 3154 1525 3195 ideo
1546 3152 1592 3193 K
