2228 3444
1059 172 1332 220 ISIDORI

314 290 625 341 adsiduitate.
691 295 834 341 Haec
861 303 974 341 sunt
994 293 1126 342 enim
1147 311 1274 357 quae
1300 312 1401 344 non
1428 297 1588 344 solum
1615 295 1664 344 in
1686 306 1890 357 oratore,
1913 300 2000 348 sed
2026 298 2075 347 in

315 390 622 438 unoquoque
649 376 852 424 homine
878 374 1064 425 artifice
1090 386 1426 440 expectantur,
1455 387 1509 427 ut
1534 377 1724 441 aliquid
1749 378 1937 429 efficiat.

230 464 289 506 IV
452 458 535 504 DE
560 472 745 506 TRIBvs
772 473 1069 507 GENERIBVS
1095 474 1388 508 CAVSARVM.
1463 462 1659 509 Genera
1692 478 1948 510 causarum
1986 462 2076 511 tria

312 548 438 597 sunt,
468 538 860 600 deliberativum,
890 541 1348 602 demonstrativum,
1378 541 1620 591 iudiciale.
1684 542 2073 594 Deliberativum

309 637 463 682 genus
485 630 570 682 est,
596 621 647 670 in
663 639 763 686 quo
781 623 843 672 de
864 622 1168 686 quibuslibet
1185 623 1476 673 utilitatibus
1494 626 1634 686 vitae,
1656 624 1775 689 quid
1791 635 1876 675 aut
1892 627 2073 677 debeat
2098 648 2118 688 5

309 712 393 751 aut
418 721 521 752 non
547 704 728 753 debeat
756 704 871 764 fieri,
899 714 1145 754 tractatur.
1209 706 1682 767 Demonstrativum,
1707 707 1757 756 in
1783 724 1884 772 quo
1908 710 2072 759 lauda-

254 798 284 833 2
309 783 420 834 bilis
440 803 650 849 persona
669 797 752 835 aut
773 786 1170 851 reprehensibilis
1187 788 1479 839 ostenditur.
1544 789 1797 851 Iudiciale,
1817 789 1868 838 in
1888 808 1988 855 quo
2008 793 2071 841 de

309 866 460 930 ipsius
487 885 728 931 personae
764 871 893 918 facto
927 879 1011 918 aut
1045 887 1238 933 poenae
1275 880 1359 920 aut
1394 870 1598 935 praemii
1633 872 1878 922 sententia
1911 875 2066 923 datur.

311 949 515 999 Dictum
541 961 708 1000 autem
735 951 964 1001 iudiciale
990 969 1063 1012 eo,
1088 954 1225 1016 quod
1252 952 1437 1002 iudicet
1463 953 1731 1014 hominem,
1755 964 1803 1004 et
1829 955 2070 1004 sententia

311 1049 397 1081 sua
418 1035 649 1082 ostendat
676 1042 841 1082 utrum
867 1034 1130 1084 laudabilis
1158 1035 1377 1098 praemio
1398 1035 1575 1099 dignus
1600 1037 1673 1096 sit,
1696 1046 1781 1086 aut
1805 1047 1936 1086 certe
1960 1055 2070 1086 reus
2100 1058 2147 1085 10

258 1131 288 1177 3
311 1116 634 1164 condemnari
654 1115 948 1180 liberarique
969 1116 1224 1180 supplicio.
1284 1117 1676 1167 Deliberativum
1694 1135 1850 1182 genus
1870 1129 2072 1168 vocatur

312 1213 385 1256 e0,
406 1199 542 1261 quod
560 1199 622 1247 de
639 1215 939 1262 unaquaque
956 1215 1007 1248 re
1024 1199 1075 1247 in
1091 1216 1151 1248 eo
1169 1199 1482 1249 deliberatur.
1536 1202 1701 1249 Huius
1716 1218 1871 1264 genus
1889 1203 2071 1265 duplex

312 1289 398 1340 est,
428 1281 590 1329 suasio
616 1290 663 1329 et
687 1279 943 1342 dissuasio,
973 1282 1024 1330 id
1057 1291 1131 1330 est
1157 1282 1220 1330 de
1255 1283 1534 1345 expetendo
1564 1292 1612 1331 et
1638 1284 1885 1346 fugiendo,
1915 1282 1966 1332 id
1999 1292 2072 1332 est

253 1378 285 1424 4
311 1362 374 1410 de
395 1363 625 1412 faciendo
640 1372 689 1412 et
709 1380 813 1411 non
832 1362 1077 1413 faciendo.
1138 1365 1367 1413 Suasoria
1385 1374 1552 1414 autem
1571 1363 1621 1413 in
1642 1364 1796 1414 tribus
1817 1364 1937 1414 locis
1954 1364 2072 1414 divi-

310 1443 471 1493 ditur:
512 1446 739 1505 honesto,
770 1445 888 1506 utili,
921 1455 969 1495 et
995 1445 1230 1510 possibili.
1308 1449 1453 1495 Haec
1487 1446 1647 1496 differt
1680 1446 1868 1511 aliquid
1900 1464 1930 1495 a
1954 1448 2071 1496 deli·
2096 1467 2143 1507 15

310 1527 541 1588 berativa,
589 1527 704 1590 quia
753 1529 971 1577 suasoria
1020 1538 1130 1592 eget
1176 1530 1379 1578 alteram
1427 1546 1704 1592 personam,
1750 1528 2071 1579 deliberativa

309 1607 558 1658 interdum
590 1618 638 1658 et
662 1612 797 1673 apud
831 1626 882 1659 se
907 1609 1017 1674 agit.
1102 1613 1162 1660 In
1197 1610 1414 1660 suasoria
1444 1620 1610 1660 autem
1637 1613 1765 1661 duae
1799 1620 1912 1660 sunt
1942 1628 2070 1675 quae

252 1696 283 1746 5
310 1689 419 1751 plus
462 1689 626 1737 valent
647 1708 655 1737 :
701 1705 811 1751 spes
850 1698 898 1738 et
941 1698 1114 1739 metus.
1191 1691 1651 1738 Demonstrativum
1688 1689 1893 1751 dictum,
1933 1692 2069 1754 quod

310 1787 716 1834 unamquamque
743 1788 845 1819 rem
879 1781 963 1820 aut
996 1773 1251 1821 laudando
1285 1781 1369 1820 aut
1394 1771 1721 1835 vituperando
1746 1773 2066 1837 demonstrat.

311 1853 465 1914 Quod
496 1869 652 1916 genus
695 1855 819 1902 duas
863 1853 1012 1903 habet
1050 1853 1264 1917 species:
1316 1855 1514 1903 laudem
1549 1864 1596 1903 et
1638 1853 2065 1918 vituperationem.
2095 1877 2146 1904 20

312 1933 496 1984 Laudis
513 1936 637 1984 ordo
653 1934 808 1984 tribus
826 1935 1133 2000 temporibus
1150 1935 1487 2000 distinguitur:
1508 1945 1622 1985 ante
1639 1935 1815 1998 ipsum,
1829 1935 1879 1984 in
1889 1935 2065 2000 ipsum,

248 2027 282 2073 6
310 2026 422 2081 post
448 2016 627 2082 ipsum.
700 2020 833 2067 Ante
859 2017 1035 2082 ipsum,
1066 2028 1118 2067 ut
1144 2017 1299 2084 (Virg.
1319 2020 1445 2067 Aen.
1470 2037 1509 2079 1,
1531 2017 1679 2084 605):

851 2102 995 2162 Quae
1032 2110 1080 2150 te
1118 2110 1219 2150 tam
1257 2102 1386 2151 laeta
1421 2102 1638 2157 tulerunt

1974 2077 1998 2098 Ὀ

442 2183 674 2230 saecula?

309 2265 370 2311 In
396 2262 572 2327 ipsum,
601 2272 654 2311 ut
682 2262 833 2328 (Virg.
854 2266 978 2313 Aen.
1003 2281 1044 2324 1,
1066 2263 1182 2329 597)
1205 2284 1213 2313 :
2093 2285 2142 2325 25

446 2346 492 2394 O
529 2346 634 2394 sola
670 2346 899 2395 infandos
937 2345 1116 2395 Troiae
1153 2345 1382 2395 miserata
1417 2346 1624 2395 labores.

311 2429 429 2475 Post
455 2426 632 2490 ipsum,
662 2437 715 2476 ut
742 2427 894 2492 (Virg.
914 2431 1039 2477 Aen.
1066 2428 1273 2493 1,607):

449 2510 509 2556 In
545 2510 667 2557 freta
703 2511 823 2558 dum
862 2509 995 2559 fluvii
1033 2520 1241 2571 current,
1282 2511 1402 2559 dum
1440 2508 1694 2558 montibus
1730 2508 1935 2559 umbrae

446 2591 738 2651 lustrabunt,

448 2689 642 2736 semper
677 2674 839 2722 honos
876 2690 1164 2737 nomenque
1200 2683 1340 2722 tuum
1378 2675 1650 2738 laudesque
1676 2673 1964 2722 manebunt.
2092 2691 2143 2732 30

371 2806 387 2831 1
421 2793 536 2832 enim
556 2798 655 2832 sunt
684 2793 730 2831 K
891 2806 917 2843 3
949 2794 1065 2833 Modi
1086 2807 1122 2833 c.
1144 2800 1232 2833 tres
1252 2807 1285 2833 s.
1311 2793 1357 2831 K
1518 2806 1543 2844 5
1573 2800 1639 2833 est
1666 2807 1748 2833 om.
1782 2792 1831 2833 C¹
1943 2793 2070 2832 debet

315 2863 350 2888 a.
377 2861 419 2888 n.
444 2848 570 2887 debet
587 2848 634 2886 K
649 2862 658 2886 ε
703 2848 830 2887 debet
845 2863 882 2888 a.
904 2862 947 2890 n.
970 2849 1119 2888 debeat
1138 2849 1180 2886 A
1360 2861 1381 2898 7
1413 2848 1456 2887 in
1477 2862 1559 2898 quo
1581 2850 1634 2888 de
1650 2848 1803 2900 ipsius]
1825 2861 1876 2886 eo
1897 2849 2009 2897 quod
2030 2847 2070 2885 ei

315 2904 432 2953 prius
466 2903 536 2941 K:
564 2904 607 2942 in
629 2916 712 2952 quo
735 2903 775 2942 ei
795 2903 914 2954 prius
933 2903 975 2941 A
1174 2905 1200 2942 8
1229 2903 1405 2954 premiis
1425 2909 1536 2943 sent.
1565 2903 1603 2942 T
1789 2916 1816 2952 9
1845 2902 2006 2941 iudices
2025 2901 2074 2940 K

321 2971 364 2996 11
395 2958 622 2997 liberarive
643 2957 756 2997 dett.:
775 2957 1119 3008 deliberaturque
1139 2958 1187 2996 K
1282 2971 1330 2997 12
1350 2971 1602 3008 unaqueque
1632 2957 1670 2996 T
1766 2969 1814 3006 13
1834 2970 1922 2996 sua.
1947 2956 2073 2996 estK

315 3014 369 3052 de
389 3026 471 3053 om.
490 3013 536 3052 K
684 3014 929 3063 expetendo
951 3013 1002 3052 T:
1038 3014 1308 3064 expectando
1320 3012 1455 3051 ΑΒΚ
1469 3027 1478 3052 :
1508 3013 1742 3063 spectando
1759 3010 1795 3050 C
1938 3012 1982 3050 id
2003 3018 2070 3051 est

315 3068 369 3106 de
382 3067 458 3106 fac.
475 3081 557 3107 om.
577 3067 624 3106 K
753 3081 802 3117 14
834 3068 994 3106 divitur
1009 3068 1056 3106 K
1193 3079 1242 3118 15
1273 3067 1537 3118 possessibili
1558 3067 1596 3106 T
1734 3079 1782 3116 17
1812 3066 1888 3106 int.
1908 3067 2019 3116 apud
2038 3066 2074 3105 C

315 3135 362 3160 21
396 3127 494 3161 ante
521 3123 734 3162 hominem
764 3124 807 3162 in
831 3123 1003 3162 homine
1024 3127 1120 3173 post
1141 3122 1355 3162 hominem
1375 3123 1416 3160 Β
1555 3135 1606 3160 22
1635 3121 1750 3162 Ante
1782 3121 1998 3160 hominem
2028 3120 2070 3159 B

314 3188 367 3226 25
397 3177 436 3215 in
467 3177 642 3217 homine
672 3177 714 3215 Β
826 3179 879 3216 26
908 3177 1015 3217 troia
1036 3177 1083 3215 K
1191 3189 1242 3227 27
1273 3182 1370 3229 post
1390 3176 1605 3217 hominem
1633 3177 1672 3215 Β
1782 3177 1835 3215 28
1865 3176 2011 3215 umbra
2037 3173 2076 3214 T
