2228 3444
509 123 1140 172 ETYMOLOGIARVM
1183 124 1310 171 LIB.
1354 124 1472 170 VII.
1513 122 1526 170 i

140 255 369 304 efficiunt.
446 253 637 302 Dicitur
659 262 825 302 autem
863 252 1136 312 ineffabilis,
1165 270 1266 301 non
1301 252 1416 315 quia
1450 252 1547 301 dici
1582 270 1683 302 non
1709 264 1885 318 potest,

139 339 225 386 sed
252 337 367 401 quia
392 336 515 385 finiri
541 352 688 385 sensu
713 344 761 385 et
782 335 1033 384 intellectu
1060 336 1279 384 humano
1305 336 1584 384 nullatenus
1610 345 1773 399 potest
1791 356 1805 398 3
1841 348 1889 388 et

140 419 268 478 ideo,
297 418 410 482 quia
435 420 498 468 de
527 435 587 468 eo
618 417 740 466 nihil
771 417 918 481 digne
951 416 1049 466 dici
1080 426 1258 481 potest,
1287 416 1547 466 ineffabilis
1580 427 1668 467 est.
1746 419 1888 469 Deci-
1912 439 1966 489 17

141 517 278 549 mum
303 500 500 559 Saddai,
527 500 578 549 id
603 508 688 559 est,
718 498 1048 562 omnipotens.
1132 501 1352 547 Vocatus
1377 508 1543 548 autem
1570 500 1888 564 omnipotens

98 603 119 644 5
142 599 202 631 eo
246 583 381 645 quod
424 583 591 630 omnia
632 589 808 644 potest,
837 581 926 629 sed
958 596 987 627 a
1018 579 1248 629 faciendo
1281 582 1417 643 quod
1457 583 1573 642 vult,
1611 599 1713 630 non
1746 600 1774 631 a
1810 600 1890 647 pa-

139 665 311 713 tiendo
337 665 473 727 quod
500 680 600 712 non
626 664 742 711 vult.
815 662 966 723 Quod
992 660 1030 709 si
1058 661 1100 710 ei
1125 661 1383 723 accideret,
1412 679 1727 727 nequaquam
1762 674 1890 713 esset

143 746 489 809 omnipoten53
539 744 652 793 facit
695 744 824 793 enim
865 743 1108 807 quidquid
1155 746 1272 804 vult,
1311 753 1358 793 et
1401 743 1517 793 inde
1554 745 1887 809 omnipotens

146 830 272 876 Item
310 827 639 890 omnipotens,
667 826 783 889 quia
818 825 968 890 ipsius
1007 834 1120 874 sunt
1158 826 1325 874 omnia
1362 843 1488 890 quae
1526 827 1711 891 ubique
1746 838 1971 889 sunt318

144 912 276 958 solus
302 909 433 959 enim
459 908 608 957 totius
635 908 807 956 mundi
835 909 984 957 habet
1017 908 1295 973 imperium.
1369 909 1615 958 Dicuntur
1646 920 1813 960 autem
1844 922 1892 961 et

73 1015 123 1045 10
143 991 237 1041 alia
272 993 517 1055 quaedam
554 991 604 1039 in
644 992 810 1039 Deum
848 991 1233 1041 substantialiter
1269 992 1484 1053 nomina,
1514 1002 1566 1041 ut
1604 993 1890 1054 inmortalis,

144 1072 538 1136 incorruptibilis,
590 1072 1023 1133 incommutabilis,
1066 1083 1306 1123 aeternus.
1397 1076 1546 1124 Vnde
1608 1084 1656 1124 et
1718 1076 1893 1125 merito

144 1165 351 1204 cunctae
394 1155 710 1219 praeponitur
747 1164 1010 1204 creaturae.
1087 1156 1383 1215 Immortalis,
1425 1158 1549 1205 sicut
1587 1159 1649 1206 de
1687 1175 1747 1206 eo
1784 1158 1894 1207 scri·
1918 1181 1978 1228 19

143 1248 282 1301 ptum
310 1247 382 1286 est
410 1238 454 1300 (1
476 1237 694 1286 Timoth.
718 1241 761 1298 6,
788 1236 867 1302 16)
890 1257 898 1286 z
940 1240 950 1262 ‘
972 1237 1072 1299 Qui
1099 1240 1231 1286 solus
1258 1239 1408 1287 habet
1434 1238 1862 1289 inmortalitatem'
1885 1263 1892 1290 z

145 1319 259 1383 quia
284 1319 333 1367 in
360 1321 463 1368 eius
498 1329 669 1367 natura
702 1321 837 1368 nulla
869 1328 941 1369 est
975 1320 1313 1369 commutatio.
1388 1322 1518 1368 Nam
1554 1321 1715 1369 omnis
1743 1331 1896 1370 muta-

71 1424 118 1464 15
143 1401 304 1450 bilitas
330 1418 431 1450 non
457 1401 861 1450 inconvenienter
893 1401 1160 1450 mortalitas
1192 1402 1369 1451 dicitur
1386 1421 1398 1463 ;
1435 1405 1711 1452 secundum
1746 1421 1894 1467 quam

144 1491 192 1533 et
216 1484 380 1531 anima
405 1483 583 1532 dicitur
610 1482 746 1543 mori,
775 1500 876 1531 non
911 1483 1027 1546 quia
1060 1483 1110 1531 in
1144 1501 1322 1547 corpus
1347 1486 1424 1533 vel
1458 1486 1510 1532 in
1540 1485 1757 1548 aliquam
1782 1488 1898 1537 alte-

145 1582 245 1613 ram
272 1564 598 1614 substantiam
625 1574 840 1613 mutatur
866 1574 913 1613 et
939 1566 1151 1624 vertitur,
1181 1567 1269 1615 sed
1294 1566 1346 1614 in
1378 1567 1484 1629 ipsa
1510 1583 1597 1615 sua
1622 1567 1898 1616 substantia

145 1646 389 1710 quidquid
438 1646 533 1695 alio
583 1648 735 1696 modo
772 1663 906 1695 nunc
944 1656 1017 1696 est
1054 1656 1137 1695 aut
1187 1647 1291 1707 fuit,
1346 1650 1620 1698 secundum
1667 1650 1716 1699 id
1760 1652 1896 1713 quod

146 1728 332 1777 destitit
362 1745 469 1778 esse
503 1730 639 1791 quod
673 1738 787 1787 erat,
817 1728 1036 1777 mortalis
1062 1729 1233 1792 utique
1263 1731 1650 1793 deprehenditur
1668 1750 1680 1793 3
1716 1749 1774 1780 ac
1813 1749 1899 1795 per

73 1830 122 1856 20
146 1812 241 1858 hoc
272 1811 403 1859 solus
440 1812 578 1860 Deus
613 1811 791 1859 dicitur
824 1810 1110 1870 inmortalis,
1140 1812 1254 1874 quia
1288 1813 1420 1861 solus
1459 1812 1895 1862 incommutabilis,

149 1891 539 1956 Incorruptibilis
563 1894 837 1955 appellatur
872 1892 987 1955 quia
1021 1895 1267 1956 corrumpi
1296 1903 1343 1942 et
1377 1894 1579 1943 dissolvi
1609 1912 1711 1943 non
1736 1905 1899 1959 potest
1921 1909 1990 1945 20

144 1990 237 2023 nec
263 1973 429 2023 dividi.
482 1974 743 2036 Quidquid
770 1974 901 2024 enim
929 1974 1059 2038 capit
1085 1975 1379 2024 divisionem
1400 1986 1448 2024 et
1472 1976 1724 2026 interitum
1751 1977 1896 2041 capit.

149 2057 239 2103 Ille
280 2072 371 2103 nec
414 2054 567 2103 dividi
604 2064 770 2118 potest
807 2072 899 2104 nec
937 2055 1133 2105 interire
1153 2075 1164 2115 3
1223 2056 1339 2106 inde
1388 2058 1772 2122 incorruptibilis
1809 2070 1897 2110 est.

150 2135 580 2185 Incommutabilis
607 2146 679 2185 est
713 2136 828 2199 quia
859 2153 1052 2200 semper
1078 2147 1244 2186 manet
1270 2147 1318 2187 et
1345 2139 1520 2188 mutari
1546 2140 1716 2190 nescit.
1792 2143 1900 2191 Nec
1927 2161 1982 2195 21

74 2239 122 2280 ²5
148 2219 355 2281 proficit,
405 2217 518 2279 quia
566 2219 809 2280 perfectus
859 2228 949 2278 est,
996 2234 1088 2268 nec
1137 2219 1320 2281 deficit,
1368 2223 1483 2283 quia
1531 2232 1758 2272 aeternus
1811 2235 1896 2274 est.

147 2303 391 2348 Aeternus
418 2308 508 2359 est,
533 2299 647 2361 quia
673 2301 776 2348 sine
802 2309 1025 2362 tempore
1051 2309 1138 2348 est.
1212 2302 1328 2349 Non
1363 2302 1495 2351 enim
1530 2305 1680 2353 habet
1705 2304 1898 2354 initium
1923 2321 1990 2355 22

206 2435 222 2459 1
257 2422 468 2460 ineffabile
492 2421 541 2460 Cl
755 2436 779 2460 2
809 2428 951 2473 potest
972 2423 1071 2461 ideo
1094 2424 1192 2472 quia
1214 2424 1304 2475 (qui
1320 2426 1353 2477 ?)
1374 2425 1415 2463 A
1614 2440 1639 2476 3
1670 2427 1740 2479 eo]
1763 2429 1843 2468 deo
1868 2430 1902 2468 C

148 2491 173 2527 4
203 2482 342 2515 autem
363 2490 445 2515 om.
469 2476 513 2513 K
533 2477 636 2526 (non
658 2477 723 2527 A)
867 2488 890 2526 5
920 2478 972 2516 ad
995 2477 1234 2516 faciendum
1266 2510 1273 2517 .
1305 2507 1314 2517 .
1349 2512 1357 2520 .
1390 2481 1443 2518 ad
1465 2480 1710 2529 patiendum
1741 2482 1813 2521 K:
1844 2486 1896 2523 ad

148 2531 384 2570 faciendum
417 2561 425 2570 .
462 2561 471 2570 .
508 2562 516 2571 .
547 2545 570 2570 a
592 2533 792 2581 patiendo
814 2532 854 2569 A
1025 2545 1110 2570 non
1131 2545 1156 2571 a
1172 2538 1258 2583 pat.
1281 2563 1289 2572 .
1315 2564 1322 2572 .
1346 2565 1354 2573 .
1380 2535 1469 2573 vult
1481 2548 1564 2574 om.
1582 2536 1622 2574 Β
1730 2540 1756 2575 6
1784 2540 1897 2587 quod

149 2599 233 2625 non
255 2586 343 2624 vult
363 2598 443 2626 om.
467 2585 559 2623 AK
714 2586 753 2624 ei
773 2587 930 2637 aliquid
951 2588 1173 2626 accederet
1192 2588 1232 2624 A
1421 2602 1442 2637 7
1474 2590 1698 2643 quidquid]
1721 2593 1834 2641 quod
1855 2592 1901 2630 K

155 2644 258 2692 (non
281 2640 343 2690 A)
476 2640 596 2691 inde]
619 2640 715 2678 ideo
737 2640 782 2678 K
799 2642 900 2692 (non
920 2641 984 2692 A)
1097 2643 1122 2679 8
1154 2642 1270 2680 Idem
1292 2642 1338 2680 K
1464 2645 1604 2684 omnia
1623 2659 1707 2685 om.
1736 2646 1771 2685 C
1791 2648 1895 2699 (non

150 2695 214 2746 A)
327 2709 352 2744 9
381 2700 524 2733 autem
545 2708 629 2734 om.
655 2694 701 2732 K
719 2695 821 2747 (non
842 2696 906 2747 A)
1024 2709 1073 2734 10
1103 2696 1144 2734 in
1165 2697 1247 2735 deo
1269 2710 1336 2746 qu.
1363 2697 1408 2735 K
1430 2698 1528 2748 (non
1549 2698 1612 2750 A)
1755 2713 1799 2739 11
1833 2702 1895 2739 in-

151 2749 320 2800 comm.]
343 2749 729 2788 inconsummabilis
757 2749 794 2788 T
954 2763 1002 2800 13
1031 2751 1167 2790 solum
1190 2750 1242 2790 Cl
1458 2766 1506 2803 15
1538 2755 1771 2794 mortalitas
1794 2755 1895 2794 CK:

153 2803 343 2843 mortalis
360 2803 400 2840 Β
410 2803 447 2846 T
578 2803 722 2855 quam]
737 2805 849 2853 quod
866 2804 912 2842 K
924 2805 1026 2857 (non
1042 2806 1104 2855 A)
1276 2808 1326 2845 16
1354 2806 1493 2857 aliqua
1509 2809 1642 2848 altera
1658 2810 1897 2850 substantia

151 2857 197 2895 K
308 2871 354 2907 17
385 2859 462 2897 sed
482 2858 525 2896 in
547 2859 640 2909 ipsa
658 2871 732 2897 sua
753 2859 883 2898 subst.
904 2861 1107 2910 quidquid
1126 2859 1338 2912 (deletum)
1355 2867 1542 2902 mutatur
1563 2869 1605 2902 et
1623 2865 1800 2903 vertitur
1820 2866 1895 2904 sed

152 2912 244 2962 ipsa
258 2925 333 2952 sua
353 2913 588 2953 substantia
607 2913 806 2963 quidquid
826 2914 909 2952 alio
926 2914 971 2952 K
983 2916 1086 2966 <non
1101 2914 1161 2965 A)
1280 2917 1329 2954 18
1356 2916 1483 2956 alium
1504 2919 1628 2957 modo
1650 2917 1692 2955 Β
1801 2919 1894 2971 aut]

152 2979 201 3006 ac
220 2966 413 3007 Schwarz
556 2981 611 3008 20
639 2969 744 3007 deus
762 2969 879 3007 solus
899 2968 945 3006 K
1106 2969 1300 3010 incomm.
1322 2976 1387 3009 est
1406 2971 1452 3009 K
1578 2985 1627 3012 21
1659 2973 1897 3023 appellatur

153 3034 235 3060 om.
250 3020 295 3058 K
305 3023 406 3073 (non
427 3022 491 3074 A)
603 3035 655 3060 22
687 3034 765 3061 nec
782 3022 912 3062 dividi
931 3036 1014 3062 om.
1031 3021 1067 3062 C
1173 3024 1394 3077 quidquid]
1409 3026 1509 3076 quid
1531 3025 1566 3064 C
1568 3027 1579 3052 1
1692 3040 1743 3077 23
1775 3028 1895 3080 inde]

156 3076 267 3114 unde
288 3075 333 3113 K
539 3082 602 3116 est
625 3090 704 3118 om.
732 3075 790 3114 ΚῚ

985 3147 1056 3181 Sa
