2176 3424
1098 110 1369 159 ISIDORI

349 238 539 300 spinae,
569 255 718 301 quarn
746 239 923 288 Graeci
962 241 1081 302 ἱερὸν
1115 243 1284 291 ὀστοῦν
1309 251 1502 304 vocant,
1533 243 1770 306 quoniam
1795 245 2008 308 primum
2035 249 2103 297 in-

354 322 485 368 fante
512 329 760 383 concepto
786 321 1017 380 nascitur,
1041 321 1257 386 ideoque
1283 341 1341 372 ex
1367 323 1530 372 hostia
1549 326 1599 374 id
1626 328 1837 388 primum
1863 345 1891 376 a
1915 330 2101 392 gentili-

260 422 326 470 97
351 401 444 450 bus
471 401 564 451 diis
591 404 690 451 suis
726 403 950 463 dabatur,
979 405 1113 453 unde
1149 414 1196 453 et
1231 422 1365 454 sacra
1400 406 1540 469 spina
1571 406 1760 456 dicitur.
1835 412 2001 459 Renes
2034 412 2101 460 ait

351 486 506 533 Varro
531 484 691 533 dictos
710 486 846 547 quod
873 484 959 532 rivi
985 486 1048 534 ab
1068 486 1143 535 his
1161 487 1366 536 obsceni
1392 488 1611 537 humoris
1639 499 1912 540 nascantur.
1968 495 2097 541 Nam

348 583 504 615 venae
539 576 586 615 et
620 568 869 615 medullae
901 576 1103 617 tenuem
1142 568 1384 632 liquorem
1416 571 1662 619 desudant
1688 570 1738 618 in
1773 571 1983 634 renibus,
2014 574 2098 638 qui
2121 599 2141 638 5

347 647 508 711 liquor
557 665 721 696 rursus
772 666 800 696 a
850 649 1050 699 renibus
1102 653 1263 699 calore
1313 651 1530 701 Venerio
1578 655 1820 702 resolutus
1870 656 2095 706 decurrit.

253 740 322 798 98
350 730 531 778 Lumbi
570 730 635 779 ob
668 730 889 780 libidinis
923 731 1173 780 lasciviam
1205 733 1338 792 dicti,
1378 735 1493 797 quia
1524 736 1572 782 in
1605 734 1715 783 viris
1746 752 1895 785 causa
1928 754 2096 801 corpo-

345 829 455 861 reae
481 812 746 875 voluptatis
774 815 823 860 in
851 813 967 876 ipsis
994 824 1079 875 est,
1101 814 1226 863 sicut
1253 815 1303 863 in
1330 815 1567 865 umbilico
1594 817 1799 867 feminis.
1876 821 2023 869 Vnde
2048 831 2097 870 et

343 896 406 943 ad
435 895 528 943 Iob
568 896 618 942 in
644 895 846 944 exordio
872 896 1112 945 sermonis
1139 898 1326 945 dictum
1355 907 1427 946 est
1453 896 1553 962 (38,
1573 899 1622 962 3)
1649 918 1656 947 :
1700 900 1946 964 ‘Accinge
1970 903 2095 950 sicut

342 975 412 1023 vir
438 976 637 1025 lumbos
664 986 775 1025 tuos
798 979 806 998 '
831 997 838 1025 :
879 988 931 1026 ut
957 977 1006 1025 in
1034 978 1108 1026 his
1137 989 1264 1027 esset
1291 979 1550 1029 resistendi
1576 982 1894 1044 praeparatio,
1917 982 1967 1031 in
1993 986 2095 1047 qui·
2122 1003 2168 1032 10

244 1075 315 1121 99
342 1058 433 1106 bus
474 1057 692 1106 libidinis
734 1068 807 1108 est
851 1059 1029 1108 usitata
1069 1060 1362 1110 dominandi
1406 1062 1613 1111 occasio.
1702 1064 1979 1114 Vmbilicus
2022 1076 2094 1115 est

341 1139 534 1188 medius
561 1142 698 1188 locus
725 1143 958 1204 corporis,
989 1143 1150 1191 dictus
1190 1144 1327 1205 quod
1362 1143 1422 1191 sit
1457 1144 1636 1193 umbus
1663 1145 1869 1194 iliorum.
1945 1148 2092 1197 Vnde

340 1230 387 1269 et
412 1222 568 1270 umbo
597 1224 873 1285 appellatur
899 1226 1037 1272 locus
1065 1224 1114 1271 in
1145 1224 1312 1273 medio
1347 1225 1518 1289 clypei,
1554 1243 1582 1274 a
1615 1243 1714 1289 quo
1744 1229 1941 1290 pendet.
2018 1232 2091 1277 Ex

217 1324 312 1358 100
338 1320 398 1352 eo
424 1303 556 1352 enim
585 1305 744 1352 infans
772 1304 820 1352 in
850 1315 987 1354 utero
1016 1307 1216 1369 pendet,
1247 1324 1303 1355 ex
1330 1324 1390 1355 eo
1417 1309 1565 1356 etiam
1592 1318 1639 1356 et
1657 1307 1878 1357 nutritur.
1942 1309 2085 1358 Ilium

338 1386 529 1434 Graeco
551 1403 779 1435 sermone
799 1390 1116 1451 appellatum,
1141 1390 1277 1451 quod
1296 1388 1364 1438 ibi
1386 1406 1477 1437 nos
1505 1390 1848 1439 obvolvamus.
1901 1392 2088 1441 Graece
2116 1413 2160 1452 15

230 1483 313 1519 101
337 1469 469 1516 enim
487 1467 661 1522 †ilios†
681 1469 944 1518 obvolvere
972 1470 1165 1518 dicitur.
1231 1472 1417 1520 Clunes
1439 1466 1656 1532 vocatae,
1678 1474 1813 1535 quod
1835 1472 1930 1521 sint
1956 1473 2088 1523 iuxta

336 1551 516 1610 colum,
546 1551 682 1612 quod
709 1559 781 1598 est
807 1552 999 1614 longao.
1093 1554 1261 1611 Nates,
1293 1555 1428 1615 quod
1458 1553 1507 1601 in
1535 1553 1651 1616 ipsis
1679 1553 1933 1603 innitimur
1958 1555 2085 1604 ‘dum

334 1633 579 1681 sedemus.
654 1634 801 1681 Vnde
833 1642 880 1681 et
915 1634 1214 1696 conglobata
1252 1644 1324 1683 est
1362 1634 1413 1682 in
1447 1634 1516 1683 eis
1551 1653 1678 1696 caro,
1720 1653 1782 1684 ne
1819 1638 2086 1700 prementis

220 1729 310 1764 102
334 1714 551 1777 corporis
579 1715 709 1762 mole
736 1731 847 1762 ossa
872 1716 1112 1764 dolerent.
1187 1715 1439 1765 Genitalia
1466 1716 1684 1779 corporis
1712 1727 1887 1781 partes,
1908 1728 1970 1767 'ut
2004 1737 2086 1769 no-

335 1813 449 1844 men
490 1795 636 1859 ipsud
679 1797 838 1855 docet,
885 1796 1161 1860 gignendae
1204 1797 1387 1846 sobolis
1430 1808 1728 1861 acceperunt
1771 1801 2082 1862 vocabulum,
2112 1821 2162 1848 20

334 1879 470 1940 quod
490 1877 583 1943 ⁸his
610 1888 893 1941 procreatur
929 1887 976 1927 et
1006 1878 1231 1942 gignitur.
1321 1880 1463 1928 Haec
1496 1889 1543 1927 et
1574 1881 1809 1942 pudenda
1839 1898 1926 1944 pro
1958 1900 2085 1932 vere-

332 1959 527 2018 cundia,
558 1961 658 2008 sive
685 1977 713 2007 a
739 1960 901 2023 pube:
931 1962 1066 2009 unde
1091 1971 1139 2009 et
1161 1962 1458 2009 indumento
1479 1961 1782 2024 operiuntur.
1839 1963 2083 2012 Dicuntur

330 2050 497 2090 autem
524 2041 615 2090 ista
642 2051 689 2090 et
714 2041 988 2102 inhonesta,
1020 2044 1135 2105 quia
1165 2059 1267 2091 non
1294 2042 1480 2091 habent
1506 2059 1614 2091 eam
1642 2045 1856 2107 speciem
1892 2045 2082 2094 decoris

214 2139 307 2187 103
332 2122 457 2170 sicut
484 2124 706 2171 membra
723 2140 850 2186 quae
870 2123 920 2172 in
938 2133 1171 2187 promptu
1199 2126 1360 2173 locata
1386 2134 1511 2172 sunt.
1578 2126 1720 2174 Idem
1748 2135 1795 2174 et
1820 2136 2076 2187 veretrum,

331 2204 445 2267 quia
488 2205 575 2252 viri
615 2215 688 2254 est
722 2215 928 2265 tantum,
958 2205 1059 2255 sive
1097 2208 1233 2268 quod
1268 2222 1326 2254 ex
1364 2222 1424 2255 eo
1460 2206 1588 2255 virus
1624 2206 1873 2256 emittitur.
1947 2211 2078 2257 Nam
2106 2227 2152 2267 ²5

212 2300 305 2348 104
330 2285 458 2334 virus
498 2289 692 2350 proprie
736 2286 914 2335 dicitur
953 2289 1131 2336 humor
1174 2289 1332 2336 fluens
1381 2305 1409 2335 a
1452 2297 1624 2336 natura
1666 2288 1766 2337 viri.
1844 2289 2079 2338 Testiculi

329 2386 414 2431 per
451 2367 835 2418 diminutionem
878 2386 905 2417 a
945 2369 1152 2418 testibus
1192 2369 1326 2428 dicti,
1378 2386 1589 2432 quorum
1635 2387 1868 2419 numerus
1908 2370 2079 2435 incipit

386 2512 402 2536 1
436 2504 528 2537 osto
543 2497 742 2537 invocant
756 2498 842 2537 BT
946 2499 1140 2549 primoK
1250 2512 1273 2536 2
1295 2512 1349 2537 ex
1364 2498 1490 2538 Are-v.
1509 2513 1518 2538 ε
1541 2507 1582 2538 et
1596 2498 1781 2539 BCDT:
1803 2514 1880 2551 pro
1897 2500 1943 2539 K
2031 2502 2074 2541 id

328 2567 410 2592 om.
429 2552 476 2590 K
494 2567 502 2591 :
524 2553 565 2592 id
587 2554 708 2592 estD
819 2567 844 2603 3
874 2553 962 2593 suis
983 2553 1097 2604 dab.]
1122 2554 1448 2593 immolabantur
1467 2553 1514 2591 K
1529 2555 1631 2606 (non
1646 2555 1707 2606 D)
1820 2569 1844 2604 4
1874 2556 2074 2595 humores

329 2608 377 2646 K-
465 2614 699 2647 nascuntur
721 2609 755 2648 C
862 2619 887 2657 5
918 2609 1015 2659 qui.
1037 2639 1045 2648 .
1064 2638 1072 2647 .
1093 2621 1181 2648 ren.
1206 2622 1288 2649 om.
1319 2606 1356 2645 T
1460 2620 1480 2656 7
1512 2609 1628 2660 quia]
1651 2610 1762 2658 quod
1783 2610 1862 2650 BC
1947 2611 1990 2650 in
2012 2612 2073 2650 eis

331 2663 536 2702 causaeB
651 2677 700 2702 10
730 2663 941 2714 reparatio
958 2664 998 2701 Β
1114 2675 1160 2701 12
1192 2664 1343 2702 umbus
1363 2663 1489 2701 etiam
1504 2663 1547 2701 D
1662 2677 1710 2714 13
1734 2664 1880 2716 umbo]
1901 2665 2023 2704 ambo
2044 2665 2081 2703 T

329 2731 424 2769 app.
448 2717 613 2757 medius
632 2717 750 2757 locus
770 2719 820 2757 cl.
845 2717 890 2755 K
911 2720 1014 2769 (non
1035 2718 1098 2767 D)
1212 2718 1338 2768 pend.
1361 2724 1402 2756 et
1424 2730 1478 2755 ex
1499 2731 1548 2757 eo
1572 2718 1643 2758 inf.
1668 2719 1709 2757 Β
1848 2732 1895 2768 14
1926 2725 1968 2758 et
1987 2733 2068 2760 om.

330 2772 375 2811 K
394 2774 496 2823 <non
517 2771 578 2824 D)
748 2785 795 2822 15
827 2786 1048 2823 grecorum
1071 2772 1117 2811 K
1225 2772 1442 2811 obolamus
1461 2771 1534 2811 C1:
1566 2773 1828 2812 obvolvimus
1847 2787 1896 2812 ex
1916 2774 2070 2814 -lumus

338 2826 374 2864 T
550 2829 600 2866 16
627 2826 720 2866 ilios
743 2828 871 2878 <-eos)
895 2827 1007 2867 codd.
1035 2829 1098 2878 (cf.
1126 2827 1196 2868 IV.
1219 2840 1276 2866 vr.
1303 2829 1371 2876 14)
1391 2842 1397 2866 :
1433 2827 1580 2867 εἰλύειν
1600 2827 1727 2866 Arev.
1747 2843 1754 2866 :
1787 2827 1980 2867 εἴλίσσειν
2001 2827 2076 2867 alia·

336 2894 379 2931 17
401 2881 510 2933 lon.]
532 2882 686 2932 longae
710 2882 742 2921 C
826 2882 903 2920 Na.
920 2883 1017 2932 quia
1038 2883 1092 2932 ip.
1120 2881 1155 2920 C
1234 2881 1422 2920 initimur
1442 2882 1508 2920 B:
1537 2882 1707 2920 nitimur
1724 2879 1770 2920 K
1878 2884 1927 2921 18
1956 2884 2068 2922 unde

327 2949 408 2977 om.
431 2936 478 2975 K
590 2950 640 2986 19
670 2943 715 2976 ut
735 2949 815 2976 om.
847 2936 922 2976 le
956 2937 1065 2976 unde
1086 2935 1254 2987 K(n0n
1272 2934 1334 2985 D)
1453 2949 1506 2975 20
1533 2937 1735 2986 gignendi
1765 2935 1835 2975 ΤΒ
1944 2950 1993 2976 21
2025 2939 2068 2976 in

326 2991 390 3029 his
419 2990 496 3031 T2:
527 2991 569 3030 in
590 2991 652 3031 eis
672 2992 714 3031 Β
896 3004 947 3029 22
978 2989 1089 3042 sive]
1112 2991 1190 3030 sed
1210 2989 1256 3028 K
1273 2993 1376 3042 (non
1397 2990 1458 3041 D)
1625 3003 1677 3041 23
1713 2991 1829 3042 dem]
1849 2990 2006 3031 coloris
2026 2987 2073 3030 K

323 3056 375 3093 24
406 3045 547 3085 locuta
577 3044 613 3083 T
773 3055 822 3094 25
853 3045 985 3096 quod]
1008 3045 1104 3095 quia
1127 3044 1161 3083 C
1322 3046 1375 3083 26
1404 3043 1580 3084 amorB
