2228 3444
403 163 1039 213 ETYMOLOGIARVM
1081 163 1208 210 LIB.
1250 163 1309 210 V.
1351 161 1602 209 xxx-xxxii

129 296 326 354 cinium,
346 298 714 359 intempestum,
740 292 1057 357 gallicinium.
1084 292 1395 347 matutinum,
1424 292 1712 341 diluculum.
1776 296 1875 341 Ve-
1898 301 1928 349 5

129 395 325 441 sperum
361 378 424 427 ab
463 379 602 426 stella
638 374 933 425 occidentali
970 386 1213 434 vocatum,
1254 391 1381 438 quae
1418 376 1573 423 solem
1608 375 1874 424 occiduum

128 460 361 523 sequitur
389 470 436 509 et
472 460 700 509 tenebras
738 466 1000 521 sequentes
1037 458 1302 521 praecedit.
1377 459 1455 506 De
1492 473 1590 520 qua
1631 456 1875 520 Vergilius

126 540 274 605 (Aen.
300 560 338 602 1,
361 542 508 607 374):

81 646 103 686 5
365 626 498 672 Ante
535 624 668 672 diem
705 624 873 671 clauso
909 621 1146 685 conponit
1184 639 1356 685 vesper
1394 622 1625 685 Olympo.

127 705 382 754 Tenebras
408 715 575 755 autem
611 704 782 765 dictas,
811 705 948 767 quod
982 713 1183 752 teneant
1214 704 1427 752 umbras.
1516 704 1875 766 Crepusculum
1901 703 1950 758 6,
1977 712 2005 761 7

128 797 201 836 est
249 787 402 836 dubia
449 789 543 835 lux.
634 788 764 835 Nam
813 803 1068 850 creperum
1118 786 1327 834 dubium
1378 784 1603 845 dicimus,
1657 787 1753 833 hoc
1803 796 1875 834 est

127 870 252 918 inter
300 871 458 918 lucem
510 878 559 917 et
607 869 848 918 tenebras.
938 867 1276 917 Conticinium
1327 878 1399 916 est
1448 869 1651 930 quando
1700 884 1874 916 omnes
1902 865 1931 911 8

127 953 284 999 silent.
338 950 685 1000 Conticescere
702 952 835 999 enim
857 949 998 999 silere
1019 961 1107 998 est.
1171 952 1536 1013 Intempestum
1558 958 1630 997 est
1651 949 1872 998 medium
1899 959 1933 1006 9

54 1053 103 1082 10
127 1043 174 1081 et
199 1033 511 1081 inactuosum
539 1033 698 1082 noctis
725 1043 934 1095 tempus,
964 1035 1167 1095 quando
1192 1032 1269 1095 agi
1294 1034 1416 1080 nihil
1444 1041 1606 1095 potest
1632 1041 1679 1080 et
1705 1032 1872 1080 omnia

126 1131 302 1177 sopore
328 1116 495 1178 quieta
511 1125 639 1164 sunt.
679 1117 810 1163 Nam
831 1124 1026 1178 tempus
1044 1131 1130 1177 per
1156 1131 1208 1163 se
1224 1131 1326 1162 non
1343 1114 1651 1177 intellegitur,
1675 1114 1767 1162 nisi
1789 1131 1875 1177 per

125 1206 263 1244 actus
284 1198 542 1245 humanos.
585 1197 813 1246 Medium
830 1206 994 1246 autern
1013 1196 1173 1245 1100115
1189 1206 1356 1245 actum
1374 1205 1518 1244 caret.
1560 1196 1875 1259 Ergointem-
1899 1208 1956 1243 10

124 1288 261 1343 pesta
286 1278 554 1340 inactuosa,
575 1281 713 1342 quasi
735 1281 839 1328 sine
865 1290 1100 1343 tempore,
1126 1281 1219 1327 hoc
1246 1289 1318 1327 est
1345 1278 1450 1327 sine
1470 1289 1598 1338 actu,
1621 1295 1706 1341 per
1723 1295 1871 1341 quem

124 1361 397 1409 dinoscitur
413 1370 607 1424 tempus
620 1380 633 1422 3
652 1363 786 1410 unde
804 1371 898 1410 est:
925 1360 1303 1424 ‘Intempestive
1314 1360 1519 1410 venisti!
1559 1360 1873 1423 Ergointem-

52 1462 97 1504 15
124 1453 264 1507 pesta
280 1443 458 1492 dicitur
478 1446 592 1506 quia
610 1454 741 1493 caret
762 1454 997 1507 tempora,
1019 1445 1070 1492 id
1090 1452 1163 1492 est
1178 1453 1358 1492 actum.
1422 1442 1740 1492 Gallicinium
1762 1460 1870 1506 pro-
1896 1452 1941 1486 11

124 1535 230 1588 pter
244 1528 397 1590 gallos
414 1528 536 1574 111015
554 1526 873 1589 praenuntios
891 1525 1094 1574 dictum.
1126 1525 1431 1574 Matutinum
1449 1534 1522 1574 est
1538 1526 1663 1573 inter
1679 1525 1871 1574 absces-
1897 1534 1950 1568 12

125 1624 234 1655 sum
269 1608 582 1657 tenebrarum
620 1618 667 1657 et
701 1624 905 1657 aurorae
937 1609 1206 1657 adventurn
1230 1627 1242 1669 3
1281 1618 1329 1656 01
1355 1607 1543 1656 dictum
1571 1609 1869 1656 matutinum

125 1692 261 1751 quod
279 1691 374 1739 hoc
391 1699 586 1753 tempus
608 1690 875 1738 inchoante
896 1707 1041 1738 mane
1060 1690 1134 1739 sit.
1176 1689 1465 1738 Diluculum
1487 1689 1628 1752 quasi
1645 1689 1870 1737 1311111101-
1895 1704 1948 1750 13

125 1771 265 1834 piens
303 1789 450 1835 parva
482 1771 581 1820 diei
614 1774 709 1820 lux.
784 1775 927 1821 Haec
958 1782 1006 1820 et
1042 1789 1229 1832 aurora,
1259 1788 1386 1835 quae
1421 1773 1576 1821 solem
1603 1772 1867 1835 praecedit.

49 1873 100 1900 20
128 1854 216 1901 Est
241 1863 405 1902 autem
433 1871 607 1902 aurora
624 1855 720 1903 diei
748 1854 1059 1902 clarescentis
1086 1855 1340 1902 exordium
1360 1864 1408 1903 et
1426 1855 1611 1916 primus
1638 1855 1871 1917 splendor
1896 1867 1952 1914 14

124 1936 262 1995 aeris,
275 1936 558 1998 quiGraece
575 1939 665 1999 ἠὼς
680 1936 860 1985 dicitur
871 1955 884 1997 3
904 1953 1053 1999 quam
1072 1954 1161 1985 nos
1176 1953 1263 1998 per
1272 1936 1627 1985 derivationem
1645 1952 1869 1984 auroram

125 2033 372 2077 vocamus,
401 2018 540 2080 quasi
568 2034 804 2067 eororam.
878 2020 1027 2066 Vnde
1052 2028 1125 2066 est
1151 2018 1271 2066 illud
1297 2016 1451 2081 (Virg.
1472 2021 1596 2066 Aen.
1621 2035 1660 2077 2,
1683 2017 1802 2081 417)
1826 2038 1833 2065 ε

799 2107 846 2146 01
882 2100 1038 2146 laetus
1078 2101 1212 2147 Eoos

662 2182 822 2228 Eurus
867 2181 1018 2242 equis.

49 2281 98 2322 25
124 2271 171 2311 et
199 2261 352 2325 (Virg.
372 2265 494 2311 Aen.
522 2280 560 2323 1,
580 2261 699 2326 489)
722 2282 730 2311 :

819 2346 1052 2407 ansque
1094 2345 1237 2393 acies.

260 2429 341 2474 DE
381 2441 724 2475 HEBDOMADA.
802 2427 1142 2475 Hebdomada
1186 2426 1318 2474 dicta
1361 2443 1389 2474 a
1433 2442 1640 2475 numero
1678 2435 1867 2490 septem
1893 2435 2066 2477 XXXII

123 2507 327 2568 dierum,
358 2524 568 2571 quorum
596 2508 887 2572 repetitione
913 2518 960 2556 et
987 2525 1181 2558 menses
1208 2518 1255 2557 et
1280 2508 1396 2556 anni
1431 2518 1478 2557 et
1513 2511 1707 2558 saecula
1737 2525 1869 2572 pera-

176 2651 200 2675 2
230 2638 358 2689 quae]
381 2638 494 2687 quod
514 2639 554 2677 Β
663 2652 688 2689 3
718 2645 952 2689 sequuntur
971 2639 1012 2676 Β
1123 2652 1146 2688 5
1179 2639 1366 2679 01311511111
1387 2638 1433 2676 K
1515 2645 1731 2690 conponet
1758 2639 1868 2691 Viag.

121 2694 178 2744 (et
189 2692 290 2733 Isid.
306 2693 336 2744 2)
473 2695 493 2739 ξ
518 2706 538 2742 7
562 2698 655 2732 ante
675 2700 693 2742 ξ
713 2693 875 2743 5BTD
895 2695 951 2747 (et
968 2693 1090 2745 Isid.)
1247 2695 1273 2733 8
1305 2695 1443 2733 omnia
1464 2696 1498 2734 C
1650 2708 1677 2744 9
1705 2695 1801 2734 silet
1821 2694 1870 2732 Cl

126 2760 174 2786 10
205 2760 242 2786 o.
262 2760 414 2797 sapore
433 2747 512 2787 C1:
541 2749 654 2787 omni
676 2762 806 2798 opere
826 2749 868 2786 A
997 2761 1039 2786 11
1072 2749 1153 2787 nisi
1176 2755 1256 2788 act.
1278 2748 1336 2787 Β1
1453 2762 1498 2786 12
1531 2756 1645 2788 caret
1667 2755 1804 2788 actum
1826 2748 1872 2786 K

123 2803 226 2852 (non
248 2802 312 2854 A)
403 2803 680 2853 intempestas
703 2804 759 2844 C:
792 2809 1025 2854 tempestas
1045 2803 1085 2841 Β
1199 2816 1246 2852 13
1276 2804 1380 2842 haec
1401 2810 1466 2842 est
1485 2804 1526 2842 Β
1639 2817 1687 2853 14
1718 2805 1867 2842 intem-

123 2857 288 2905 pestiva
307 2855 369 2893 K¹
482 2870 584 2907 ergo
603 2889 612 2897 .
641 2888 650 2896 .
675 2889 684 2898 .
709 2863 847 2897 actum
869 2871 952 2898 om.
974 2857 1020 2895 K
1128 2859 1168 2896 in
1189 2864 1444 2908 tempestate
1472 2857 1510 2895 T
1672 2869 1720 2906 15
1750 2857 1865 2907 quia]

123 2923 232 2959 quae
252 2911 294 2949 A
408 2917 602 2962 tempore
622 2912 662 2950 B
803 2912 1050 2952 Gallicinius
1071 2943 1081 2952 .
1107 2943 1116 2952 .
1141 2943 1149 2952 .
1175 2913 1312 2952 dictus
1333 2912 1379 2950 K
1556 2915 1604 2950 16
1635 2919 1700 2951 est
1720 2925 1804 2951 om.
1826 2910 1871 2949 K

124 2977 341 3004 accessum
362 2964 400 3003 T
483 2979 529 3015 17
552 2967 751 3019 aurorae]
765 2967 872 3006 lucis
892 2966 1049 3018 K(n0n
1064 2967 1130 3020 A)
1228 2969 1277 3006 18
1298 2969 1340 3006 in
1354 2981 1438 3018 quo
1454 2974 1554 3006 ante
1570 2966 1605 3004 C
1676 2967 1868 3005 maniscit

126 3017 173 3055 K
319 3033 368 3071 19
397 3021 580 3070 precidit.
606 3020 644 3059 T
798 3034 845 3060 21
877 3022 1024 3074 quam]
1047 3035 1173 3072 quem
1197 3020 1276 3060 CK
1439 3035 1489 3060 22
1519 3035 1584 3070 qu.
1609 3033 1802 3060 eurorum
1826 3019 1871 3058 K

125 3085 314 3165 Ξῧζεοοε
333 3073 431 3167 ΒέἺ
448 3089 585 3167 :Teous
605 3074 710 3115 ΚΤ2
729 3092 738 3116 :
770 3076 858 3116 eois
880 3076 915 3116 C
1057 3089 1108 3127 24
1138 3089 1265 3116 eusus
1289 3076 1338 3115 C1
1486 3087 1537 3124 25
1569 3075 1630 3127 et]
1653 3083 1696 3115 et
1717 3076 1866 3114 iterum

142 3158 152 3164 ,
220 3142 229 3167 :
251 3141 335 3170 om.
400 3129 443 3166 D
