2176 3424
1020 113 1291 163 ISIDORI

282 242 492 307 forpices
519 259 646 306 quae
681 253 794 292 sunt
820 254 1076 292 tonsorum
1099 263 1110 303 3
1147 243 1183 292 si
1221 245 1285 293 ab
1310 245 1618 308 accipiendO,
1647 248 1702 307 C,
1733 255 1784 295 ut
1811 247 2031 311 forcipes,

225 339 258 386 4
283 341 347 375 eo
369 327 506 389 quod
531 326 741 374 formum
769 325 979 388 capiant,
1009 342 1136 389 quae
1162 337 1275 376 sunt
1298 327 1565 376 fabrorum.
1641 331 1679 376 F
1682 345 1874 376 ormum
1901 329 2032 378 enim

282 407 510 458 dixerunt
546 407 736 470 antiqui
774 408 1026 468 calidum3
1077 409 1210 457 unde
1246 417 1294 456 et
1330 410 1588 458 formosus.
1659 411 1915 458 Novacula
1952 407 2033 476 [eo

283 492 419 553 quod
457 489 659 538 innovet
693 488 906 555 faciem}
982 489 1210 539 Pectines
1243 490 1341 541 dici
1379 507 1439 540 eo
1475 493 1612 555 quod
1642 508 1793 555 pexos
1831 493 2032 554 capillos

282 570 464 620 faciant
488 581 637 635 atque
663 571 962 635 conpositos.
1034 572 1381 623 Calamistrum
1408 590 1524 624 acus
1551 582 1622 622 est
1647 590 1774 636 quae
1800 575 2035 622 calefacta
2060 599 2081 637 5

230 666 260 715 5
283 661 331 701 et
357 652 580 702 adhibita
605 652 828 702 calefacit
854 662 901 702 et
921 652 1170 717 intorquet
1190 654 1407 718 capillos.
1480 657 1628 705 Vnde
1654 663 1702 704 et
1721 654 2034 704 calamistrati

282 737 592 798 appellantur
617 737 700 798 qui
728 752 923 784 comam
951 744 1198 800 torquent.
1260 736 1426 787 Clavis
1452 737 1585 787 dicta
1610 739 1745 800 quod
1766 739 1962 786 claudat
1987 747 2035 787 et

283 817 483 882 aperiat.
546 817 863 877 Catenatum,
893 820 1031 881 quod
1057 819 1302 881 capiendo
1327 828 1503 868 teneat.
1580 818 1869 883 Horologia,
1898 821 2034 883 quod

284 899 353 949 ibi
377 901 521 948 horas
547 901 781 963 legamus,
811 900 862 949 id
888 910 961 949 est
996 902 1283 964 colligamus
1303 918 1313 960 ;
1363 911 1437 951 est
1463 901 1594 951 enim
1622 901 1671 949 in
1698 901 1884 950 solariis
1909 902 2037 965 posi-

284 991 405 1042 tum,
433 981 518 1030 ubi
548 998 577 1030 a
602 983 742 1032 clavo
767 999 853 1046 per
885 983 1038 1032 lineas
1064 983 1212 1032 currit
1242 984 1429 1043 umbra,
1459 993 1511 1032 ut
1545 1000 1912 1047 quamcumque
1937 983 2034 1033 diei
2066 1002 2111 1030 ιο

283 1066 454 1112 horam
482 1065 726 1113 ostendat.

154 1157 259 1196 XIV
420 1148 503 1194 DE
526 1161 915 1196 INSTRVMENTIS
934 1161 1179 1196 RVSTICIS.
1230 1150 1276 1195 V
1278 1165 1415 1197 omer
1432 1147 1592 1197 dictus
1610 1149 1746 1211 quod
1765 1147 1812 1196 vi
1827 1149 2033 1196 humum

283 1236 433 1288 eruat,
463 1244 549 1277 seu
574 1227 637 1277 ab
664 1230 944 1278 evomendo
970 1238 1159 1278 terram.
1237 1231 1314 1279 De
1340 1246 1441 1293 quo
1468 1228 1724 1279 Lucretius
1751 1229 1818 1293 (1,
1838 1227 1955 1294 314)
1981 1249 1989 1278 :

1194 1313 1364 1360 Vncus
1399 1313 1541 1360 aratri

554 1393 751 1452 ferreuS,
792 1394 990 1441 occulto
1026 1392 1266 1442 decrescit
1304 1409 1472 1443 vomer
1508 1393 1558 1441 in
1595 1392 1733 1442 arviS.
2063 1407 2108 1447 15

227 1490 258 1525 2
281 1473 541 1537 Sumitque
566 1490 652 1537 per
678 1475 974 1524 detrimenta
990 1476 1243 1539 fulgorem.
1306 1478 1536 1524 Aratrum
1557 1475 1621 1524 ab
1645 1476 1832 1524 arando
1858 1484 2032 1524 terram

283 1566 526 1616 vocatum,
579 1556 719 1619 quasi
766 1556 1065 1606 araterrium.
1143 1557 1285 1606 Buris
1333 1566 1407 1607 est
1456 1566 1828 1606 curvamentum
1876 1555 2032 1616 aratri,

283 1637 472 1687 dictum
500 1637 639 1701 quasi
664 1640 783 1702 βοὸς
808 1640 933 1702 οὐρά,
954 1641 1090 1703 quod
1109 1638 1169 1687 sit
1195 1638 1245 1687 in
1273 1638 1647 1688 similitudinem
1666 1640 1853 1688 caudae
1878 1637 2032 1687 bovis.

284 1722 499 1769 Dentale
526 1729 599 1769 est
636 1720 779 1770 aratri
811 1738 922 1784 pars
956 1721 1113 1784 prima
1131 1740 1144 1783 3
1200 1720 1248 1770 in
1284 1738 1385 1785 quo
1414 1737 1582 1771 vomer
1616 1720 1864 1771 inducitur
1896 1723 2035 1784 quasi

225 1821 255 1868 3
282 1804 420 1852 dens.
493 1802 694 1853 Cultelli
730 1820 758 1851 a
801 1805 991 1852 cultura
1030 1803 1163 1862 dicti,
1204 1820 1264 1852 eo
1307 1805 1442 1866 quod
1480 1821 1537 1852 ex
1574 1803 1691 1866 ipsis
1729 1804 2033 1866 putationem
2063 1819 2111 1846 20

282 1894 469 1934 veteres
510 1884 559 1932 in
599 1885 772 1934 arbore
811 1885 1076 1934 utebantur
1115 1894 1162 1934 et
1205 1884 1316 1944 vite,
1356 1886 1640 1949 priusquam
1682 1886 1830 1933 falces
1871 1894 2035 1934 essent

224 1981 257 2027 4
284 1976 514 2030 repertae.
580 1966 739 2015 Falcis
756 1975 829 2016 est
855 1984 952 2030 qua
977 1968 1176 2017 arbores
1193 1976 1428 2031 putantur
1453 1975 1500 2017 et
1519 1966 1640 2016 vites
1663 1985 1675 2027 3
1712 1966 1844 2015 dicta
1868 1976 2033 2015 autem

285 2049 420 2098 falcis
448 2051 585 2113 quod
611 2048 685 2097 his
718 2049 930 2113 primum
959 2049 1138 2099 milites
1178 2050 1380 2098 herbam
1420 2049 1599 2098 filicem
1635 2049 1859 2098 solebant
1883 2048 2037 2098 absci-

284 2132 413 2180 dere.
487 2132 636 2180 Vnde
662 2140 734 2179 est
760 2130 881 2179 illud
909 2130 1080 2194 (Mart.
1107 2147 1180 2190 14,
1201 2130 1286 2195 34)
1310 2151 1319 2180 :

489 2215 587 2261 Pax
615 2229 705 2269 ,me
742 2221 874 2261 certa
909 2213 1049 2261 ducis
1086 2213 1307 2275 placidos
1344 2211 1560 2261 curvavit
1597 2211 1646 2259 in
1681 2228 1829 2261 usus:
2059 2222 2108 2262 25

555 2293 798 2358 agriculae
834 2311 967 2342 nunc
1004 2311 1129 2354 sum,
1170 2293 1334 2343 militis
1369 2302 1484 2342 ante
1522 2293 1602 2342 fui.

231 2390 261 2437 5
289 2378 588 2425 Falcastrum
639 2393 666 2423 a
707 2375 1028 2425 similitudine
1067 2375 1203 2424 falcis
1251 2385 1512 2425 vocatum:
1570 2385 1643 2424 est
1691 2383 1854 2423 autem
1895 2375 2035 2423 ferra-

344 2520 360 2545 1
395 2506 449 2545 ab
470 2519 552 2547 om.
575 2504 616 2542 Β
719 2518 740 2543 c
762 2505 864 2545 fore.
893 2505 930 2543 T
1055 2519 1079 2543 2
1110 2505 1285 2543 formam
1307 2517 1356 2543 ex
1376 2516 1505 2541 -mum
1525 2508 1572 2542 ut
1590 2503 1671 2544 vid.
1700 2503 1737 2541 T
1833 2502 1972 2552 capiat
1992 2502 2038 2540 K

284 2575 309 2611 3
340 2561 538 2600 dixerunt
558 2559 748 2599 BCTU:
779 2560 971 2599 dicebant
992 2559 1080 2597 ΚΝ
1170 2571 1221 2597 eo
1243 2589 1251 2597 .
1274 2589 1283 2598 .
1312 2590 1319 2598 .
1343 2558 1491 2597 faciem
1511 2559 1606 2598 hab.
1637 2558 1738 2597 TU:
1768 2571 1849 2597 om.
1872 2556 2039 2595 BCKN

285 2630 309 2665 4
342 2615 540 2655 Pectines
563 2614 716 2653 KNT:
747 2615 965 2653 Pectinem
987 2614 1067 2653 BC
1133 2625 1270 2663 pexus
1290 2613 1331 2651 Β
1440 2625 1464 2661 5
1494 2612 1616 2651 faciat
1636 2612 1716 2651 BC
1768 2618 1832 2651 est
1846 2625 1927 2650 om.
1951 2611 2040 2649 KN

288 2676 390 2721 (non
417 2670 476 2721 U)
638 2671 664 2708 6
693 2669 927 2720 intorquet]
950 2669 1172 2718 inquoquit
1193 2668 1294 2720 (-id>
1315 2667 1406 2706 ΚΝ
1426 2667 1527 2719 (non
1554 2667 1610 2718 U)
1765 2679 1785 2715 7
1819 2666 1971 2706 Claves
1991 2666 2034 2704 Κ

291 2738 340 2764 10
369 2725 534 2775 ligneas
558 2722 606 2763 C¹
717 2737 981 2773 quacumque
1002 2723 1048 2761 K
1173 2735 1217 2760 11
1250 2721 1550 2762 ostenditBT1
1563 2725 1609 2760 ut
1627 2721 1707 2761 vid.
1839 2733 1885 2759 12
1915 2721 1955 2760 d.
1972 2726 2036 2759 est

287 2778 372 2830 q.C
519 2779 630 2829 quod
651 2791 698 2817 ex
718 2779 790 2828 qui
803 2779 844 2817 Β
1011 2790 1060 2827 13
1091 2783 1205 2817 terra
1221 2777 1262 2815 Β
1430 2788 1478 2825 15
1507 2776 1666 2816 vomeri
1682 2776 1728 2814 K
1861 2776 1904 2813 in
1924 2775 2036 2813 arvis

286 2847 368 2874 om.
390 2834 437 2873 K
583 2835 633 2872 16
663 2833 897 2883 sumsitque
918 2832 1006 2871 ΒΚ
1160 2844 1206 2880 17
1235 2831 1461 2871 araterium
1482 2831 1568 2869 ΒΚ
1723 2831 1771 2868 18
1800 2830 1909 2879 quod
1931 2829 1978 2868 fit
1997 2829 2038 2867 Β

292 2902 341 2938 19
369 2889 411 2927 in
453 2902 535 2939 qua
573 2887 620 2926 K
773 2901 826 2927 20
855 2888 1117 2938 putationem
1157 2886 1256 2925 CT:
1304 2886 1562 2936 potationem
1601 2884 1641 2923 Β
1661 2899 1670 2923 :
1718 2884 1958 2935 putationes
1995 2884 2040 2922 K

287 2956 335 2982 21
367 2944 455 2983 arb.
476 2950 534 2983 ut.
549 2949 592 2982 et
606 2943 693 2982 vite
712 2942 837 2993 (-tae)
853 2941 931 2980 BC
938 2942 1016 2981 TU
1027 2956 1036 2980 ε
1055 2942 1232 2980 arbores
1247 2946 1290 2979 et
1307 2941 1416 2980 vites
1431 2939 1639 2979 faciebant
1653 2937 1743 2977 ΚΝ
1821 2951 1873 2976 22
1893 2951 2037 2977 asores

291 2997 338 3036 C¹
477 3004 678 3048 potantur
699 2997 740 3035 B
878 3003 1017 3036 autem
1039 3009 1119 3034 om.
1153 2995 1191 3034 Τ
1347 3007 1399 3045 23
1430 3007 1499 3045 qu.
1518 2995 1564 3033 in
1585 2993 1650 3032 his
1679 2993 1716 3031 T
1835 2993 1977 3033 militis
1995 2992 2037 3032 Β

289 3052 452 3092 felicem
473 3053 514 3092 Β
665 3063 717 3102 25
747 3051 937 3091 curbabit
965 3052 1024 3090 T:
1053 3051 1213 3090 curavit
1236 3050 1279 3089 K
1431 3051 1484 3089 26
1513 3049 1668 3088 milites
1687 3047 1774 3086 BT
