2176 3424
1094 129 1367 179 ISIDORI

354 255 587 305 varietate
623 256 850 306 lucentia.
923 260 1123 308 Nomen
1160 258 1311 308 habet
1347 275 1405 308 ex
1447 258 1630 321 patria3
1666 260 1769 308 sola
1811 258 1942 308 enim
1985 275 2099 307 eum

299 358 332 405 4
355 338 558 401 parturit
597 338 756 388 India.
831 339 1068 388 Ponticae
1104 357 1134 388 a
1174 342 1336 389 Ponto
1379 339 1622 401 dicuntur,
1664 357 1841 404 genere
1889 340 2097 401 diverso,

354 437 487 469 nunc
518 420 811 483 sanguineis,
852 439 985 470 nunc
1022 421 1203 471 auratis
1240 421 1389 486 guttis
1420 421 1673 482 micantes,
1702 422 1826 472 aliae
1859 423 2100 472 habentes

301 505 532 571 5stellas,
571 502 695 552 aliae
732 502 890 567 longis
927 505 1149 553 colorum
1187 504 1419 553 ductibus
1456 503 1678 553 lineatae.
1755 503 2102 553 Hexecontali-

354 586 466 633 thos
492 584 541 632 in
567 602 715 648 parva
739 584 1081 649 magnitudine
1103 585 1382 636 multicolor
1404 605 1416 647 3
1453 587 1586 635 unde
1612 594 1660 634 et
1686 586 1782 634 hoc
1802 585 1896 635 sibi
1916 602 2101 634 nomen
2125 605 2147 647 5

319 724 322 731 Ι
352 666 621 730 adoptavit.
695 668 822 715 Tam
859 666 1062 717 diversis
1101 667 1234 717 enim
1271 667 1401 717 notis
1433 685 1629 732 sparsus
1661 676 1734 716 est
1765 676 1817 716 ut
1851 666 2102 731 sexaginta

352 766 658 811 gemmarum
707 751 894 798 colores
943 748 993 796 in
1042 766 1191 813 parvo
1239 749 1463 799 orbiculo
1503 749 1609 799 eius
1650 750 2098 812 deprehendantur.

295 833 330 879 6
356 833 585 880 Nascitur
622 841 789 881 autem
828 831 877 879 in
924 831 1080 894 Libya
1121 832 1254 895 apud
1293 833 1619 894 Trogodytas.
1707 831 1931 880 Murrina
1968 832 2102 894 apud

355 915 561 963 Parthos
593 915 819 978 gignitur,
849 915 936 962 sed
966 915 1229 977 praecipua
1263 912 1313 961 in
1341 913 1618 963 Carmania.
1694 916 1975 962 Humorem
2009 912 2102 962 sub

351 1005 478 1045 terra
502 1005 678 1059 putant
703 998 865 1044 calore
890 997 1152 1045 densatum
1170 1014 1183 1057 3
1220 997 1354 1044 unde
1379 1004 1427 1044 et
1453 1012 1637 1044 nomen
1663 995 1886 1059 sumpsit.
1938 995 2102 1044 Varie-
2128 1013 2176 1040 10

351 1088 424 1127 tas
464 1077 568 1127 eius
608 1077 658 1126 in
702 1095 967 1141 purpuram
1006 1080 1377 1140 candoremque
1419 1087 1467 1126 et
1503 1077 1668 1141 ignem
1705 1095 1819 1127 cum
1856 1079 2101 1141 quosdam

351 1161 574 1208 colorum
601 1176 928 1223 repercussus,
957 1162 1126 1223 quales
1151 1159 1201 1208 in
1227 1159 1426 1209 caelesti
1450 1176 1567 1208 arcu
1592 1169 1888 1224 spectantur.
1945 1159 2100 1210 Cuius

353 1241 595 1291 contraria
621 1259 768 1291 causa
793 1244 1073 1305 crystallum
1099 1242 1227 1302 facit,
1255 1244 1367 1306 gelu
1392 1241 1747 1291 vehementiori
1772 1251 2016 1291 concreto.

220 1341 328 1381 >4111
488 1327 572 1373 DE
609 1339 998 1374 CRYSTALLINIS.
1073 1326 1342 1388 Crystallus
1403 1326 1724 1388 resplendens
1781 1333 1830 1373 et
1884 1340 2100 1387 aquosus

351 1408 529 1455 colore.
603 1406 835 1456 Traditur
860 1408 997 1470 quod
1024 1406 1105 1454 nix
1138 1406 1198 1455 sit
1231 1405 1385 1470 glacie
1420 1407 1594 1456 durata
1625 1423 1711 1469 per
1739 1422 1897 1454 annos
1919 1424 1931 1466 3
1968 1407 2102 1454 unde
2130 1428 2176 1469 15

350 1498 398 1537 et
414 1506 599 1538 nomen
621 1489 666 1538 ei
684 1488 861 1539 Graeci
879 1490 1140 1538 dederunt.
1215 1488 1443 1552 Gignitur
1459 1498 1625 1537 autem
1647 1487 1700 1536 in
1715 1487 1835 1536 Asia
1851 1496 1899 1536 et
1920 1488 2098 1551 Cypro,

351 1570 566 1621 maxime
592 1570 1072 1635 inseptentrionum
1099 1570 1322 1634 Alpibus,
1353 1571 1438 1620 ubi
1472 1586 1565 1619 nec
1597 1578 1783 1619 aestate
1817 1570 1890 1619 sol
1919 1571 2102 1618 ferven-

350 1652 567 1702 tissimus
606 1653 852 1703 invenitur
870 1672 883 1714 3
932 1653 1147 1717 ideoque
1189 1652 1296 1716 ipsa
1338 1652 1570 1701 diuturna
1609 1662 1657 1701 et
1695 1668 1885 1700 annosa
1923 1650 2102 1700 duritia

349 1735 512 1785 reddit
553 1737 682 1784 hanc
719 1735 934 1800 speciem
981 1752 1108 1798 quae
1147 1737 1400 1798 crystallus
1434 1734 1625 1785 dicitur.
1702 1733 1803 1783 Hic
1845 1732 2101 1797 oppositus

348 1816 496 1866 radiis
523 1819 639 1866 solis
664 1819 792 1867 adeo
818 1819 941 1880 rapit
966 1818 1218 1866 flammam
1245 1826 1298 1865 ut
1324 1816 1471 1866 aridis
1496 1815 1656 1880 fungis
1683 1818 1758 1865 vel
1784 1815 1911 1864 foliis
1937 1815 2100 1878 ignem
2125 1842 2176 1871 20-

348 1899 594 1961 praebeat.
669 1902 800 1948 Vsus
827 1898 931 1948 eius
966 1898 1115 1948 etiam
1140 1899 1205 1947 ad
1231 1900 1412 1962 pocula
1445 1897 1751 1947 destinatur:
1789 1897 1911 1946 nihil
1934 1906 2100 1946 autem

295 1998 327 2032 2
349 1980 484 2030 aliud
509 1997 659 2045 quam
687 1981 916 2045 frigidum
943 1980 1044 2045 pati
1078 1989 1254 2044 potest.
1327 1982 1584 2029 Adamans
1613 1979 1817 2029 Indicus
1847 1980 1969 2043 lapis
2000 1996 2102 2042 par-

351 2083 439 2114 vus
473 2074 520 2114 et
558 2063 836 2124 indecorus,
865 2063 1196 2126 ferrugineum
1230 2063 1421 2112 habens
1456 2064 1673 2112 colorem
1705 2071 1753 2111 et
1785 2062 2100 2124 splendorem

350 2146 575 2210 crystalli,
603 2163 878 2209 numquam
904 2155 1071 2194 autem
1097 2147 1224 2194 ultra
1261 2143 1655 2208 magnitudinem
1687 2142 1850 2192 nuclei
1875 2142 2102 2191 Avellani

351 2238 585 2292 repertus.
661 2229 762 2276 Hic
788 2226 910 2276 nulli
936 2226 1068 2277 cedit
1094 2228 1341 2286 materiae,
1369 2243 1462 2275 nec
1487 2227 1612 2275 ferro
1638 2225 1841 2290 quidem
1867 2241 1958 2273 nec
1984 2223 2099 2288 igni,
2129 2250 2176 2290 231

351 2328 443 2359 nec
472 2327 706 2373 umquam
733 2308 988 2358 incalescit
1009 2326 1022 2369 3
1060 2310 1194 2358 unde
1213 2317 1262 2358 et
1281 2325 1467 2357 nomen
1492 2307 1895 2372 interpretatione
1913 2308 2101 2356 Graeca

349 2392 592 2441 indomita
616 2391 687 2441 vis
711 2390 922 2455 accepit.
995 2393 1095 2441 Sed
1121 2393 1243 2441 dum
1271 2390 1332 2440 sit
1357 2390 1568 2440 invictus
1602 2390 1711 2440 ferri
1738 2389 1963 2454 ignisque
1986 2406 2103 2438 con-

408 2536 423 2561 1
455 2522 630 2562 licentia
649 2522 705 2561 Β1
833 2521 1004 2561 nomine
1023 2522 1080 2560 Β1
1193 2519 1310 2572 eum]
1332 2534 1382 2560 ea
1403 2519 1449 2558 K
1584 2532 1609 2569 3
1639 2520 1766 2570 guttit
1788 2520 1838 2560 Cl
1962 2519 2042 2558 alia
2067 2517 2105 2557 T

349 2592 373 2627 4
403 2577 538 2617 stillas
558 2575 604 2615 K
811 2576 938 2628 aliae]
959 2577 1038 2615 abe
1063 2576 1101 2615 T
1306 2575 1467 2627 longis]
1489 2575 1613 2614 lanae
1633 2573 1680 2612 K
1884 2574 2040 2613 coloris
2068 2571 2106 2611 T

350 2633 517 2672 dotibus
538 2630 584 2668 K
716 2630 1039 2671 Exocontalitus
1063 2630 1187 2683 (-tos)
1207 2629 1320 2670 codd.
1458 2641 1482 2679 5
1514 2629 1665 2680 parva]
1688 2629 1821 2679 patria
1842 2627 1888 2666 K
2015 2628 2097 2666 hoc

348 2687 447 2738 sibi]
469 2687 510 2726 vi
530 2686 723 2726 vocaboli
742 2685 789 2724 K
803 2700 811 2724 ε
843 2687 924 2725 hoc
944 2686 985 2724 B
1006 2686 1110 2737 (non
1131 2685 1193 2736 D)
1306 2686 1333 2722 6
1362 2697 1537 2734 sparsus
1557 2697 1606 2724 ex
1624 2684 1785 2734 sparsis
1813 2683 1874 2723 T:
1901 2694 2098 2733 sparsum

348 2741 435 2780 ΒΚ
453 2744 508 2792 (et
527 2741 652 2780 Isz·d.3
683 2741 730 2790 cf.
754 2740 886 2780 Solin.
910 2753 976 2792 31,
993 2740 1038 2792 3)
1169 2753 1196 2790 9
1224 2745 1370 2789 partus
1390 2739 1432 2777 Β
1517 2739 1735 2789 germania
1755 2738 1867 2778 codd.
1894 2739 1949 2790 (et
1961 2736 2098 2783 Isid.3)

349 2798 461 2836 hum.
489 2828 498 2836 .
520 2826 529 2836 .
556 2827 564 2835 .
587 2796 704 2834 dens.
729 2808 811 2835 om.
834 2794 881 2833 K
1118 2808 1168 2834 10
1198 2794 1339 2833 colore
1367 2793 1405 2833 T
1422 2794 1526 2845 (non
1552 2793 1651 2844 UV)
1862 2803 1907 2831 11
1940 2791 2040 2840 igne
2058 2791 2100 2830 Β

350 2850 466 2903 cum]
488 2856 531 2890 et
552 2850 662 2889 Plin.
682 2849 739 2890 N.
762 2851 822 2890 H.
846 2863 913 2900 37,
931 2862 983 2888 22
1002 2865 1010 2888 :
1038 2862 1094 2889 an
1116 2851 1232 2889 tum?
1439 2861 1488 2886 12
1518 2853 1798 2898 expectantur
1825 2846 1862 2885 T
2032 2846 2098 2884 cui

349 2906 603 2945 contrariam
623 2917 794 2945 causam
818 2904 856 2943 Κ
1011 2915 1058 2953 15
1089 2904 1231 2943 calore
1255 2901 1307 2942 C1
1417 2902 1569 2953 glaties
1588 2901 1635 2940 K
1783 2914 1833 2952 19
1862 2899 1992 2951 quae]
2015 2913 2099 2950 qua
2172 2904 2176 2905 ⁷

355 2959 393 2999 T
406 2975 417 3000 t
447 2967 492 3000 et
510 2959 557 2998 K
663 2973 715 2999 22
744 2971 867 3009 quam
888 2972 971 3000 om.
993 2958 1045 2998 C¹
1153 2971 1207 3009 24
1235 2957 1454 2997 avallanae
1475 2957 1715 3007 repperitur
1733 2955 1777 2995 K
1887 2956 1941 2994 26
1969 2955 2098 3000 inter·
2173 2975 2176 2989 2

348 3015 630 3065 pretationem
651 3027 821 3064 grecam
840 3013 886 3052 K
1103 3025 1153 3062 27
1184 3013 1281 3052 dum
1301 3011 1379 3063 sit]
1400 3012 1582 3062 sumpsit
1601 3011 1647 3050 K
1836 3009 2011 3059 ignique
2039 3008 2077 3048 T
2082 3023 2097 3049 ι

349 3069 533 3120 igneque
554 3069 611 3108 Β1
2164 3077 2176 3141 4¹
