2176 3424
1093 135 1365 184 ISIDORI

350 282 492 328 agere
519 266 668 314 debet
695 265 787 313 nisi
812 267 876 314 ad
904 267 1041 328 quod
1067 275 1140 313 est
1171 267 1355 314 factum
1376 284 1388 326 ,·
1426 267 1559 314 unde
1593 275 1641 315 et
1678 283 1861 315 nomen
1895 266 2098 330 accepit.

298 362 328 412 5
353 346 712 396 Monasterium
745 347 889 395 unius
922 347 1153 396 monachi
1190 346 1431 396 habitatio
1457 357 1543 397 est.
1618 349 1775 400 Μόνος
1807 350 1939 398 enim
1969 350 2102 412 apud

291 441 326 489 6
352 431 568 479 Graecos
601 431 748 490 solus,
777 452 973 493 στηριον
1007 429 1152 478 statio
1171 448 1183 490 3
1219 429 1270 478 id
1305 440 1377 478 est
1415 429 1615 478 solitarii
1649 430 1906 480 habitatio.
1979 430 2103 481 Coe-

351 511 557 561 nobium
602 529 658 560 ex
698 512 891 561 Graeco
932 521 980 561 et
1015 511 1193 561 Latino
1236 511 1428 561 videtur
1468 529 1574 562 esse
1611 513 1940 577 conpositum.
2014 515 2103 562 Est

349 595 481 642 enim
508 593 845 642 habitaculum
872 595 1197 657 plurimorum
1235 593 1285 641 in
1312 611 1578 643 commune
1612 593 1879 644 viventium
1903 615 1915 657 3
1954 599 2104 646 κοινὸν
2128 612 2149 653 5

296 688 324 736 7
349 676 482 724 enim
510 678 698 725 Graece
723 693 991 725 commune
1017 675 1208 725 dicitur.
1282 676 1480 739 Templi
1513 692 1699 726 nomen
1723 679 1948 740 generale
1966 697 1979 738 3
2014 695 2103 741 pro

347 758 468 806 locis
495 760 627 807 enim
663 757 1063 821 quibuscumque
1094 757 1283 821 magnis
1311 757 1499 821 antiqui
1537 760 1721 822 templa
1755 759 2017 808 dicebant:
2056 770 2103 810 et

346 842 530 904 templa
567 840 698 890 dicta
736 841 876 903 quasi
915 850 1045 890 tecta
1082 841 1261 904 ampla.
1337 841 1435 889 Sed
1472 849 1519 889 et
1556 842 1693 889 locus
1726 840 2008 904 designatus
2038 844 2102 891 ad

344 923 585 972 orientem
611 940 639 971 a
665 923 1088 986 contemplatione
1124 924 1366 986 templum
1403 922 1672 972 dicebatur.
1747 922 1901 973 Cuius
1939 932 2099 986 partes

347 1014 578 1069 quattuor
611 1014 778 1055 erant:
815 1005 980 1056 antica
1013 1007 1077 1055 ad
1108 1015 1286 1064 ortum,
1315 1003 1504 1067 postica
1536 1006 1600 1053 ad
1631 1021 1877 1065 occasum,
1907 1005 2100 1054 sinistra
2126 1022 2176 1053 10

346 1089 410 1137 ad
453 1088 856 1151 septentrionem,
905 1089 1075 1138 dextra
1112 1089 1177 1137 ad
1226 1086 1482 1136 meridiem
1533 1097 1774 1150 spectans.
1862 1089 2009 1137 Vnde
2053 1098 2100 1138 et

346 1171 549 1233 quando
586 1172 827 1234 templum
866 1171 1233 1229 construebant,
1266 1169 1505 1219 orientem
1545 1170 1834 1232 spectabant
1870 1170 2098 1233 aequino-

347 1252 557 1312 ctialem,
578 1251 643 1300 ita
665 1262 716 1301 ut
742 1252 901 1302 lineae
920 1253 984 1302 ab
1005 1262 1114 1301 ortu
1130 1253 1194 1301 ad
1221 1251 1532 1301 occidentem
1550 1251 1726 1300 missae
1747 1254 1919 1301 fierent
1938 1262 2099 1315 partes

348 1334 468 1383 caeli
508 1336 678 1384 dextra
720 1334 913 1384 sinistra
954 1337 1185 1398 aequales
1207 1353 1219 1395 3
1272 1343 1326 1383 ut
1366 1334 1450 1397 qui
1494 1336 1771 1383 consuleret
1810 1344 1958 1397 atque
1997 1352 2100 1399 pre-

295 1416 324 1462 8
348 1425 537 1466 caretur
570 1426 758 1466 rectum
789 1419 1029 1481 aspiceret
1061 1417 1315 1467 orientem.
1391 1419 1525 1465 Fana
1559 1416 1691 1466 dicta
1715 1433 1744 1464 a
1775 1417 1970 1476 Faunis,
2031 1420 2098 1466 ui-
2127 1433 2172 1474 15

347 1499 441 1547 bus
490 1501 673 1563 templa
722 1516 853 1548 error
909 1500 1165 1563 gentilium
1217 1499 1534 1548 construebat
1591 1500 1726 1548 unde
1782 1501 2097 1549 consulentes

289 1590 323 1637 9
347 1582 649 1630 daemonum
668 1597 904 1645 responsa
923 1583 1164 1631 audirent.
1218 1581 1438 1630 Delubra
1457 1590 1643 1630 veteres
1664 1580 1897 1631 dicebant
1914 1583 2098 1646 templa

347 1665 507 1713 fontes
538 1663 785 1723 habentia,
814 1664 994 1728 quibus
1024 1673 1139 1713 ante
1176 1663 1448 1728 ingressum
1484 1663 1798 1712 diluebantur
1815 1681 1828 1724 3
1864 1672 1911 1712 et
1936 1666 2098 1727 appel-

346 1746 431 1794 lari
471 1746 678 1795 delubra
719 1763 747 1794 a
788 1746 1039 1796 diluendo.
1117 1749 1231 1809 Ipsa
1274 1755 1387 1794 sunt
1429 1762 1563 1794 nunc
1605 1747 1752 1794 aedes
1795 1762 1907 1795 curn
1949 1747 2095 1796 sacris

347 1826 580 1887 fontibus,
626 1827 675 1875 in
720 1827 899 1891 quibus
949 1830 1120 1877 fideles
1169 1827 1437 1891 regenerati
1477 1827 1825 1891 purificantur:
1878 1838 1924 1877 et
1967 1829 2095 1878 bene
2121 1842 2172 1870 20

347 1912 565 1973 quodam
596 1911 848 1974 praesagio
880 1911 1086 1960 delubra
1119 1919 1232 1959 sunt
1268 1911 1514 1974 appellata
1532 1928 1544 1971 3
1581 1919 1694 1958 sunt
1728 1909 1859 1958 enim
1886 1910 1934 1959 in
1960 1912 2094 1960 ablu-

265 2008 322 2043 10
345 1991 532 2041 tionem
570 2003 900 2057 peccatorum.
978 1996 1110 2042 Fons
1147 2002 1313 2042 autem
1350 1992 1401 2040 in
1437 1991 1654 2041 delubris
1684 1993 1821 2041 locus
1847 2009 2094 2056 regenera-

345 2084 507 2123 torum
546 2085 631 2135 est,
672 2075 720 2124 in
759 2092 860 2139 quo
897 2085 1088 2139 septem
1124 2077 1303 2140 gradus
1339 2074 1390 2123 in
1427 2073 1633 2138 Spiritus
1671 2073 1826 2123 sancti
1865 2074 2094 2137 mysterio

346 2158 617 2207 formantur
636 2177 648 2219 ,-
685 2167 779 2208 tres
806 2157 855 2206 in
890 2159 1133 2207 descensu
1161 2166 1207 2206 et
1233 2166 1328 2206 tres
1366 2156 1416 2204 in
1441 2172 1677 2205 ascensu:
1716 2155 1953 2219 septimus
1979 2173 2094 2206 vero

345 2238 383 2286 is
421 2248 494 2288 est
531 2239 614 2302 qui
652 2249 700 2289 et
737 2249 951 2302 quartus,
980 2239 1030 2289 id
1068 2248 1141 2288 est
1177 2238 1347 2288 similis
1386 2237 1510 2286 Filio
1547 2236 1776 2298 hominis,
1806 2239 2093 2302 extinguens
2120 2256 2176 2296 25³⁷

405 2383 421 2408 1
455 2370 606 2420 accipit
631 2370 665 2409 C
791 2384 815 2409 2
845 2369 982 2422 μόνος]
1004 2384 1128 2410 mono
1150 2370 1260 2409 codd.
1398 2383 1423 2420 3
1453 2369 1569 2421 στη.]
1591 2370 1721 2409 sterio
1742 2368 1828 2407 ΒΚ
1843 2369 1968 2410 Harl.
1990 2375 2089 2409 extr.

346 2424 511 2464 Monac.
522 2426 662 2476 frag:
695 2426 853 2465 sterio-:e
879 2425 932 2467 C:
964 2427 1092 2465 steria
1120 2425 1156 2464 T
1435 2424 1622 2463 solidatii
1644 2423 1693 2462 C1
1716 2424 1819 2475 (non
1839 2424 1965 2463 Harl.
1990 2430 2088 2464 extr.

345 2479 508 2518 Monac.
518 2480 659 2532 frag.)
799 2481 845 2519 C.
868 2494 968 2520 vero
990 2494 1044 2519 ex
1072 2480 1128 2520 T:
1161 2480 1207 2519 C.
1231 2486 1273 2519 et
1294 2493 1347 2518 ex
1372 2479 1406 2518 C
1425 2481 1528 2531 (non
1545 2479 1707 2519 Monac.
1716 2479 1855 2531 srag.)
1994 2493 2018 2529 4
2049 2486 2090 2518 et

347 2534 437 2574 Lat.
459 2548 540 2574 om.
571 2534 607 2572 T
752 2535 859 2587 vid.]
881 2535 1038 2575 dicitur
1057 2534 1102 2572 K
1120 2535 1223 2586 (non
1244 2534 1555 2585 Monac.frag.)
1751 2546 1774 2583 5
1805 2549 1880 2574 κοι.
1907 2564 1915 2572 .
1941 2563 1948 2572 .
1975 2564 1983 2572 .
2007 2534 2086 2573 dic.

345 2602 428 2630 om.
451 2589 496 2627 K
741 2591 766 2627 6
797 2590 907 2629 enirn
930 2604 1013 2629 om.
1039 2590 1073 2629 C
1272 2589 1387 2639 greci
1410 2602 1470 2629 co.
1496 2589 1640 2627 dicunt
1668 2588 1704 2627 T
1722 2587 1821 2638 (non
1842 2588 1968 2628 Harl.
1991 2594 2086 2627 extr.

346 2644 511 2683 Monac.
521 2645 659 2695 frag.)
832 2659 852 2694 7
885 2645 1112 2696 quibusque
1135 2644 1181 2683 K
1342 2645 1367 2682 8
1397 2643 1529 2695 tecta]
1552 2644 1710 2694 templa
1731 2642 1776 2680 K
1935 2656 1961 2692 9
1989 2655 2085 2681 con-

344 2698 584 2738 tentatione
605 2699 660 2736 Β1
801 2712 850 2739 10
878 2701 1042 2750 portica
1063 2699 1148 2738 ΒΚ
1276 2711 1320 2736 11
1351 2712 1375 2737 a
1391 2699 1681 2748 septentrione
1702 2697 1747 2735 K
1857 2703 2087 2748 expectans

346 2753 455 2794 codd.
695 2766 742 2792 12
774 2760 870 2795 tem.
896 2768 1016 2805 quan.
1048 2754 1085 2792 T
1309 2753 1592 2803 expectabant
1612 2753 1722 2793 codd.
1954 2757 1997 2790 et
2017 2752 2086 2801 qui

344 2808 569 2848 noctialem
590 2808 630 2846 Β
811 2822 856 2858 14
887 2823 936 2848 ac
959 2811 1056 2860 (hac
1079 2809 1135 2861 Β)
1157 2810 1458 2859 deprecaretur
1479 2807 1601 2847 BCT
1763 2819 1809 2856 15
1840 2820 1863 2845 a
1884 2806 1996 2845 funis
2015 2805 2057 2843 Β
2075 2820 2083 2844 :

345 2877 368 2902 a
390 2864 558 2902 funibus
578 2863 624 2901 K
780 2867 827 2902 16
857 2865 1158 2904 construebant
1178 2862 1224 2900 K
1329 2876 1397 2902 un.
1415 2869 1457 2902 et
1478 2876 1623 2902 consu.
1648 2862 1682 2901 C
1831 2873 1876 2910 17
1909 2860 1990 2899 del.
2009 2859 2090 2899 BC

346 2919 471 2969 (sort.
497 2919 608 2970 recte)
629 2932 637 2957 :
669 2918 907 2958 diluebatur
927 2918 973 2957 K
1165 2932 1214 2969 19
1244 2917 1456 2957 deluendo
1479 2916 1514 2956 C
1532 2918 1655 2970 (fort.
1679 2916 1790 2966 recte)
1967 2915 2085 2965 ipsae

347 2975 452 3024 (-se)
475 2972 584 3014 codd.
753 2974 908 3012 caedes
930 2973 975 3011 K
1148 2986 1201 3012 20
1231 2973 1419 3012 sontibus
1439 2986 1522 3012 orn.
1541 2972 1598 3011 Β1
1787 2982 1834 3008 21
1868 2970 2084 3009 ablutione

343 3027 473 3066 BKT
589 3041 640 3066 22
672 3029 1000 3078 regerandorum
1024 3027 1068 3066 K
1085 3027 1184 3079 (pro
1206 3026 1606 3078 regenerandorum)
1734 3038 1785 3075 23
1815 3025 2008 3074 gradibus
2033 3024 2083 3063 Cl

346 3081 504 3132 Spiritu
527 3082 568 3120 Β
675 3095 726 3132 25
758 3083 812 3134 is]
837 3083 903 3121 his
925 3083 1010 3122 BT
