2228 3444
1105 201 1379 249 ISIDORI

364 333 541 394 clesia3
576 333 736 383 dictus
763 349 823 381 eo
843 333 979 395 quod
1005 332 1296 394 speculatur,
1324 338 1473 392 atque
1497 327 1787 391 praespiciat
1813 328 2107 391 populorum

286 432 340 478 13
364 415 488 464 infra
523 433 575 465 se
612 416 884 479 positorum
922 430 1083 463 mores
1120 422 1167 462 et
1197 413 1360 461 vitam.
1435 409 1661 460 Pontifex
1696 409 1922 474 princeps
1958 426 2109 458 sacer-

365 499 539 547 dotum
577 507 663 557 est,
693 498 832 561 quasi
858 495 935 545 via
971 493 1295 558 sequentium.
1371 494 1487 555 Ipse
1523 501 1570 541 et
1608 508 1828 541 summus
1865 492 2106 551 sacerdos,

365 581 469 644 ipse
494 579 713 644 pontifex
733 578 976 627 maximus
995 585 1320 641 nuncupatur.
1379 577 1495 638 Ipse
1514 573 1646 623 enim
1667 573 1813 624 efficit
1832 575 2111 624 sacerdotes

366 673 515 726 atque
547 661 717 712 levitas
738 681 747 711 :
784 661 889 726 ipse
914 677 1088 710 omnes
1115 658 1313 709 ordines
1339 656 1698 707 ecclesiasticos
1723 657 1970 720 disponit:
2007 654 2112 718 ipse
2136 668 2157 709 5

287 760 343 807 14
367 747 503 809 quod
529 743 869 808 unusquisque
894 744 1054 793 facere
1079 742 1259 792 debeat
1285 740 1515 791 ostendit.
1578 742 1742 789 Antea
1764 748 1931 788 autern
1955 736 2113 802 ponti-

368 829 484 877 fices
509 837 557 876 et
583 844 719 891 reges
749 837 901 875 erant.
976 828 1107 874 Nam
1143 826 1383 874 maiorum
1418 825 1541 872 haec
1574 832 1675 872 erat
1708 822 2032 879 consuetudo,
2060 828 2113 868 ut

368 928 450 959 rex
475 919 604 960 esset
629 909 778 958 etiam
810 910 1038 957 sacerdos
1063 909 1140 956 vel
1166 907 1398 971 pontifex.
1471 906 1620 954 Vnde
1650 914 1698 953 et
1725 901 1940 953 Romani
1966 903 2115 965 impe-

289 1009 347 1058 15
369 1003 551 1042 ratores
587 991 849 1056 pontifices
886 991 1191 1040 dicebantur.
1263 991 1416 1038 Vates
1455 1005 1483 1036 a
1518 987 1565 1036 vi
1608 985 1786 1034 mentis
1828 985 2113 1049 appellatos,

369 1075 508 1124 cuius
534 1073 826 1137 significatio
853 1071 1108 1136 multiplex
1134 1081 1218 1120 est.
1277 1073 1407 1120 Nam
1435 1070 1587 1117 modo
1613 1069 1934 1126 sacerdotem,
1962 1066 2116 1115 modo
2142 1079 2192 1107 10

287 1158 347 1205 16
370 1159 663 1221 prophetam
698 1155 951 1219 significat,
981 1155 1134 1203 modo
1159 1162 1374 1217 poetam.
1446 1150 1666 1199 Antistes
1701 1150 1929 1198 sacerdos
1955 1147 2115 1197 dictus

370 1240 434 1289 ab
460 1256 519 1289 eo
545 1240 681 1302 quod
706 1247 820 1287 ante
847 1247 952 1287 stat.
1030 1236 1222 1285 Primus
1248 1245 1320 1284 est
1345 1233 1477 1284 enim
1502 1235 1553 1281 in
1578 1231 1751 1282 ordine
1777 1231 2040 1288 Ecclesiae,
2069 1238 2117 1278 et

293 1333 347 1382 17
371 1339 517 1385 supra
554 1338 605 1370 se
641 1321 831 1368 nullum
869 1319 1032 1368 habet.
1108 1319 1347 1368 Sacerdos
1389 1326 1555 1365 autem
1598 1330 1783 1363 nomen
1819 1311 1969 1361 habet
2005 1328 2118 1360 con-

371 1403 587 1468 positum
622 1420 679 1452 ex
705 1403 899 1451 Graeco
933 1410 981 1449 et
1013 1401 1205 1460 Latino,
1238 1397 1378 1462 quasi
1400 1411 1601 1447 'sacrum
1636 1398 1759 1445 dans
1778 1412 1791 1455 3
1828 1393 1953 1442 sicut
1986 1390 2118 1440 enim

372 1504 454 1536 rex
473 1504 500 1535 a
516 1487 747 1549 regendo,
766 1484 833 1533 ita
851 1485 1081 1532 sacerdos
1097 1500 1126 1531 a
1142 1481 1466 1532 sacrificando
1481 1488 1683 1529 vocatus
1703 1486 1788 1527 est.
1851 1477 2121 1526 Consecrat
2146 1489 2192 1529 15

295 1574 350 1621 18
375 1568 508 1619 enim
535 1578 582 1617 et
608 1568 895 1616 sanctificat.
958 1566 1247 1614 Sacerdotes
1273 1574 1439 1612 autem
1465 1560 1720 1626 gentilium
1745 1557 1968 1607 flamines
1994 1556 2121 1605 dice-

374 1652 565 1700 bantur.
623 1649 694 1698 Hi
719 1648 770 1697 in
796 1647 956 1712 capite
981 1647 1233 1696 habebant
1258 1645 1476 1710 pilleum,
1498 1643 1550 1692 in
1570 1660 1669 1707 quo
1690 1651 1791 1691 erat
1811 1640 1969 1689 brevis
1989 1637 2122 1701 virga

374 1735 586 1796 desuper
623 1733 813 1781 habens
860 1732 1002 1779 lanae
1037 1728 1237 1792 aliquid.
1312 1729 1464 1790 Quod
1501 1743 1614 1774 cum
1652 1741 1737 1788 per
1771 1731 1959 1772 aestum
1999 1722 2121 1769 ferre

291 1829 351 1876 19
375 1832 477 1864 non
502 1823 718 1878 possent,
743 1814 826 1862 filo
850 1820 1041 1861 tantum
1069 1810 1230 1874 capita
1255 1809 1454 1873 religare
1479 1816 1763 1871 coeperunt.
1820 1806 1950 1853 Nam
1976 1802 2121 1851 nudis

375 1897 572 1962 penitus
609 1913 693 1946 eos
731 1894 975 1959 capitibus
1012 1893 1240 1943 incedere
1278 1893 1412 1940 nefas
1451 1900 1564 1939 erat.
1638 1890 1785 1936 Vnde
1821 1904 1850 1935 a
1886 1887 1982 1944 filo,
2022 1900 2122 1946 quo
2148 1907 2196 1934 20

375 1980 651 2038 utebantur,
691 1977 914 2026 flamines
949 1975 1067 2026 dicti
1105 1985 1231 2035 sunt,
1264 1973 1403 2037 quasi
1438 1971 1692 2021 filamines.
1765 1971 1951 2017 Verum
1989 1965 2123 2014 festis

376 2062 552 2112 diebus
571 2062 654 2108 filo
670 2058 898 2122 deposito
915 2058 1119 2122 pilleum
1135 2055 1443 2119 inponebant
1459 2070 1547 2117 pro
1563 2049 1823 2101 sacerdotii
1839 2047 2120 2099 eminentia.

285 2155 353 2189 20
379 2145 637 2207 Presbyter
653 2144 855 2203 Graece,
875 2140 1050 2190 Latine
1070 2139 1232 2189 senior
1248 2138 1603 2201 interpretatur,
1626 2151 1728 2183 non
1747 2149 1835 2196 pro
1855 2139 2028 2189 aetate,
2047 2132 2123 2178 vel

378 2227 628 2290 decrepita
653 2233 907 2273 senectute
926 2241 938 2283 3
974 2224 1062 2271 sed
1086 2230 1284 2286 propter
1309 2222 1548 2268 honorem
1575 2227 1622 2266 et
1648 2216 1951 2279 dignitatem,
1975 2229 2122 2275 quam

304 2326 358 2360 21
379 2317 689 2373 acceperunt,
718 2304 986 2370 presbyteri
1017 2303 1349 2352 nominantur.
1423 2302 1547 2349 Ideo
1577 2308 1743 2347 autem
1777 2306 1825 2345 et
1858 2293 2125 2359 presbyteri
2149 2315 2195 2355 25

380 2392 659 2441 sacerdotes
684 2397 933 2446 vocantur,
963 2387 1078 2449 quia
1103 2401 1293 2434 sacrum
1321 2385 1454 2441 dant,
1483 2380 1609 2430 sicut
1633 2377 1868 2443 episcopi,
1895 2376 1979 2440 qui
2011 2377 2125 2424 licet

379 2475 474 2523 sint
511 2473 804 2530 sacerdotes,
837 2479 1004 2518 tamen
1040 2467 1356 2531 pontificatus
1393 2463 1584 2527 apicem
1622 2479 1724 2511 non
1759 2460 1974 2521 habent,
2011 2460 2126 2521 quia

378 2572 470 2604 nec
496 2554 758 2603 chrismate
791 2554 1002 2600 frontem
1038 2549 1244 2613 signant,
1274 2565 1366 2596 nec
1393 2546 1698 2595 Paracletum
1725 2542 1958 2607 Spiritum
1988 2542 2124 2600 dant,

379 2638 514 2700 quod
540 2637 654 2685 solis
680 2634 851 2684 deberi
876 2633 1120 2697 episcopis
1146 2632 1292 2679 lectio
1317 2633 1534 2677 Actuum
1559 2628 1896 2691 apostolorum
1925 2626 2126 2673 demon-

438 2782 454 2806 1
489 2782 540 2808 eo
561 2781 642 2806 om.
668 2765 712 2803 K
893 2763 1136 2815 speculator
1156 2758 1373 2800 ABlKT:
1403 2758 1648 2809 speculetur
1671 2757 1705 2797 C
1898 2752 2124 2805 perspiciat

382 2824 420 2862 A
447 2838 455 2863 :
483 2822 694 2874 praesciat
716 2819 761 2858 K
938 2833 962 2857 2
992 2831 1083 2868 pos.
1109 2817 1216 2855 infra
1236 2828 1283 2854 se
1305 2814 1351 2852 K
1369 2813 1471 2864 (non
1492 2814 1557 2866 A>
1722 2824 1747 2860 3
1778 2816 1820 2850 et
1839 2823 1920 2849 om.
1942 2808 1998 2847 Β1
2020 2820 2029 2845 :
2060 2811 2126 2845 est

388 2877 425 2916 T
557 2879 582 2916 8
612 2876 700 2928 vel]
725 2882 768 2914 et
788 2873 834 2912 K
974 2886 1023 2912 10
1051 2872 1176 2911 modo
1200 2870 1310 2922 (alt.)
1330 2883 1413 2908 om.
1444 2867 1482 2906 T
1604 2867 1753 2917 proph.
1778 2865 1901 2903 modo
1921 2875 1989 2912 po.
2013 2861 2122 2911 sign.

380 2933 427 2971 K
444 2934 548 2986 (non
570 2932 632 2984 A)
777 2943 825 2967 12
856 2928 968 2967 enim
990 2933 1056 2966 est
1077 2926 1122 2964 K
1142 2926 1243 2976 (non
1263 2924 1325 2976 A)
1496 2934 1545 2972 15
1573 2919 1873 2961 sanctificando
1893 2917 1934 2955 B
2059 2921 2126 2954 est

379 3002 463 3028 om.
481 2987 527 3026 K
639 2987 688 3025 τό
709 2986 822 3023 enim
842 2997 922 3023 om.
948 2982 994 3021 K
1104 2983 1153 3020 18
1173 2981 1340 3019 laneum
1364 2977 1464 3018 C1K
1575 2989 1624 3027 19
1645 2979 1820 3026 possent
1832 2971 1912 3012 BC
1927 2986 1936 3011 ε
1959 2970 2126 3023 possint

382 3043 427 3081 K
442 3057 451 3082 ε
481 3046 663 3093 possunt
689 3038 727 3078 T
847 3039 984 3089 capite
1005 3038 1196 3087 relegare
1217 3031 1305 3073 ΒΚ
1430 3031 1649 3083 coeperint
1669 3029 1711 3068 Β
1847 3041 1899 3067 20
1929 3039 2002 3066 eos
2023 3038 2120 3076 pen.

381 3111 455 3137 eos
475 3096 522 3136 K
629 3095 798 3146 penitus
818 3093 860 3132 in
881 3105 962 3132 ras.
993 3091 1044 3131 Τ2
1064 3096 1111 3131 ut
1127 3090 1207 3131 vid.
1321 3102 1372 3127 22
1403 3087 1643 3138 depositum
1663 3084 1705 3122 Β
1812 3096 1864 3132 23
1893 3094 1978 3121 non
1996 3079 2123 3120 modo

382 3158 460 3202 pro
483 3151 518 3190 C
608 3164 657 3199 24
682 3151 780 3189 hon.
801 3149 869 3187 vel
891 3148 1096 3197 dignitate
1113 3144 1159 3183 K
1250 3149 1300 3193 25
1320 3146 1617 3192 nuncupantur
1633 3139 1673 3177 Β
1767 3139 1818 3176 26
1839 3138 1887 3176 si.
1910 3142 1952 3176 et
1973 3135 2055 3186 epi.
2079 3131 2126 3171 K

381 3207 477 3258 quia
498 3207 562 3246 lic.
591 3205 628 3244 T
788 3217 840 3254 29
868 3201 947 3253 epi.
970 3202 1061 3240 deb.
1086 3199 1131 3238 K
1150 3202 1251 3250 (nou
1274 3198 1337 3252 A)
