2228 3444
73 621 93 658 5

49 1026 97 1055 10

52 1432 95 1471 τε

48 1839 99 1867 20

425 137 1059 186 ETYMOLOGIARVM
1101 137 1231 183 LIB.
1271 137 1357 182 IV.
1396 134 1490 194 viii,
1520 135 1564 182 ix

121 268 332 318 Cicatrix
384 277 455 316 est
504 267 742 316 obductio
791 266 1018 325 vulneris,
1061 267 1331 313 naturalem
1381 266 1598 313 colorem
1647 265 1866 328 partibus
1890 271 1955 317 23

121 367 315 400 servans
338 370 346 399 ε
383 349 515 398 dicta
542 351 677 412 quod
705 350 922 397 obducat
948 349 1150 396 vulnera
1175 356 1323 410 atque
1349 347 1600 395 obcaecat.

258 436 349 481 DE.
387 447 643 480 REMEDus
694 447 759 479 ET
809 443 1248 478 MEDICAMINIBVS.
1344 428 1631 478 Medicinae
1680 430 1867 477 curatio
1893 432 1955 471 IX

120 517 397 579 spe'snenda
439 533 540 564 non
583 523 670 564 est.
743 512 1068 562 Meminimus
1111 511 1244 562 enim
1288 520 1337 560 et
1380 510 1581 560 Esaiam
1624 512 1867 560 Ezechiae

119 596 369 660 languenti
411 596 598 659 aliquid
641 595 935 645 medicinale
977 596 1254 654 mandasse,
1299 602 1347 642 et
1390 594 1572 641 Paulus
1613 595 1867 656 apostolus

119 678 388 727 Timotheo
425 678 677 727 modicum
712 677 881 726 vinum
918 677 1073 739 prode
1110 692 1216 725 esse
1254 675 1388 724 dixit.
1461 676 1665 725 Curatio
1701 684 1867 723 autem
1892 683 1922 716 2

120 760 406 808 morborum
440 759 594 808 tribus
628 759 890 822 generibus
924 765 1147 807 constat:
1187 756 1493 816 Pharmacia,
1523 773 1674 820 quam
1705 757 1869 806 Latini

121 841 450 890 medicamina
481 850 689 890 vocant:
734 839 1007 903 Chirurgia,
1041 856 1191 902 quam
1228 838 1392 887 Latini
1425 856 1665 887 manuum
1703 855 1869 903 opera-

120 924 306 973 tionem
342 925 620 987 appellant;
674 939 850 971 manus
884 920 1015 970 enim
1059 923 1194 984 apud
1237 922 1456 970 Graecos
1495 923 1596 986 χείρ
1638 932 1869 971 vocatur:

124 1005 313 1066 Diaeta,
339 1022 488 1068 quam
526 1004 688 1054 Latini
722 1006 937 1067 regulam
967 1013 1290 1067 nuncupant,
1327 1012 1400 1051 est
1431 1003 1565 1052 enim
1590 1004 1870 1053 observatio

121 1087 238 1150 legis
264 1095 312 1136 et
332 1086 472 1135 vitae.
522 1089 646 1135 Sunt
670 1095 835 1135 autem
862 1085 999 1133 omni
1020 1084 1260 1134 curationi
1282 1084 1471 1148 species
1492 1095 1588 1134 tres
1610 1105 1618 1134 :
1657 1085 1869 1148 primum

120 1187 273 1233 genus
305 1169 585 1228 diaeticum,
615 1169 890 1217 secundum
917 1166 1388 1231 pharmaceuticum,
1418 1168 1615 1215 tertium
1643 1167 1872 1231 chirurgi-

120 1268 249 1300 cum.
326 1250 501 1300 Diaeta
543 1259 616 1299 est
659 1249 939 1299 observatio
982 1248 1100 1312 legis
1145 1258 1192 1298 et
1235 1248 1375 1297 vitae.
1465 1249 1755 1298 Pharmacia
1798 1259 1869 1298 est
1894 1263 1923 1308 3

123 1332 598 1382 medicamentorum
642 1332 842 1381 curatio.
915 1330 1172 1394 Chirurgia
1215 1333 1621 1380 ferramentorum
1666 1331 1871 1393 incisio3

122 1432 236 1463 nam
279 1417 405 1463 ferro
449 1414 742 1464 exciduntur
790 1431 917 1478 quae
961 1413 1440 1462 medicamentorum
1484 1430 1586 1462 non
1630 1413 1871 1463 senserint

123 1496 433 1546 medicinam.
504 1496 768 1559 Antiquior
793 1506 958 1544 autem
987 1495 1233 1544 medicina
1260 1496 1423 1544 herbis
1449 1506 1640 1544 tantum
1668 1506 1716 1545 et
1741 1498 1870 1545 sucis
1893 1516 1925 1562 4

122 1589 236 1628 erat.
309 1579 444 1628 Talis
470 1579 602 1628 enim
629 1578 864 1628 medendi
890 1595 1006 1626 usus
1041 1577 1219 1641 coepit,
1248 1578 1431 1627 deinde
1457 1580 1583 1627 ferro
1617 1588 1664 1628 et
1698 1579 1870 1628 ceteris

122 1661 511 1711 medicamentis.
587 1661 764 1711 Omnis
790 1671 955 1709 autem
987 1660 1174 1708 curatio
1206 1670 1292 1709 aut
1326 1678 1384 1709 ex
1417 1663 1670 1710 contrariis
1705 1672 1788 1711 aut
1814 1680 1872 1711 ex
1895 1681 1925 1730 5

123 1743 364 1792 similibus
406 1742 685 1792 adhibetur.
774 1745 846 1791 Ex
889 1742 1159 1801 contrariis,
1206 1752 1259 1791 ut
1302 1742 1533 1806 frigidum
1576 1743 1750 1804 calido,
1797 1745 1873 1791 vel

123 1825 329 1874 humido
355 1827 540 1875 siccum
559 1844 572 1886 3
609 1824 733 1874 sicut
759 1834 806 1873 et
826 1825 876 1872 in
897 1824 1098 1873 homine
1125 1824 1355 1887 superbia
1380 1824 1540 1873 sanari
1565 1842 1666 1873 non
1693 1834 1869 1888 potest,

122 1907 214 1955 nisi
244 1907 518 1955 humilitate
552 1915 762 1956 sanetur.
837 1909 910 1954 Ex
948 1906 1190 1954 similibus
1227 1922 1356 1965 vero,
1385 1906 1511 1955 sicut
1548 1906 1867 1970 ligamentum
1894 1913 1929 1960 6

122 1989 308 2038 vulneri
346 1989 559 2038 rotundo
597 1990 880 2048 rotundum,
910 1990 984 2037 vel
1023 1989 1241 2050 oblongo
1280 1988 1554 2050 oblongum
1591 1989 1872 2051 adponitur.

124 2071 353 2134 Ligatura
378 2070 510 2118 enim
538 2070 643 2132 ipsa
663 2086 764 2118 non
791 2070 966 2118 eadem
988 2069 1222 2117 membris
1249 2078 1296 2117 et
1318 2069 1599 2118 vulneribus
1626 2070 1874 2130 omnibus,

123 2155 211 2201 sed
253 2152 423 2200 similis
467 2151 611 2199 simili
655 2160 924 2214 coaptatur,
971 2168 1097 2213 quae
1146 2152 1247 2198 duo
1292 2150 1439 2200 etiam
1480 2151 1585 2214 ipsa
1632 2152 1875 2201 adiutoria

77 2245 95 2284 .”
124 2233 410 2282 nominibus
449 2233 548 2282 suis
586 2233 877 2296 significant.
964 2235 1095 2281 Nam
1133 2232 1412 2281 antidotum
1453 2234 1655 2293 Graece,
1698 2234 1871 2283 Latine
1896 2252 1924 2300 7

123 2335 179 2366 ex
200 2316 444 2366 contrario
463 2318 633 2365 datum
656 2315 848 2365 dicitur.
898 2315 1157 2364 Contraria
1176 2315 1308 2365 enim
1325 2316 1578 2364 contrariis
1596 2317 1872 2366 medicinae

123 2401 310 2448 ratione
335 2408 577 2448 curantur.
653 2401 719 2445 At
750 2407 918 2446 contra
947 2415 1004 2446 ex
1030 2397 1189 2457 simili,
1219 2407 1272 2445 ut
1298 2401 1451 2462 πικρὰ,
1481 2415 1608 2462 quae
1642 2399 1872 2463 interpre-

178 2543 202 2567 2
233 2529 415 2569 obducet
435 2527 499 2568 K:
532 2529 713 2566 abducat
734 2527 828 2565 BCl
939 2528 1110 2566 obsecat
1131 2527 1171 2565 Β
1336 2544 1360 2578 4
1392 2529 1503 2568 enirn
1526 2542 1609 2569 om.
1639 2528 1676 2566 T
1781 2543 1872 2569 eze-

124 2584 261 2623 chihel
283 2583 323 2620 Β
449 2585 476 2621 6
505 2583 705 2621 dixerunt
728 2581 779 2619 Cl
910 2596 930 2631 7
962 2582 1117 2621 latinae
1139 2583 1249 2621 med.
1272 2581 1319 2619 K
1453 2597 1479 2633 9
1510 2596 1660 2622 manus
1681 2614 1690 2624 .
1716 2615 1724 2623 .
1749 2616 1757 2624 .
1781 2598 1870 2624 voc.

124 2652 204 2678 om.
228 2637 273 2675 K
382 2637 494 2689 χείρ]
514 2638 624 2676 ciros
646 2637 756 2688 (cy-)
779 2636 983 2676 BCETU
1088 2643 1292 2676 vocantur
1312 2637 1353 2675 Β
1504 2651 1553 2676 10
1581 2639 1735 2677 dictam
1759 2638 1880 2676 CKT

129 2706 174 2731 11
199 2705 347 2731 omnes
364 2693 609 2731 curationes
622 2690 668 2728 K
818 2705 864 2741 13
895 2693 1002 2742 legis
1019 2697 1169 2730 acutae
1182 2691 1228 2728 K
1379 2705 1426 2741 14
1448 2692 1573 2744 ferr.]
1588 2694 1871 2732 medicamen-

125 2755 261 2786 torum
276 2746 322 2783 K
486 2758 533 2795 15
564 2745 774 2785 exciditur
794 2745 832 2783 T
985 2750 1034 2785 16
1063 2746 1313 2785 medicinam
1330 2746 1511 2786 BCET:
1543 2748 1812 2797 disciplinam
1831 2746 1876 2784 K

127 2806 147 2849 ς
171 2816 196 2852 4
211 2805 309 2853 post
330 2805 348 2847 ,δ
370 2814 413 2840 11
433 2800 478 2838 K
634 2801 683 2839 18
704 2801 915 2840 contrario
931 2801 975 2838 K
1075 2806 1147 2839 aut
1164 2831 1173 2841 .
1191 2830 1200 2838 .
1221 2830 1229 2840 .
1247 2802 1472 2840 contrariis
1487 2815 1568 2841 om.
1586 2801 1632 2838 K
1733 2815 1787 2839 ex
1803 2802 1871 2839 his

126 2857 292 2895 milibus
309 2854 358 2894 C1
479 2868 529 2906 19
549 2855 703 2905 frigida
725 2855 873 2895 calidis
902 2855 939 2893 T
1086 2868 1140 2894 20
1168 2868 1321 2895 sanare
1342 2855 1438 2894 BC1
1599 2869 1647 2894 21
1680 2861 1799 2894 sanet
1824 2855 1871 2893 C¹

128 2910 192 2949 Ex
214 2910 499 2950 similitudinis
519 2923 621 2950 vero
650 2909 687 2947 T
853 2924 904 2949 22
935 2910 1098 2949 vulneri
1118 2911 1302 2949 rotundo
1322 2909 1367 2947 K
1382 2924 1392 2949 ε
1423 2911 1490 2950 vel
1510 2911 1689 2950 rotundo
1717 2909 1775 2949 T:
1805 2910 1870 2948 vel

127 2966 308 3004 rotundo
327 2965 490 3004 vulneri
514 2966 596 3018 (-re
615 2963 685 3004 H:
718 2977 828 3003 -rum
853 2964 887 3003 C
890 2964 923 3017 1)
946 2965 1074 3003 BCH
1079 2964 1116 3002 V
1128 2979 1138 3004 ι
1168 2965 1341 3004 vulnere
1360 2965 1405 3003 D
1579 2977 1630 3013 23
1660 2964 1782 3002 edem
1811 2964 1869 3004 T:

127 3020 274 3058 eadem
295 3019 348 3058 de
368 3017 413 3056 K
588 3030 640 3068 25
670 3019 832 3058 Graece
853 3033 935 3059 om.
963 3018 1099 3060 C1K1:
1130 3020 1243 3069 quod
1264 3032 1325 3069 gr.
1353 3019 1390 3058 T
1386 3018 1447 3056 Κ2
1625 3031 1674 3068 27
1707 3019 1871 3058 ratione

127 3087 207 3112 om.
231 3072 275 3110 K
419 3073 625 3113 similibus
647 3073 687 3110 Β
1256 3083 1258 3085 ’
