2176 3424
1016 138 1289 186 ISIDORI

338 266 499 313 neque
537 266 702 299 servus
738 269 901 315 neque
939 252 1195 301 libertinus
1233 253 1455 316 gestabat
1493 254 1542 302 in
1581 255 1794 317 publico,
1824 257 1910 304 sed
1939 257 2089 304 anulo

337 344 488 376 aureo
513 328 652 378 liberi
679 330 958 390 utebantur,
988 330 1202 379 libertini
1233 340 1480 394 argenteo,
1517 332 1639 381 servi
1673 335 1827 383 ferreo
1843 353 1857 395 3
1889 333 2003 382 licet
2040 343 2088 382 et

283 425 315 472 4
341 405 481 455 multi
507 407 841 456 honestissimi
867 410 1018 456 anulo
1043 410 1200 458 ferreo
1226 409 1502 459 utebantur.
1579 413 1727 474 Apud
1753 421 1939 461 veteres
1965 414 2089 460 ultra

338 502 493 533 unum
519 487 723 534 anulum
749 486 819 535 uti
847 486 1028 535 infame
1054 487 1279 536 habitum
1295 487 1412 537 viro.
1487 490 1741 539 Gracchus
1762 490 1810 539 in
1834 490 2057 540 Mevium
2079 510 2087 539 :

339 564 704 625 ‘Considerate‚
746 565 977 627 Quirites,
1015 565 1259 614 sinistram
1298 566 1434 627 eius,
1470 585 1533 616 en
1569 568 1709 617 cuius
1745 569 2087 618 auctoritatem
2113 593 2135 633 5

335 642 614 706 sequimini,
655 642 739 706 qui
778 653 977 707 propter
1020 644 1281 693 mulierum
1321 645 1646 708 cupiditatem
1695 655 1749 695 ut
1796 647 1970 696 mulier
2017 657 2090 696 est

334 724 565 770 ornatus.'
638 723 858 781 Crassus,
888 723 971 784 qui
997 724 1132 785 apud
1170 724 1377 772 Parthos
1409 724 1565 787 periit,
1594 724 1644 772 in
1676 734 1932 774 senectute
1962 727 2087 774 duos

333 800 506 848 habuit
544 802 735 860 anulos,
778 817 979 849 causam
1019 802 1298 864 praeferens
1343 804 1479 865 quod
1516 802 1728 865 pecunia
1769 803 1814 852 ei
1861 803 2086 852 inmensa

334 878 577 927 crevisset.
667 878 816 926 Multi
865 878 1013 928 etiam
1066 881 1410 928 Romanorum
1459 897 1548 943 pro
1596 883 1832 944 gravitate
1879 884 2082 930 anulum

330 965 520 1019 gestare
546 957 595 1004 in
622 956 776 1020 digito
805 957 1163 1006 abstinuerunt.
1240 957 1476 1007 Feminae
1506 975 1608 1007 non
1639 976 1757 1008 usae
1789 959 1962 1020 anulis,
1990 960 2083 1009 nisi
2112 976 2161 1004 10

331 1051 456 1098 quos
481 1035 653 1098 virgini
679 1052 890 1098 sponsus
918 1036 1126 1096 miserat,
1150 1053 1313 1099 neque
1338 1036 1549 1100 amplius
1570 1054 1719 1100 quam
1740 1037 1884 1086 binos
1910 1041 2084 1088 anulos

330 1130 504 1162 aureos
531 1115 579 1161 in
607 1113 769 1176 digitis
799 1114 983 1163 habere
1015 1116 1254 1164 solebant.
1330 1118 1396 1163 At
1429 1132 1563 1164 nunc
1598 1132 1713 1179 prae
1742 1133 1861 1165 auro
1894 1118 2084 1166 nullum

277 1197 308 1245 5
330 1191 525 1240 feminis
558 1193 664 1240 leve
699 1201 772 1240 est
808 1201 958 1254 atque
996 1192 1201 1241 inmune
1240 1194 1533 1242 membrum.
1608 1196 1745 1244 Inter
1768 1212 1946 1259 genera
1970 1213 2087 1244 anu-

328 1271 486 1318 lorum
536 1278 652 1318 sunt
694 1271 922 1333 ungulus,
969 1271 1352 1331 Samothracius,
1404 1272 1642 1335 Thynius.
1741 1275 1965 1337 Vngulus
2013 1283 2086 1323 est

326 1357 618 1410 gemmatus,
647 1357 953 1411 vocatusque
978 1350 1075 1398 hoc
1101 1349 1306 1399 nomine
1335 1350 1464 1412 quia,
1484 1350 1610 1399 sicut
1637 1354 1819 1415 ungula
1843 1352 1991 1412 carni,
2018 1352 2085 1402 ita
2112 1370 2156 1413 ¹5

325 1444 521 1490 gemma
556 1426 690 1474 anuli
728 1443 847 1475 auro
883 1426 1174 1490 adcingitur.
1248 1429 1615 1483 Samothracius
1653 1446 1827 1479 aureus
1864 1430 2079 1493 quidem,

270 1509 304 1555 6
329 1506 416 1553 sed
453 1506 669 1568 capitulo
699 1507 889 1564 ferre03
936 1522 964 1554 a
1001 1508 1113 1554 loco
1151 1507 1217 1554 ita
1255 1516 1473 1557 vocatus.
1548 1508 1772 1571 Thynius
1805 1525 1955 1572 purus
1993 1518 2080 1569 est,

328 1585 539 1645 primum
567 1582 617 1630 in
646 1583 877 1645 Bithynia
898 1583 1175 1644 fabricatus,
1196 1601 1346 1646 quam
1368 1585 1486 1633 olim
1514 1584 1800 1651 Thyn<i>am
1822 1586 2081 1636 vocabant.

329 1663 533 1710 Flaccus
562 1660 867 1725 (Maecenas,
898 1663 1013 1725 frag.
1048 1662 1125 1726 1):

665 1740 903 1800 Lucente,
944 1757 1054 1789 mea
1091 1740 1202 1801 vita,
1244 1757 1338 1789 nec
1375 1744 1659 1806 smaragdos
2108 1766 2158 1794 20

662 1818 959 1880 berillosque
996 1818 1131 1879 mihi,
1173 1820 1211 1865 F
1215 1821 1361 1878 lacce‚
1403 1836 1494 1868 nec
1530 1820 1743 1870 nitentes

663 1896 816 1961 <nec>
860 1898 1162 1959 percandida
1199 1897 1455 1961 margarita
1492 1915 1688 1961 quaero,

664 1991 756 2024 nec
794 1991 919 2037 quos
956 1974 1186 2024 Tunnica
1223 1975 1339 2024 lima
1375 1976 1634 2039 perpolivit

661 2055 850 2102 anellos
889 2070 981 2102 nec
1019 2053 1199 2117 iaspios
1236 2054 1443 2117 lapillos.

383 2196 399 2221 1
434 2189 540 2232 gest.
563 2189 634 2223 aut
655 2184 697 2222 in
720 2183 816 2234 pub.
840 2183 886 2221 K
904 2186 1018 2234 (teste
1038 2183 1217 2234 Kleim‘o)
1396 2198 1420 2224 2
1451 2192 1680 2235 argenteos
1699 2186 1743 2223 K
1895 2200 1976 2227 ser.
2001 2188 2076 2228 fer.

323 2252 403 2278 om.
435 2238 472 2277 T
635 2253 659 2288 4
692 2244 735 2277 ut
769 2238 844 2278 inf.
866 2238 906 2276 Β
1064 2239 1230 2278 Mevius
1261 2239 1346 2279 F1:
1377 2239 1546 2280 melium
1577 2240 1710 2280 DE1:
1739 2242 1879 2280 mediu
1916 2247 1965 2282 ut
1992 2243 2074 2284 vid.

322 2292 364 2330 P
386 2292 492 2343 (non
512 2292 617 2345 NU)
639 2308 647 2333 :
690 2293 899 2332 Maenium
920 2292 1045 2334 Arev.
1235 2306 1258 2343 5
1289 2294 1362 2346 en]
1390 2295 1432 2333 in
1457 2294 1540 2333 KP
1557 2297 1657 2347 (non
1687 2294 1790 2348 NE)
1957 2300 1983 2336 6
2013 2311 2077 2336 se-

323 2348 621 2397 quisequimini
652 2348 690 2387 T
895 2349 966 2398 qui
996 2348 1080 2400 pr.]
1102 2349 1259 2399 quippe
1281 2349 1334 2387 M
1349 2349 1452 2400 (non
1469 2349 1526 2399 P)
1753 2356 1799 2389 ut
1819 2351 2016 2391 mulieres
2046 2352 2083 2390 T

323 2405 427 2453 (non
453 2403 510 2454 U)
529 2417 537 2442 :
570 2403 772 2442 muliebre
794 2402 971 2441 KMNP
990 2405 1093 2454 (non
1114 2403 1255 2454 DEF)
1421 2405 1446 2442 8
1476 2418 1560 2454 quo
1581 2417 1674 2455 pec.
1698 2404 1779 2444 BC
1918 2419 1965 2446 10
1993 2408 2074 2446 nisi

321 2458 432 2506 quod
463 2457 500 2496 T
650 2470 664 2495 1
679 2471 695 2496 1
728 2471 815 2497 aur.
839 2471 907 2498 an.
928 2458 974 2496 K
988 2458 1091 2510 (non
1107 2458 1166 2509 E)
1282 2470 1329 2496 12
1360 2459 1516 2497 habere
1537 2463 1631 2498 ante
1648 2460 1801 2500 anulos
1819 2460 1853 2500 C
1997 2475 2076 2512 per

323 2525 387 2551 au.
421 2512 459 2550 T
549 2524 597 2561 13
627 2512 735 2551 Item
757 2511 798 2549 Β
819 2517 913 2552 ante
933 2526 1033 2552 corr.
1132 2526 1180 2562 14
1210 2513 1341 2551 tinius
1362 2512 1508 2552 BCK:
1539 2514 1695 2553 tinctus
1721 2515 1758 2554 T
1850 2528 1895 2566 17
1926 2515 2075 2556 Tinius

321 2567 431 2608 codd.
456 2567 598 2618 (etiam
620 2566 727 2619 EN)
852 2569 902 2606 18
931 2567 1064 2605 tinam
1084 2567 1205 2607 BCT
1218 2567 1354 2607 Mon.:
1384 2568 1513 2607 tinem
1533 2568 1579 2606 K
1701 2582 1754 2607 20
1782 2570 1958 2619 lugente
1979 2583 2072 2610 mea

320 2621 473 2660 BDE:
504 2622 721 2672 lugentem
742 2635 792 2661 ea
812 2621 941 2660 EUV
955 2621 1091 2662 Mon.:
1124 2622 1335 2661 lucentem
1358 2635 1407 2661 ea
1431 2622 1530 2661 CP:
1559 2623 1773 2662 lucentem
1793 2638 1886 2663 eam
1906 2625 1953 2663 N
1970 2625 2073 2675 (non

322 2677 391 2728 M)
577 2677 681 2716 vitta
701 2677 754 2714 M
771 2678 874 2728 (non
894 2675 995 2723 NP)
1179 2677 1429 2727 smaragdus
1449 2676 1739 2727 DKMPfort.
1762 2683 1856 2718 recte
1874 2693 1884 2718 ε
1913 2693 2073 2719 zsama-

322 2732 478 2780 ragdus
497 2730 544 2770 N
664 2744 712 2770 21
746 2731 1003 2780 berillusque
1022 2732 1063 2770 Β
1082 2746 1090 2770 :
1121 2731 1294 2771 berillos
1316 2738 1384 2781 (ex
1403 2732 1510 2785 bel-)
1530 2733 1628 2782 quia
1646 2733 1708 2772 F:
1737 2733 1980 2783 birillusque
2001 2734 2047 2773 K
2064 2750 2072 2774 :

319 2786 480 2824 birillus
501 2799 624 2836 quem
647 2785 694 2824 N
709 2800 718 2824 :
747 2786 1017 2836 byrrilusque
1031 2787 1084 2824 M
1101 2801 1109 2825 :
1138 2786 1403 2837 byrillusque
1422 2786 1464 2824 P
1481 2787 1584 2838 <non
1604 2787 1749 2840 EUV)
1895 2801 1947 2826 22
1976 2802 2071 2839 per-

320 2841 540 2880 candidam
562 2839 678 2880 Mon.
701 2839 925 2879 KMNPU
941 2843 1042 2891 (non
1069 2841 1123 2893 V)
1263 2842 1529 2891 margaritam
1551 2841 1671 2883 Mon.
1690 2842 1759 2882 P:
1787 2844 2071 2892 margaridam

323 2897 455 2946 (-ger·
473 2896 506 2946 2)
529 2894 582 2933 M
599 2910 607 2934 :
638 2895 859 2944 margitam
880 2895 971 2934 KN
1095 2909 1146 2945 23
1179 2895 1306 2934 tinica
1327 2895 1529 2934 BCDEF
1532 2896 1568 2935 T
1570 2896 1654 2935 UV
1661 2912 1669 2937 ε
1700 2898 1886 2936 tunicam
1906 2897 1953 2936 N
1969 2898 2071 2950 (non

319 2949 427 3002 MP)
633 2962 754 3000 perp.
779 2955 824 2988 ut
844 2949 1009 2989 anellus
1030 2949 1208 2989 KMNP
1226 2964 1235 2989 τ
1275 2963 1395 3000 perp.
1418 2951 1566 2990 anelos
1586 2950 1650 2990 F:
1679 2963 1798 3002 perp.
1819 2952 1970 2992 anulos
1989 2952 2076 2992 DE

321 3004 390 3055 <ex
409 3003 577 3056 anolos)
595 3018 603 3043 :
635 3017 752 3055 perp.
775 3004 940 3043 anellus
960 3005 1099 3044 Mon.1
1123 3007 1223 3054 (non
1248 3004 1350 3054 UV)
1487 3018 1539 3055 ²4
1568 3017 1647 3044 nec
1668 3005 1835 3056 iaspeos
1854 3006 1942 3045 BN
1954 3022 1963 3046 :
1993 3021 2070 3047 nec

320 3069 502 3108 caspeos
531 3057 583 3096 M
599 3073 608 3098 ε
640 3072 719 3098 nec
747 3059 918 3109 iaspeus
943 3059 1009 3098 P:
1040 3073 1094 3099 ne
1125 3059 1296 3110 iaspeus
1317 3059 1364 3098 K
1384 3075 1392 3099 :
1423 3072 1502 3098 nec
1533 3060 1691 3110 iaspius
1710 3059 1780 3100 D:
1810 3074 1888 3100 nec
1915 3075 2072 3112 aspeus

318 3111 453 3152 Mon.¹
478 3115 576 3162 (non
597 3112 774 3164 EFUV)
