2228 3444
470 169 1103 218 ETYMOLOGIARVM
1144 171 1273 218 LIB.
1317 173 1356 219 Ι.
1396 171 1535 220 xxxix

132 302 286 343 metra
312 291 592 342 Simonides
618 299 765 355 poeta
790 293 966 355 lyricus
1002 293 1278 355 conposuit.
1354 297 1399 342 A
1426 296 1886 359 frequentatoribus,
1912 298 1941 344 8

131 384 185 424 ut
224 373 555 437 Asclepiadia.
629 374 746 421 Non
781 372 913 421 enim
949 389 1007 421 ea
1032 374 1294 438 Asclepius
1321 375 1521 435 invenit,
1559 379 1647 426 sed
1680 378 1888 440 proinde

130 457 196 505 ita
221 465 394 521 vocata
419 456 556 518 quod
582 471 640 503 ea
664 454 797 504 idem
824 455 1189 518 elegantissime
1224 455 1297 524 [et
1322 458 1743 526 frequentissime]
1769 478 1886 510 usus

129 538 203 586 sit.
277 540 323 585 A
360 536 506 586 rebus
543 552 670 599 quae
704 535 996 595 scribuntur,
1034 545 1088 585 ut
1118 538 1388 599 heroicum,
1416 539 1701 603 elegiacum,
1738 541 1886 590 buco·
1914 550 1948 595 9

83 634 104 673 5
128 621 292 668 licum.
390 618 667 667 Heroicum
711 617 844 666 enim
892 634 1092 668 carmen
1141 621 1345 681 dictum,
1391 623 1529 684 quod
1569 638 1628 670 eo
1672 622 1885 671 virorum

128 700 327 750 fortium
367 718 442 750 res
479 709 527 749 et
563 702 691 748 facta
728 709 998 750 narrantur.
1071 703 1203 750 Nam
1241 704 1416 752 heroes
1453 705 1764 767 appellantur
1800 705 1886 754 viri

129 782 269 845 quasi
302 781 418 831 aerii
455 790 502 830 et
540 782 678 829 caelo
716 780 850 844 digni
888 791 1087 847 propter
1125 783 1417 847 sapientiam
1449 794 1497 834 et
1527 785 1882 834 fortitudinem.

130 865 281 926 Quod
301 872 509 912 metrum
529 861 819 911 auctoritate
840 874 1001 914 cetera
1021 875 1175 914 metra
1191 866 1442 929 praecedit
1464 885 1477 927 ,·
1514 884 1641 915 unus
1658 884 1716 915 ex
1732 867 1886 915 omni-

127 945 220 993 bus
263 954 364 993 tam
404 942 628 992 maximis
671 943 903 1006 operibus
945 957 1089 1009 aptus
1133 963 1283 1010 quarn
1325 947 1498 1011 parvis,
1546 948 1797 997 suavitatis
1838 959 1886 998 et

57 1041 106 1069 10
128 1026 406 1076 dulcedinis
431 1042 590 1089 aeque
621 1042 787 1088 capax.
866 1027 1062 1088 Quibus
1096 1027 1358 1078 virtutibus
1392 1047 1578 1079 nomen
1603 1031 1736 1078 solus
1763 1030 1886 1080 obti-
1908 1044 1966 1079 10

127 1108 246 1168 nuit,
276 1116 329 1157 ut
354 1107 607 1157 heroicum
633 1117 889 1157 vocaretur
913 1111 976 1158 ad
1003 1113 1351 1160 memorandas
1384 1111 1571 1160 scilicet
1596 1129 1766 1160 eorum
1793 1129 1883 1161 res.

127 1193 259 1239 Nam
285 1199 332 1239 et
352 1206 467 1253 prae
494 1199 682 1238 ceteros
709 1189 1101 1253 simplicissimus
1128 1193 1336 1242 habetur
1363 1203 1658 1257 constatque
1682 1194 1881 1243 duobus

127 1269 396 1338 [pedibus],
425 1273 622 1334 dactylo
649 1280 695 1319 et
720 1274 962 1335 spondeo,
990 1291 1047 1322 ac
1075 1291 1221 1338 saepe
1254 1292 1382 1339 pene
1409 1277 1485 1324 vel
1519 1293 1578 1324 ex
1602 1277 1698 1323 hoc
1724 1277 1800 1324 vel
1826 1292 1884 1324 ex

126 1353 241 1415 illo;
284 1353 375 1402 nisi
404 1355 540 1417 quod
566 1354 1040 1418 temperantissimus
1067 1358 1121 1404 fit
1147 1357 1401 1420 utriusque
1427 1357 1635 1406 mixtura
1661 1374 1810 1421 quam
1840 1360 1878 1405 si

56 1449 102 1490 15
126 1434 390 1484 instruatur
408 1453 437 1484 a
457 1435 672 1498 singulis.
749 1437 998 1486 Omnibus
1016 1455 1217 1502 quoque
1235 1441 1401 1488 metris
1421 1439 1552 1502 prior
1571 1448 1658 1489 est.
1727 1442 1881 1487 Hunc
1904 1451 1950 1484 11

124 1517 338 1581 primurn
358 1519 559 1581 Moyses
578 1517 626 1565 in
645 1518 840 1567 cantico
864 1520 1241 1569 Deuteronomii
1262 1523 1408 1584 longe
1427 1530 1542 1570 ante
1561 1523 1880 1585 Pherecyden

126 1609 174 1648 et
213 1602 495 1648 Homerum
532 1599 771 1649 cecinisse
807 1602 1057 1664 probatur.
1132 1604 1281 1651 Vnde
1314 1612 1517 1666 apparet
1550 1603 1880 1666 antiquiorem

126 1680 274 1730 fuisse
299 1682 433 1745 apud
460 1681 722 1730 Hebraeos
756 1682 976 1731 studium
1010 1685 1284 1732 carminum
1311 1701 1462 1747 quam
1498 1686 1632 1748 apud
1657 1684 1878 1748 gentileS‚

127 1762 372 1826 siquidem
390 1772 438 1811 et
457 1763 551 1811 Iob
570 1764 735 1827 Moysi
755 1764 1062 1827 temporibus
1079 1767 1385 1829 adaequatus
1411 1767 1696 1815 hexametro
1721 1783 1878 1826 versu,

54 1864 104 1892 20
126 1846 323 1908 dactylo
349 1845 688 1908 spondeoque,
710 1846 936 1894 decurrit.
1013 1848 1168 1894 Hunc
1192 1848 1327 1910 apud
1348 1849 1565 1896 Graecos
1585 1847 1879 1896 Achatesius
1903 1858 1957 1893 12

127 1925 353 1975 Milesius
383 1928 532 1975 fertur
565 1925 750 1989 primus
785 1927 1122 1991 conposuisse,
1162 1930 1254 1989 vel,
1290 1938 1342 1977 ut
1372 1928 1455 1977 alii
1487 1938 1675 1992 putant,
1706 1930 1880 1978 Phere-

125 2010 273 2071 cydes
300 2010 459 2072 Syrus.
537 2011 690 2071 Quod
725 2018 935 2057 metrum
970 2019 1084 2058 ante
1112 2013 1393 2059 Homerum
1423 2013 1655 2074 Pythium
1689 2011 1877 2060 dictum

125 2100 210 2150 est,
262 2100 374 2154 post
418 2093 698 2139 Homerum
742 2091 993 2140 heroicum
1036 2091 1362 2141 nominatum.
1438 2092 1669 2154 Pythium
1711 2101 1878 2141 autem
1903 2104 1957 2150 13

124 2181 354 2221 vocatum
392 2174 564 2220 volunt
600 2189 673 2233 eo,
703 2174 840 2236 quod
878 2175 972 2221 hoc
1008 2190 1185 2236 genere
1223 2173 1365 2223 metri
1403 2176 1599 2223 oracula
1634 2174 1879 2238 Apollinis

53 2274 100 2314 25
126 2254 222 2303 sint
248 2254 391 2304 edita.
467 2257 599 2303 Nam
626 2272 740 2303 cum
766 2255 816 2302 in
845 2258 1060 2304 Parnaso
1087 2257 1366 2319 Pythonem
1395 2266 1673 2319 serpentem
1702 2256 1751 2304 in
1780 2256 1880 2304 vin-

126 2336 309 2385 dictam
335 2335 501 2385 matris
535 2336 720 2400 sagittis
754 2337 1105 2401 insequeretur,
1134 2339 1333 2387 accolae
1361 2337 1593 2401 Delphici
1619 2339 1715 2386 hoc
1742 2338 1878 2386 illum

126 2427 283 2467 metro
333 2418 510 2467 hortati
566 2427 692 2478 sunt,
739 2421 975 2479 dicentes,
1018 2429 1070 2468 ut
1118 2420 1185 2468 ait
1227 2419 1557 2468 Terentianus
1598 2419 1744 2482 (1591
1772 2420 1875 2484 K),

183 2561 207 2586 2
236 2548 348 2586 enim
378 2562 461 2589 om.
494 2549 555 2586 Κ1
760 2549 1013 2600 asclepidius
1042 2549 1083 2587 Β
1338 2563 1363 2598 3
1393 2555 1543 2589 vocata
1575 2562 1673 2588 esse
1702 2551 1814 2599 quod
1837 2550 1883 2588 K

128 2616 178 2641 ea
197 2603 309 2641 idem
328 2603 478 2642 ACT:
509 2604 658 2642 eadem
678 2603 766 2642 ΒΚ
872 2604 1191 2654 elegentissime
1211 2604 1271 2641 Al
1295 2618 1305 2643 ε
1334 2604 1659 2654 diligentissime
1679 2604 1725 2642 K
1835 2611 1878 2644 et

128 2657 471 2707 frequentissime
484 2658 578 2699 hab.
601 2658 698 2696 TB:
728 2672 810 2699 om.
826 2657 954 2696 ACK
1089 2661 1115 2698 8
1144 2671 1274 2697 unum
1296 2659 1334 2696 T
1465 2673 1490 2708 9
1520 2665 1604 2698 tam
1628 2671 1735 2699 max.
1753 2671 1872 2708 oper.

129 2725 212 2754 om.
242 2711 280 2750 T
409 2713 685 2752 suabitatibus
713 2714 768 2754 T:
805 2713 1033 2753 suavitates
1053 2712 1114 2751 Kl
1272 2727 1322 2753 10
1352 2714 1587 2753 dulcidines
1607 2713 1669 2752 Κ1
1829 2726 1872 2751 11

129 2766 295 2818 eorum]
312 2779 455 2807 eroum
476 2767 518 2805 B
685 2780 732 2806 12
762 2774 930 2808 ceteros
945 2767 1001 2806 Bl
1014 2768 1072 2806 T:
1101 2767 1253 2807 ceteris
1271 2768 1348 2807 CK
1512 2780 1560 2817 13
1590 2768 1765 2817 pedibus
1781 2767 1875 2808 hab.

129 2819 232 2861 BT:
265 2835 347 2862 om.
371 2821 466 2861 CK1
634 2834 682 2872 14
713 2823 1091 2873 temperatissimus
1116 2823 1163 2862 fit
1183 2822 1269 2861 KB
1284 2836 1295 2862 ε
1339 2822 1721 2873 temperantissime
1742 2822 1816 2860 suit
1845 2821 1883 2859 T

95 2904 99 2905 γ
127 2877 247 2924 quasi
276 2876 540 2917 instruantur
577 2876 614 2915 T
775 2879 825 2916 16
853 2878 1218 2917 deuteronomium
1251 2876 1351 2916 C1T
1454 2877 1579 2927 longe
1607 2883 1746 2915 autem
1774 2881 1874 2914 ante

129 2929 245 2968 C1K1
261 2935 310 2970 ut
326 2931 407 2971 vid.
563 2945 613 2982 19
642 2937 765 2971 extra
785 2937 920 2972 metro
941 2945 1090 2972 versus
1119 2932 1174 2972 T:
1206 2938 1426 2971 exametro
1445 2944 1614 2971 versum
1635 2930 1676 2969 Β
1822 2943 1876 2968 20

126 2983 258 3036 Ach.]
275 2985 520 3025 Hecataeus
531 2986 657 3027 Arev.
675 2986 742 3037 (ex
753 2986 969 3039 Strabone)
1100 3000 1147 3025 21
1174 2986 1364 3026 Milesius
1378 3000 1459 3026 om.
1475 2986 1520 3024 K
1522 2986 1536 3011 1
1658 2997 1711 3033 24
1726 2983 1875 3023 volunt

127 3051 209 3079 om.
239 3038 301 3077 K1
411 3041 490 3080 hoc
521 3054 603 3081 om.
637 3041 699 3079 Κ1
826 3053 878 3091 25
906 3041 1092 3081 vindicta
1127 3041 1196 3080 K:
1239 3041 1456 3082 victoriam
1487 3040 1524 3078 T
1640 3041 1692 3078 26
1720 3039 1790 3078 ille
1821 3038 1868 3079 K

128 3104 178 3142 27
209 3093 313 3133 orati
335 3094 438 3133 BK1
453 3099 501 3135 ut
517 3094 596 3136 vid.
