2176 3424
1108 167 1378 215 ISIDORI

373 292 503 357 ropis
531 293 640 342 filia.
718 296 861 343 Haec
886 303 933 343 et
962 295 1212 344 Dardania
1237 314 1266 345 a
1294 299 1530 346 Dardano
1550 296 1680 346 Iovis
1707 296 1807 345 filio
1833 296 1976 346 dicta.
2043 299 2121 346 De

373 391 473 437 quo
501 377 755 425 Homerus
779 375 847 424 ait
872 374 954 441 (cf.
986 378 1041 426 Il.
1067 395 1140 437 20,
1165 378 1282 444 215)
1304 399 1312 427 ε

611 460 775 519 Quem
813 457 1025 522 primum
1063 459 1232 523 genuit
1267 459 1466 510 caelesti
1504 460 1724 525 Iuppiter
1759 477 1884 509 arce.

376 537 477 586 Hic
503 538 635 587 enim
673 541 921 603 profectus
955 542 1019 590 de
1045 542 1266 605 Corytho
1299 542 1494 592 civitate
1531 544 1715 606 primus
1741 541 1873 591 venit
1899 541 1950 590 in
1977 543 2122 604 Phry-

372 622 516 684 giam.
593 623 682 670 Est
706 631 871 671 autern
907 625 1039 687 regio
1073 626 1257 674 Troadi
1287 625 1561 689 superiecta
1588 625 1652 673 ab
1688 623 1949 688 Aquilonis
1987 632 2122 687 parte
2147 650 2168 690 5

374 702 598 752 Galatiae
616 722 629 765 3
666 721 695 752 a
719 703 991 754 meridiana
1016 705 1177 755 vicina
1201 716 1274 755 est
1292 707 1570 771 Lycaoniae
1588 726 1601 769 3
1634 707 1696 756 ab
1723 708 1911 755 oriente
1938 706 2122 768 Lydiae

371 787 607 834 adhaeret
625 804 638 847 3
675 786 738 835 ab
768 788 1028 836 occidente
1064 790 1396 852 Hellesponto
1433 789 1554 838 mari
1584 789 1882 839 terminatur.
1956 787 2122 835 Huius

373 867 506 931 regio
527 867 677 917 Troia
702 878 789 928 est,
819 886 969 933 quam
995 887 1053 919 ex
1079 887 1168 920 suo
1195 870 1397 920 nomine
1422 871 1685 935 appellavit
1717 875 1858 932 Tros,
1886 870 2123 920 Troiano-

373 967 480 998 rum
507 967 601 1010 rex,
632 951 938 1014 Ganymedis
963 962 1112 1015 pater.
1176 955 1320 1002 Duae
1345 963 1457 1003 sunt
1481 964 1646 1003 autem
1665 953 1931 1017 Phrygiae:
1969 951 2124 1000 maior

374 1043 422 1081 et
459 1032 632 1082 minor.
707 1033 870 1083 Maior
903 1035 1111 1099 Phrygia
1144 1038 1402 1100 Smyrnam
1439 1037 1602 1096 habet,
1631 1037 1791 1085 minor
1816 1052 1931 1084 vero
1958 1034 2119 1083 Ilium.
2149 1057 2176 1084 1.

175 1126 256 1174 42,
284 1125 350 1173 43
378 1115 625 1178 Lycaonia
651 1153 660 1164 .
691 1155 699 1163 .
729 1155 738 1165 .
769 1116 965 1167 Cariam
985 1120 1204 1166 Hermus
1221 1118 1395 1167 fluvius
1412 1117 1690 1168 discernita
1707 1118 1927 1180 Phrygia.
1968 1114 2125 1179 Lydia

375 1199 517 1247 sedes
544 1200 746 1261 antiqua
772 1216 1048 1263 regnorum,
1078 1217 1228 1263 quam
1255 1201 1443 1250 Pactoli
1474 1202 1608 1249 unda
1642 1199 1813 1249 extulit
1845 1198 1895 1246 in
1929 1197 2120 1247 divitias

375 1279 673 1329 torrentibus
698 1280 873 1331 aureis.
947 1284 1091 1331 Haec
1115 1292 1261 1332 antea
1288 1284 1523 1332 Maeonia
1553 1282 1821 1342 dicebatur,
1850 1297 1977 1344 quae
2002 1282 2123 1329 dum

374 1379 462 1426 pro
488 1362 724 1411 brevitate
750 1364 876 1412 duos
903 1365 1072 1413 fratres
1098 1381 1234 1428 reges
1254 1366 1447 1428 Lydum
1475 1374 1523 1414 et
1539 1365 1850 1426 Tyrrhenum
1875 1364 1997 1411 ferre
2022 1378 2123 1409 non

373 1453 553 1507 posset,
583 1445 699 1492 hinc
731 1462 788 1493 ex
822 1455 952 1494 sorte
986 1447 1270 1508 Tyrrhenus
1304 1463 1418 1495 cum
1452 1445 1637 1510 ingenti
1672 1444 1987 1494 multitudine
2020 1459 2125 1507 pro-
2152 1471 2166 1497 1

372 1528 528 1576 fectus
555 1527 665 1575 loca
685 1525 875 1575 Galliae
900 1529 1175 1591 occupavit,
1204 1538 1252 1577 et
1272 1530 1596 1591 Tyrrheniam
1616 1526 1904 1576 nominavit.
1969 1525 2125 1589 Lydia

370 1617 536 1656 autem
562 1625 591 1656 a
617 1609 759 1671 Lydo
785 1608 908 1672 regis
935 1611 1092 1667 fratre,
1120 1609 1205 1672 qui
1237 1609 1287 1658 in
1321 1609 1573 1674 provincia
1607 1618 1919 1669 remanserat,
1946 1625 2126 1671 cogno-

372 1689 557 1738 minata
582 1699 667 1739 est.
744 1690 1073 1755 Coniungitur
1097 1701 1264 1741 autem
1289 1693 1352 1741 ab
1380 1691 1640 1742 occidente
1665 1691 1843 1741 minori
1869 1688 2120 1754 Phrygiae,

370 1773 434 1822 ab
472 1782 581 1822 ortu
619 1774 878 1836 Smyrnam
916 1774 1090 1822 urbem
1127 1774 1290 1834 habet,
1330 1791 1479 1838 quam
1519 1776 1693 1824 Helles
1732 1773 1907 1822 fluvius
1943 1771 2094 1835 cingit
2113 1789 2126 1830 ,·

372 1854 511 1904 cuius
549 1871 751 1918 campos
786 1857 1016 1904 Pactolus
1051 1865 1099 1904 et
1133 1857 1352 1905 Hermus
1387 1856 1746 1915 circumfluunt,
1774 1854 1932 1904 arenis
1966 1854 2123 1902 aureis
2151 1875 2169 1902 2

283 1945 350 1994 44
373 1936 613 1987 ditissimi.
689 1936 993 2000 Pamphylia.
1067 1937 1254 1986 Isauria
1285 1956 1343 1987 ex
1379 1938 1472 1987 situ
1504 1938 1601 1987 loci
1634 1937 1918 2001 perhibetur
1947 1952 2126 1999 cogno-

374 2015 572 2075 minata,
601 2017 737 2079 quod
763 2015 987 2079 undique
1011 2024 1179 2078 aperta
1203 2034 1430 2064 aurarum
1464 2017 1660 2065 flatibus
1690 2025 1868 2079 pateat.
1943 2016 2126 2063 Metro—

287 2107 351 2157 45
373 2100 526 2162 polim
548 2099 721 2147 urbem
747 2099 1021 2148 Seleuciam
1048 2099 1211 2147 habet.
1276 2099 1450 2149 Cilicia
1475 2116 1503 2148 a
1525 2098 1679 2150 Cilice
1699 2099 1918 2162 quodam
1938 2113 2122 2147 nomen

373 2180 527 2241 traxit,
548 2197 697 2244 quern
719 2189 881 2228 ortum
899 2179 1151 2229 Phoenice
1173 2180 1359 2241 dicunt,
1379 2181 1809 2244 antiquioremque
1829 2182 1949 2229 Iove
1975 2178 2123 2227 fuisse

372 2264 619 2312 adserunt.
695 2263 911 2310 Plurima
937 2261 1063 2311 iacet
1089 2262 1291 2327 campis,
1320 2262 1561 2327 recipiens
1586 2263 1649 2312 ab
1675 2264 1886 2312 occiduo
1905 2259 2118 2325 Lyciam,
2148 2284 2176 2312 21

373 2361 402 2393 a
438 2343 642 2394 meridie
679 2361 812 2393 mare
849 2343 1073 2404 Issicum,
1116 2361 1145 2392 a
1186 2354 1322 2408 tergo
1364 2346 1547 2394 montis
1586 2344 1736 2393 Tauri
1774 2343 1899 2408 iuga.
1973 2345 2123 2392 Hanc

376 2428 580 2490 Cydnus
606 2427 765 2475 amnis
791 2425 1065 2475 intersecat.
1131 2428 1345 2476 Matrem
1372 2426 1569 2475 urbium
1595 2427 1746 2475 habet
1771 2428 1995 2474 Tarsum.
2060 2426 2120 2473 In

376 2525 432 2558 ea
458 2517 506 2557 et
524 2509 743 2571 Corycus
769 2507 1010 2571 oppidum
1031 2516 1119 2569 est,
1137 2509 1272 2557 unde
1288 2525 1489 2557 crocum
1514 2507 1782 2571 plurimum
1808 2516 1855 2556 et
1875 2505 2119 2570 optimum

429 2654 455 2690 3
484 2638 686 2690 primum]
707 2639 826 2689 prius
849 2639 883 2678 C
1033 2653 1057 2688 4
1087 2638 1298 2690 Corytho]
1322 2640 1486 2678 corinto
1510 2638 1643 2689 (-tho)
1666 2638 1777 2678 codd.
1918 2641 1946 2677 6
1974 2638 2052 2677 vic.
2074 2644 2118 2677 et

378 2695 480 2746 Lyc.
505 2694 546 2732 Β
661 2707 709 2732 10
741 2694 866 2746 vero]
888 2699 1028 2732 autem
1050 2693 1085 2733 C
1201 2706 1246 2733 11
1278 2707 1303 2732 a
1325 2693 1532 2745 Phrygia]
1553 2693 1683 2732 africa
1711 2692 1748 2731 T
1855 2705 1903 2731 12
1934 2692 2116 2743 Pactoli]

376 2755 501 2801 pacto
514 2747 560 2786 K
675 2761 723 2798 15
744 2748 842 2788 hinc
855 2761 940 2788 om.
962 2747 1000 2786 T
1095 2762 1149 2787 ex
1169 2754 1262 2788 orte
1282 2746 1400 2799 (-tae)
1419 2761 1516 2788 corr.
1534 2762 1589 2787 ex
1601 2754 1717 2787 sorte
1735 2746 1812 2787 CT
1829 2761 1837 2786 :
1860 2753 2032 2787 exortus
2044 2746 2110 2785 K:

376 2818 430 2844 ex
448 2810 538 2844 arte
550 2802 591 2841 Β
717 2805 765 2842 18
786 2803 960 2842 minoris
972 2802 1102 2842 ΒΚΤ
1209 2816 1257 2853 19
1280 2800 1448 2854 Helles]
1466 2803 1598 2842 meles
1613 2803 1656 2853 C,
1672 2807 1767 2841 recte
1889 2815 1943 2841 20
1961 2801 2115 2851 pactoli

376 2858 422 2897 Κ
546 2857 760 2897 hermulus
788 2858 824 2895 T
948 2859 1238 2898 circumfluant
1260 2857 1310 2897 Cl
1437 2870 1591 2897 aureus
1612 2857 1652 2896 Β
1827 2870 1877 2905 24
1905 2856 2044 2896 iovem
2067 2854 2116 2895 Cl

375 2926 427 2964 25
457 2913 568 2965 ads.]
596 2913 742 2952 dicunt
769 2911 807 2950 T
911 2913 1035 2964 Lyc.]
1056 2913 1197 2952 libiam
1218 2911 1263 2950 K
1369 2915 1422 2951 26
1452 2912 1552 2964 Iss.]
1572 2912 1727 2951 siccum
1747 2911 1789 2949 Β
1807 2925 1815 2949 :
1843 2910 2054 2960 persicum
2075 2909 2121 2948 K

380 2969 480 3018 (non
504 2968 613 3007 Ovet.
637 2969 760 3017 extr.)
914 2980 964 3017 27
996 2968 1145 3018 cignus
1165 2966 1277 3006 codd.
1302 2965 1445 3019 (etiam
1468 2966 1580 3007 Ovet.
1603 2965 1725 3016 extr.)
1837 2965 1982 3005 tarsim
2000 2964 2080 3004 BC
2085 2963 2122 3003 T

375 3024 426 3102 in1
440 3023 510 3075 ea]
534 3023 673 3062 eniam
689 3020 735 3059 K
776 3074 807 3115 d
843 3022 911 3113 738
942 3022 1128 3062 coriscos
1151 3019 1228 3060 CK
1243 3035 1251 3061 :
1283 3034 1374 3061 —cus
1394 3021 1435 3059 Β
1457 3025 1558 3072 (non
1581 3020 1692 3061 Ovet.
1716 3021 1836 3073 extr.)
1949 3032 2115 3060 cocrum

377 3077 411 3116 C
449 3092 458 3117 t
488 3090 658 3117 coccum
674 3081 721 3116 ut
737 3076 779 3116 vi
807 3106 816 3116 .
