2176 3424
458 85 1089 134 ETYMOLOGIARVM
1131 84 1260 132 LIB.
1300 83 1421 130 XII.
1459 81 1474 129 i

90 224 304 264 vocatur.
400 215 583 263 Hircus
632 214 866 263 lascivum
914 213 1097 261 animal
1147 224 1194 262 et
1243 214 1495 276 petulcum
1546 220 1593 259 et
1640 212 1830 258 fervens
1853 221 1911 268 14

89 315 281 361 semper
327 299 390 346 ad
439 299 656 358 coitum3
706 296 845 345 cuius
871 295 1002 344 oculi
1044 296 1110 344 ob
1153 294 1359 343 libidine
1407 293 1457 341 in
1500 303 1830 342 transversum

85 378 341 442 aspiciunt,
371 380 504 427 unde
538 389 585 427 et
617 395 801 427 nomen
828 376 985 425 traxit.
1057 379 1187 426 Nam
1225 375 1387 439 hirqui
1424 385 1538 424 sunt
1574 376 1830 424 oculorum

85 463 250 525 anguli
267 463 541 510 secundum
559 460 852 510 Suetonium
869 458 1018 524 (Prat.
1046 457 1161 523 171)
1178 477 1191 520 3
1225 458 1363 507 cuius
1385 466 1559 506 natura
1573 459 1700 506 adeo
1722 457 1831 505 cali-

40 562 61 603 5
87 543 288 592 dissima
320 553 392 592 est
427 552 479 591 ut
515 545 832 592 adamantem
870 540 1101 604 lapidem,
1131 557 1279 604 quem
1310 556 1403 588 nec
1435 539 1575 603 ignis,
1602 555 1695 588 nec
1720 538 1830 587 ferri

85 626 288 673 domare
323 627 452 674 valet
489 626 704 684 materia,
745 625 878 672 solus
921 622 1066 670 huius
1109 639 1251 670 cruor
1290 622 1535 670 dissolvat.
1613 620 1829 668 Maiores

85 706 205 754 hirci
232 706 467 770 Cinyphii
493 706 725 755 dicuntur
748 723 777 754 a
801 704 952 753 fluvio
979 703 1207 767 Cinyphe
1232 704 1284 752 in
1310 703 1478 767 Libya,
1508 702 1594 752 ubi
1619 704 1828 766 grandes

83 797 363 836 nascuntur.
458 790 646 851 Capros
687 796 734 836 et
777 803 947 850 capras
990 803 1019 834 a
1061 785 1319 849 carpendis
1358 785 1576 848 virgultis
1625 783 1826 848 quidam
1851 796 1903 846 15

83 871 322 918 dixerunt.
395 869 493 917 Alii
541 870 678 932 quod
737 877 935 930 captent
993 884 1178 930 aspera.
1254 867 1497 916 Nonnulli
1555 883 1584 914 a
1641 865 1830 930 crepitu

0 970 61 998 no
83 967 290 1010 crurum,
321 953 454 999 unde
482 967 563 999 eas
590 966 759 1013 crepas
785 951 1022 998 vocitatas
1042 968 1054 1009 3
1091 965 1218 1011 quae
1244 958 1358 997 sunt
1387 957 1601 1012 agrestes
1638 964 1826 1012 caprae,

82 1049 202 1095 quas
219 1033 396 1081 Graeci
413 1049 500 1096 pro
517 1049 576 1081 eo
594 1034 730 1095 quod
747 1031 1028 1079 acutissime
1045 1030 1256 1091 videant,
1277 1032 1327 1080 id
1345 1039 1417 1080 est
1434 1032 1826 1094 ὀξυδερκέστερον,

81 1113 246 1178 δορκάς
268 1117 651 1178 appellaverunt.
726 1116 986 1162 Morantur
1011 1114 1143 1162 enim
1170 1114 1220 1160 in
1246 1112 1450 1162 excelsis
1484 1112 1751 1172 montibus,
1781 1122 1828 1161 et

80 1196 302 1259 quamvis
353 1198 415 1244 de
463 1196 749 1259 longinquo,
802 1195 973 1244 vident
1021 1204 1188 1243 tamen
1249 1212 1422 1244 omnes
1474 1195 1559 1258 qui
1607 1194 1824 1243 veniunt.

83 1280 224 1327 Idem
250 1287 415 1327 autem
443 1287 490 1326 et
516 1294 751 1341 capreae:
790 1277 922 1326 idem
949 1277 1120 1338 ibices,
1147 1277 1287 1341 quasi
1311 1277 1487 1336 avices,
1516 1294 1576 1325 eo
1602 1278 1738 1340 quod
1762 1278 1826 1325 ad
1849 1282 1907 1328 16

0 1371 57 1422 {15
80 1359 230 1408 instar
248 1360 413 1408 avium
438 1361 591 1409 ardua
616 1369 664 1408 et
690 1362 882 1408 excelsa
907 1369 1109 1408 teneant
1135 1370 1182 1408 et
1209 1361 1258 1407 in
1291 1359 1502 1408 sublime
1532 1358 1822 1419 inhabitent,

0 1430 37 1459 ’·’
78 1441 144 1490 ita
169 1451 221 1489 ut
246 1443 309 1491 de
335 1441 636 1490 sublimitate
660 1441 738 1490 vix
768 1442 998 1490 humanis
1032 1442 1288 1490 obtutibus
1321 1450 1534 1504 pateant.
1605 1442 1752 1490 Vnde
1779 1450 1825 1489 et
1850 1459 1902 1507 17

79 1523 347 1573 meridiana
374 1540 483 1586 pars
509 1523 661 1572 ibices
686 1541 800 1572 aves
827 1533 1019 1584 vocant,
1050 1524 1134 1586 qui
1170 1523 1271 1572 Nili
1305 1523 1499 1571 fluentis
1530 1522 1823 1571 inhabitant.

82 1608 223 1654 Haec
266 1605 431 1669 itaque
470 1605 715 1666 animalia,
761 1614 815 1654 ut
856 1605 1083 1666 diximus,
1130 1607 1180 1653 in
1221 1605 1369 1669 petris
1407 1605 1656 1654 altissimis
1695 1621 1826 1653 com-

81 1696 343 1747 morantur,
390 1698 437 1736 et
480 1689 519 1735 si
568 1689 770 1750 quando
813 1689 1021 1736 ferarum
1060 1688 1136 1736 vel
1174 1687 1433 1736 hominum
1476 1686 1823 1736 adversitatem

0 1791 56 1819 120
80 1769 423 1831 persenserint,
449 1771 512 1819 de
535 1769 784 1818 altissimis
811 1786 1038 1818 saxorum
1069 1769 1411 1818 cacuminibus
1449 1786 1555 1818 sese
1592 1768 1824 1833 praecipi-

77 1856 236 1896 tantes
262 1847 312 1895 in
338 1848 437 1896 suis
465 1846 559 1914 [se]
587 1847 819 1896 cornibus
846 1847 1031 1896 inlaesa
1052 1847 1338 1911 suscipiunt.
1415 1847 1559 1898 Cervi
1586 1847 1705 1896 dicti
1732 1849 1822 1896 ἀπὸ
1847 1847 1900 1894 18

76 1935 166 1979 τῶν
207 1929 419 1994 κεράτων,
462 1930 512 1979 id
556 1939 629 1978 est
667 1947 695 1978 a
738 1929 971 1978 cornibus
992 1949 1005 1990 3
1041 1932 1208 1993 κέρατα
1241 1930 1374 1979 enim
1413 1931 1604 1978 Graece
1637 1946 1822 1978 cornua

77 2012 319 2061 dicuntur.
395 2012 466 2060 Hi
492 2011 791 2075 serpentium
819 2011 1005 2059 inimici
1042 2028 1157 2060 cum
1194 2028 1245 2060 se
1281 2021 1504 2075 gravatos
1539 2012 1821 2061 infirmitate

0 2111 12 2177 k
78 2093 418 2157 persenserint,
447 2093 617 2157 spiritu
647 2093 838 2141 narium
866 2110 949 2143 eos
974 2095 1235 2142 extrahunt
1261 2095 1324 2142 de
1350 2093 1584 2154 cavernis,
1615 2103 1662 2143 et
1682 2111 1821 2157 supe-

0 2186 56 2240 ιη,
78 2186 179 2224 rata
221 2175 436 2239 pernicie
477 2175 651 2224 veneni
689 2192 859 2224 eorum
899 2175 1083 2239 pabulo
1125 2185 1421 2237 reparantur.
1495 2176 1818 2224 Dictamnum

76 2258 279 2306 herbam
322 2258 413 2321 ipsi
454 2259 808 2322 prodiderunt3
861 2275 976 2306 nam
1025 2274 1085 2306 eo
1133 2259 1257 2321 pasti
1297 2260 1550 2307 excutiunt
1590 2268 1819 2322 acceptas

76 2342 286 2403 sagittas.
360 2340 604 2388 Mirantur
629 2348 795 2388 autem
823 2339 1020 2388 sibilum
1049 2341 1334 2389 fistularum.
1410 2340 1598 2389 Erectis
1618 2340 1818 2390 auribus
1842 2357 1901 2403 19

0 2445 10 2479 t
74 2431 216 2470 acute
251 2421 470 2480 audiunt,
511 2420 782 2469 summissis
819 2420 955 2469 nihil.
1025 2421 1074 2470 Si
1112 2423 1315 2485 quando
1352 2421 1578 2471 inmensa
1614 2422 1817 2471 flumina

0 2518 5 2544 f
38 2495 39 2498 ¹
75 2505 150 2552 vel
176 2504 325 2551 maria
351 2511 670 2562 transnatant,
698 2502 859 2566 capita
886 2502 1115 2552 clunibus
1146 2503 1548 2566 praecedentium
1586 2520 1818 2567 superpo-

132 2645 148 2670 1
172 2638 361 2672 vocatum
378 2632 423 2670 K
509 2632 724 2670 lascivium
738 2632 780 2670 B
888 2634 914 2671 6
935 2631 1147 2671 domariB
1231 2646 1253 2682 7
1276 2632 1372 2672 cifei
1390 2634 1471 2672 dic.
1488 2630 1545 2671 Bl
1636 2648 1662 2684 9
1681 2635 1817 2686 quod]

74 2688 170 2737 quia
189 2687 230 2726 Β
341 2687 536 2737 captent]
557 2693 731 2735 carpent
752 2687 838 2725 ΒΚ
987 2700 1036 2725 10
1065 2700 1218 2736 crepas
1236 2687 1277 2724 A
1286 2701 1363 2727 rev.
1389 2693 1455 2735 (ex
1471 2689 1594 2728 Paul.
1616 2689 1721 2728 Fest.
1747 2691 1815 2739 48,

78 2743 142 2791 14)
165 2756 174 2780 :
204 2754 323 2780 creas
343 2740 487 2780 B1K0
497 2740 573 2778 TX
585 2757 592 2780 z
625 2753 801 2790 capreas
824 2741 858 2780 C
976 2747 1149 2780 vocatas
1170 2741 1248 2780 CK
1374 2755 1418 2781 11
1450 2744 1491 2782 id
1512 2750 1578 2783 est
1599 2744 1678 2794 ὀξ.]
1695 2745 1736 2782 id
1752 2751 1816 2783 est

76 2795 199 2847 ζιδερκ
215 2802 419 2846 rectepon
435 2795 474 2833 Β
493 2809 502 2836 :
524 2801 725 2844 rectepon
743 2796 789 2834 K
873 2809 920 2836 12
942 2797 1092 2836 dorcas
1107 2796 1215 2835 codd.
1234 2811 1243 2835 ε
1273 2797 1477 2837 dorcadas
1497 2798 1585 2838 edd.
1675 2810 1723 2846 14
1745 2811 1814 2848 qu.

73 2850 211 2890 abices
231 2850 337 2888 B1T
439 2851 491 2889 ad
513 2863 598 2890 om.
622 2850 668 2887 K
833 2862 879 2900 15
911 2851 1074 2890 abitent
1103 2850 1198 2903 T(z·.
1209 2864 1240 2891 e.
1263 2851 1384 2904 hab-)
1555 2866 1601 2903 17
1633 2859 1757 2892 vocat
1777 2854 1818 2891 Β

73 2905 163 2944 nihi
181 2904 231 2944 Cl
327 2906 376 2943 18
397 2917 544 2944 comm.
567 2918 650 2944 om.
671 2902 726 2941 B¹
821 2919 874 2944 20
892 2911 1201 2956 persenserunt
1220 2904 1261 2943 B
1351 2907 1470 2958 sese]
1492 2920 1538 2946 se
1559 2906 1605 2944 K
1696 2920 1744 2945 21
1769 2920 1816 2946 se

73 2958 163 2998 hab.
191 2959 245 2999 T:
275 2973 357 3000 om.
380 2958 502 2998 BCK
607 2958 894 3009 suscipiuntur
915 2961 961 2999 K
1130 2972 1183 3010 23
1211 2973 1326 3011 serp.
1347 2962 1413 3001 vel
1432 2963 1488 3002 in.
1512 2960 1554 2999 Β
1663 2974 1761 3001 sese
1784 2962 1819 3001 C

73 3019 213 3062 gratos
240 3012 288 3050 Tl
477 3025 530 3062 24
558 3027 713 3064 supera
733 3014 779 3051 K
965 3026 1015 3064 25
1046 3015 1282 3065 diptapnon
1302 3015 1347 3054 K
1537 3017 1590 3054 26
1618 3016 1752 3066 ipsum
1774 3017 1816 3055 Β

73 3079 122 3117 27
153 3067 281 3106 rectis
303 3067 380 3106 CT
483 3081 536 3118 29
565 3069 763 3108 erunibus
792 3068 828 3107 T
