<?xml version="1.0" encoding="UTF-8"?>
<!DOCTYPE html PUBLIC "-//W3C//DTD XHTML 1.0 Transitional//EN"
    "http://www.w3.org/TR/xhtml1/DTD/xhtml1-transitional.dtd">
<html xmlns="http://www.w3.org/1999/xhtml" xml:lang="en" lang="en">
 <head>
  <title>
</title>
<meta http-equiv="Content-Type" content="text/html;charset=utf-8" />
  <meta name='ocr-system' content='tesseract 3.04.00' />
  <meta name='ocr-capabilities' content='ocr_page ocr_carea ocr_par ocr_line ocrx_word'/>
</head>
<body>
  <div class='ocr_page' id='page_1' title='image "./isidori01isiduoft/isidori01isiduoft_0304.png"; bbox 0 0 2228 3444; ppageno 0'>
   <div class='ocr_carea' id='block_1_1' title="bbox 1114 207 1386 256">
    <p class='ocr_par' dir='ltr' id='par_1_1' title="bbox 1114 207 1386 256">
     <span class='ocr_line' id='line_1_1' title="bbox 1114 207 1386 256; baseline 0.004 -2"><span class='ocrx_word' id='word_1_1' title='bbox 1114 207 1386 256; x_wconf 89' lang='lat' dir='ltr'><strong>ISIDORI</strong></span> 
     </span>
    </p>
   </div>
   <div class='ocr_carea' id='block_1_2' title="bbox 258 332 2187 2538">
    <p class='ocr_par' dir='ltr' id='par_1_2' title="bbox 315 332 2117 402">
     <span class='ocr_line' id='line_1_2' title="bbox 315 332 2117 402; baseline 0.006 -22"><span class='ocrx_word' id='word_1_2' title='bbox 315 343 348 389; x_wconf 89' lang='lat'><strong>9</strong></span> <span class='ocrx_word' id='word_1_3' title='bbox 374 332 559 383; x_wconf 89' lang='lat' dir='ltr'>Pilatus</span> <span class='ocrx_word' id='word_1_4' title='bbox 580 350 634 383; x_wconf 89' lang='lat' dir='ltr'>os</span> <span class='ocrx_word' id='word_1_5' title='bbox 656 335 951 385; x_wconf 81' lang='lat' dir='ltr'>malleatoris</span> <span class='ocrx_word' id='word_1_6' title='bbox 972 334 1113 402; x_wconf 86' lang='lat' dir='ltr'>[quia</span> <span class='ocrx_word' id='word_1_7' title='bbox 1133 339 1253 386; x_wconf 91' lang='lat' dir='ltr'>dum</span> <span class='ocrx_word' id='word_1_8' title='bbox 1275 338 1526 388; x_wconf 86' lang='lat' dir='ltr'><strong>Christum</strong></span> <span class='ocrx_word' id='word_1_9' title='bbox 1547 355 1630 388; x_wconf 91' lang='lat' dir='ltr'>ore</span> <span class='ocrx_word' id='word_1_10' title='bbox 1649 357 1738 388; x_wconf 92' lang='lat' dir='ltr'>suo</span> <span class='ocrx_word' id='word_1_11' title='bbox 1756 351 1803 389; x_wconf 91' lang='lat' dir='ltr'>et</span> <span class='ocrx_word' id='word_1_12' title='bbox 1822 340 2117 391; x_wconf 88' lang='lat' dir='ltr'>iustificabat</span> 
     </span>
    </p>

    <p class='ocr_par' dir='ltr' id='par_1_3' title="bbox 287 417 2114 487">
     <span class='ocr_line' id='line_1_3' title="bbox 287 417 2114 487; baseline 0.007 -27"><span class='ocrx_word' id='word_1_13' title='bbox 287 426 348 461; x_wconf 93' lang='lat'>10</span> <span class='ocrx_word' id='word_1_14' title='bbox 373 425 420 464; x_wconf 92' lang='lat' dir='ltr'>et</span> <span class='ocrx_word' id='word_1_15' title='bbox 439 417 823 478; x_wconf 83' lang='lat' dir='ltr'>condemnabat,</span> <span class='ocrx_word' id='word_1_16' title='bbox 844 435 980 467; x_wconf 91' lang='lat' dir='ltr'>more</span> <span class='ocrx_word' id='word_1_17' title='bbox 999 419 1295 468; x_wconf 81' lang='lat' dir='ltr'>malleatoris</span> <span class='ocrx_word' id='word_1_18' title='bbox 1314 429 1520 483; x_wconf 87' lang='lat' dir='ltr'>utraque</span> <span class='ocrx_word' id='word_1_19' title='bbox 1540 419 1685 487; x_wconf 64' lang='lat' dir='ltr'>ferit]</span> <span class='ocrx_word' id='word_1_20' title='bbox 1743 422 1969 472; x_wconf 87' lang='lat' dir='ltr'>Barabba</span> <span class='ocrx_word' id='word_1_21' title='bbox 1988 424 2114 473; x_wconf 91' lang='lat' dir='ltr'>filius</span> 
     </span>
    </p>

    <p class='ocr_par' dir='ltr' id='par_1_4' title="bbox 370 497 2115 649">
     <span class='ocr_line' id='line_1_4' title="bbox 372 497 2115 568; baseline 0.005 -22"><span class='ocrx_word' id='word_1_22' title='bbox 372 497 589 561; x_wconf 87' lang='lat' dir='ltr'>magistri</span> <span class='ocrx_word' id='word_1_23' title='bbox 626 516 796 548; x_wconf 91' lang='lat' dir='ltr'>eorum</span> <span class='ocrx_word' id='word_1_24' title='bbox 815 519 828 561; x_wconf 81' lang='lat'><em>3</em></span> <span class='ocrx_word' id='word_1_25' title='bbox 881 501 1071 564; x_wconf 84' lang='lat' dir='ltr'>absque</span> <span class='ocrx_word' id='word_1_26' title='bbox 1113 501 1267 551; x_wconf 88' lang='lat' dir='ltr'>dubio</span> <span class='ocrx_word' id='word_1_27' title='bbox 1305 504 1605 552; x_wconf 91' lang='lat' dir='ltr'>Iudaeorum</span> <span class='ocrx_word' id='word_1_28' title='bbox 1649 503 1877 567; x_wconf 86' lang='lat' dir='ltr'>magistri,</span> <span class='ocrx_word' id='word_1_29' title='bbox 1916 506 1999 568; x_wconf 90' lang='lat' dir='ltr'>qui</span> <span class='ocrx_word' id='word_1_30' title='bbox 2043 515 2115 555; x_wconf 90' lang='lat' dir='ltr'>est</span> 
     </span>
     <span class='ocr_line' id='line_1_5' title="bbox 370 581 2080 649; baseline 0.004 -19"><span class='ocrx_word' id='word_1_31' title='bbox 370 581 614 641; x_wconf 90' lang='lat' dir='ltr'>diabolus,</span> <span class='ocrx_word' id='word_1_32' title='bbox 641 581 1023 631; x_wconf 88' lang='lat' dir='ltr'>homicidiorum</span> <span class='ocrx_word' id='word_1_33' title='bbox 1049 593 1232 644; x_wconf 85' lang='lat' dir='ltr'>auctor,</span> <span class='ocrx_word' id='word_1_34' title='bbox 1262 586 1345 647; x_wconf 88' lang='lat' dir='ltr'>qui</span> <span class='ocrx_word' id='word_1_35' title='bbox 1372 602 1529 648; x_wconf 83' lang='lat' dir='ltr'>usque</span> <span class='ocrx_word' id='word_1_36' title='bbox 1553 585 1703 635; x_wconf 88' lang='lat' dir='ltr'>hodie</span> <span class='ocrx_word' id='word_1_37' title='bbox 1727 595 1896 649; x_wconf 88' lang='lat' dir='ltr'>regnat</span> <span class='ocrx_word' id='word_1_38' title='bbox 1920 586 1969 634; x_wconf 92' lang='lat' dir='ltr'>in</span> <span class='ocrx_word' id='word_1_39' title='bbox 1995 588 2080 636; x_wconf 89' lang='lat' dir='ltr'>eis.</span> 
     </span>
    </p>

    <p class='ocr_par' dir='ltr' id='par_1_5' title="bbox 284 666 2161 979">
     <span class='ocr_line' id='line_1_6' title="bbox 284 666 2161 731; baseline 0.005 -21"><span class='ocrx_word' id='word_1_40' title='bbox 284 673 347 714; x_wconf 85' lang='lat' dir='ltr'>XI</span> <span class='ocrx_word' id='word_1_41' title='bbox 509 666 591 711; x_wconf 83' lang='lat' dir='ltr'>DE</span> <span class='ocrx_word' id='word_1_42' title='bbox 627 679 973 714; x_wconf 79' lang='lat' dir='ltr'>MARTYRIBVS.</span> <span class='ocrx_word' id='word_1_43' title='bbox 1050 668 1290 730; x_wconf 90' lang='lat' dir='ltr'>Martyres</span> <span class='ocrx_word' id='word_1_44' title='bbox 1320 667 1510 716; x_wconf 87' lang='lat' dir='ltr'>Graeca</span> <span class='ocrx_word' id='word_1_45' title='bbox 1545 669 1724 731; x_wconf 85' lang='lat' dir='ltr'>lingua,</span> <span class='ocrx_word' id='word_1_46' title='bbox 1760 667 1934 717; x_wconf 88' lang='lat' dir='ltr'>Latine</span> <span class='ocrx_word' id='word_1_47' title='bbox 1967 678 2116 719; x_wconf 89' lang='lat' dir='ltr'>testes</span> <span class='ocrx_word' id='word_1_48' title='bbox 2139 684 2161 725; x_wconf 85' lang='lat'>5</span> 
     </span>
     <span class='ocr_line' id='line_1_7' title="bbox 371 744 2114 815; baseline 0.005 -22"><span class='ocrx_word' id='word_1_49' title='bbox 371 744 615 807; x_wconf 91' lang='lat' dir='ltr'>dicuntur,</span> <span class='ocrx_word' id='word_1_50' title='bbox 658 749 792 797; x_wconf 90' lang='lat' dir='ltr'>unde</span> <span class='ocrx_word' id='word_1_51' title='bbox 840 758 887 797; x_wconf 92' lang='lat' dir='ltr'>et</span> <span class='ocrx_word' id='word_1_52' title='bbox 930 748 1212 798; x_wconf 88' lang='lat' dir='ltr'>testimonia</span> <span class='ocrx_word' id='word_1_53' title='bbox 1255 752 1444 799; x_wconf 88' lang='lat' dir='ltr'>Graece</span> <span class='ocrx_word' id='word_1_54' title='bbox 1487 753 1713 814; x_wconf 86' lang='lat' dir='ltr'>martyria</span> <span class='ocrx_word' id='word_1_55' title='bbox 1754 762 2114 815; x_wconf 89' lang='lat' dir='ltr'>nuncupantur.</span> 
     </span>
     <span class='ocr_line' id='line_1_8' title="bbox 369 829 2118 896; baseline 0.005 -20"><span class='ocrx_word' id='word_1_56' title='bbox 369 829 544 878; x_wconf 88' lang='lat' dir='ltr'>Testes</span> <span class='ocrx_word' id='word_1_57' title='bbox 563 839 729 878; x_wconf 88' lang='lat' dir='ltr'>autem</span> <span class='ocrx_word' id='word_1_58' title='bbox 750 831 864 879; x_wconf 90' lang='lat' dir='ltr'>ideo</span> <span class='ocrx_word' id='word_1_59' title='bbox 884 831 1044 879; x_wconf 89' lang='lat' dir='ltr'>vocati</span> <span class='ocrx_word' id='word_1_60' title='bbox 1070 841 1197 891; x_wconf 90' lang='lat' dir='ltr'>sunt,</span> <span class='ocrx_word' id='word_1_61' title='bbox 1219 832 1334 895; x_wconf 86' lang='lat' dir='ltr'>quia</span> <span class='ocrx_word' id='word_1_62' title='bbox 1359 842 1556 896; x_wconf 90' lang='lat' dir='ltr'>propter</span> <span class='ocrx_word' id='word_1_63' title='bbox 1575 833 1912 883; x_wconf 89' lang='lat' dir='ltr'>testimonium</span> <span class='ocrx_word' id='word_1_64' title='bbox 1935 833 2118 884; x_wconf 89' lang='lat' dir='ltr'>Christi</span> 
     </span>
     <span class='ocr_line' id='line_1_9' title="bbox 368 911 2119 979; baseline 0.005 -22"><span class='ocrx_word' id='word_1_65' title='bbox 368 911 621 974; x_wconf 87' lang='lat' dir='ltr'>passiones</span> <span class='ocrx_word' id='word_1_66' title='bbox 655 912 1005 973; x_wconf 89' lang='lat' dir='ltr'>sustinuerunt,</span> <span class='ocrx_word' id='word_1_67' title='bbox 1034 923 1082 962; x_wconf 91' lang='lat' dir='ltr'>et</span> <span class='ocrx_word' id='word_1_68' title='bbox 1108 931 1264 977; x_wconf 85' lang='lat' dir='ltr'>usque</span> <span class='ocrx_word' id='word_1_69' title='bbox 1296 916 1360 964; x_wconf 90' lang='lat' dir='ltr'>ad</span> <span class='ocrx_word' id='word_1_70' title='bbox 1395 925 1603 964; x_wconf 89' lang='lat' dir='ltr'>mortem</span> <span class='ocrx_word' id='word_1_71' title='bbox 1630 933 1718 979; x_wconf 91' lang='lat' dir='ltr'>pro</span> <span class='ocrx_word' id='word_1_72' title='bbox 1744 915 1945 965; x_wconf 88' lang='lat' dir='ltr'>veritate</span> <span class='ocrx_word' id='word_1_73' title='bbox 1970 926 2119 965; x_wconf 83' lang='lat' dir='ltr'>certa—</span> 
     </span>
    </p>

    <p class='ocr_par' dir='ltr' id='par_1_6' title="bbox 316 995 2187 1225">
     <span class='ocr_line' id='line_1_10' title="bbox 316 995 2115 1064; baseline 0.004 -24"><span class='ocrx_word' id='word_1_74' title='bbox 316 1006 347 1041; x_wconf 86' lang='lat'><strong>2</strong></span> <span class='ocrx_word' id='word_1_75' title='bbox 368 1002 554 1041; x_wconf 89' lang='lat' dir='ltr'>verunt.</span> <span class='ocrx_word' id='word_1_76' title='bbox 618 995 771 1055; x_wconf 86' lang='lat' dir='ltr'>Quod</span> <span class='ocrx_word' id='word_1_77' title='bbox 796 1012 911 1043; x_wconf 89' lang='lat' dir='ltr'>vero</span> <span class='ocrx_word' id='word_1_78' title='bbox 937 1012 1039 1044; x_wconf 90' lang='lat' dir='ltr'>non</span> <span class='ocrx_word' id='word_1_79' title='bbox 1064 1005 1212 1044; x_wconf 86' lang='lat' dir='ltr'>testes</span> <span class='ocrx_word' id='word_1_80' title='bbox 1241 995 1397 1060; x_wconf 84' lang='lat' dir='ltr'>(quod</span> <span class='ocrx_word' id='word_1_81' title='bbox 1424 997 1599 1046; x_wconf 86' lang='lat' dir='ltr'>Latine</span> <span class='ocrx_word' id='word_1_82' title='bbox 1624 997 1794 1061; x_wconf 87' lang='lat' dir='ltr'>utique</span> <span class='ocrx_word' id='word_1_83' title='bbox 1820 998 2115 1064; x_wconf 86' lang='lat' dir='ltr'>possemus),</span> 
     </span>
     <span class='ocr_line' id='line_1_11' title="bbox 369 1076 2187 1141; baseline 0.003 -18"><span class='ocrx_word' id='word_1_84' title='bbox 369 1076 456 1124; x_wconf 87' lang='lat' dir='ltr'>sed</span> <span class='ocrx_word' id='word_1_85' title='bbox 483 1076 671 1125; x_wconf 88' lang='lat' dir='ltr'>Graece</span> <span class='ocrx_word' id='word_1_86' title='bbox 709 1087 941 1140; x_wconf 89' lang='lat' dir='ltr'>martyres</span> <span class='ocrx_word' id='word_1_87' title='bbox 974 1079 1294 1141; x_wconf 85' lang='lat' dir='ltr'>appellamus,</span> <span class='ocrx_word' id='word_1_88' title='bbox 1323 1078 1604 1127; x_wconf 87' lang='lat' dir='ltr'>familiarius</span> <span class='ocrx_word' id='word_1_89' title='bbox 1632 1079 1885 1128; x_wconf 89' lang='lat' dir='ltr'>Ecclesiae</span> <span class='ocrx_word' id='word_1_90' title='bbox 1916 1079 2116 1129; x_wconf 90' lang='lat' dir='ltr'>auribus</span> <span class='ocrx_word' id='word_1_91' title='bbox 2140 1094 2187 1122; x_wconf 89' lang='lat'>10</span> 
     </span>
     <span class='ocr_line' id='line_1_12' title="bbox 369 1158 2116 1225; baseline 0.004 -21"><span class='ocrx_word' id='word_1_92' title='bbox 369 1158 465 1205; x_wconf 92' lang='lat' dir='ltr'>hoc</span> <span class='ocrx_word' id='word_1_93' title='bbox 491 1158 737 1207; x_wconf 89' lang='lat' dir='ltr'>Graecum</span> <span class='ocrx_word' id='word_1_94' title='bbox 764 1160 968 1209; x_wconf 89' lang='lat' dir='ltr'>verbum</span> <span class='ocrx_word' id='word_1_95' title='bbox 1004 1170 1158 1220; x_wconf 87' lang='lat' dir='ltr'>sonat,</span> <span class='ocrx_word' id='word_1_96' title='bbox 1192 1162 1318 1210; x_wconf 88' lang='lat' dir='ltr'>sicut</span> <span class='ocrx_word' id='word_1_97' title='bbox 1351 1163 1506 1210; x_wconf 89' lang='lat' dir='ltr'>multa</span> <span class='ocrx_word' id='word_1_98' title='bbox 1533 1164 1722 1211; x_wconf 91' lang='lat' dir='ltr'>Graeca</span> <span class='ocrx_word' id='word_1_99' title='bbox 1757 1162 1960 1211; x_wconf 90' lang='lat' dir='ltr'>nomina</span> <span class='ocrx_word' id='word_1_100' title='bbox 1989 1179 2116 1225; x_wconf 86' lang='lat' dir='ltr'>quae</span> 
     </span>
    </p>

    <p class='ocr_par' dir='ltr' id='par_1_7' title="bbox 315 1240 2185 1800">
     <span class='ocr_line' id='line_1_13' title="bbox 315 1240 2116 1307; baseline 0.004 -21"><span class='ocrx_word' id='word_1_101' title='bbox 315 1257 345 1303; x_wconf 86' lang='lat'>3</span> <span class='ocrx_word' id='word_1_102' title='bbox 369 1257 457 1302; x_wconf 89' lang='lat' dir='ltr'>pro</span> <span class='ocrx_word' id='word_1_103' title='bbox 496 1240 683 1290; x_wconf 89' lang='lat' dir='ltr'>Latinis</span> <span class='ocrx_word' id='word_1_104' title='bbox 722 1241 917 1290; x_wconf 90' lang='lat' dir='ltr'>utimur.</span> <span class='ocrx_word' id='word_1_105' title='bbox 991 1245 1263 1306; x_wconf 86' lang='lat' dir='ltr'>Martyrum</span> <span class='ocrx_word' id='word_1_106' title='bbox 1301 1244 1485 1307; x_wconf 90' lang='lat' dir='ltr'>primus</span> <span class='ocrx_word' id='word_1_107' title='bbox 1523 1244 1571 1291; x_wconf 92' lang='lat' dir='ltr'>in</span> <span class='ocrx_word' id='word_1_108' title='bbox 1612 1246 1757 1293; x_wconf 89' lang='lat' dir='ltr'>Novo</span> <span class='ocrx_word' id='word_1_109' title='bbox 1792 1247 2116 1294; x_wconf 88' lang='lat' dir='ltr'>Testamento</span> 
     </span>
     <span class='ocr_line' id='line_1_14' title="bbox 368 1323 2114 1390; baseline 0.003 -21"><span class='ocrx_word' id='word_1_110' title='bbox 368 1323 649 1385; x_wconf 87' lang='lat' dir='ltr'>Stephanus</span> <span class='ocrx_word' id='word_1_111' title='bbox 669 1323 774 1384; x_wconf 90' lang='lat' dir='ltr'>fuit,</span> <span class='ocrx_word' id='word_1_112' title='bbox 797 1324 881 1386; x_wconf 85' lang='lat' dir='ltr'>qui</span> <span class='ocrx_word' id='word_1_113' title='bbox 903 1325 1139 1374; x_wconf 89' lang='lat' dir='ltr'>Hebraeo</span> <span class='ocrx_word' id='word_1_114' title='bbox 1160 1341 1386 1374; x_wconf 87' lang='lat' dir='ltr'>sermone</span> <span class='ocrx_word' id='word_1_115' title='bbox 1412 1328 1753 1390; x_wconf 87' lang='lat' dir='ltr'>interpretatur</span> <span class='ocrx_word' id='word_1_116' title='bbox 1771 1343 1957 1383; x_wconf 86' lang='lat' dir='ltr'>norma,</span> <span class='ocrx_word' id='word_1_117' title='bbox 1979 1327 2114 1389; x_wconf 86' lang='lat' dir='ltr'>quod</span> 
     </span>
     <span class='ocr_line' id='line_1_15' title="bbox 367 1405 2111 1470; baseline 0.002 -18"><span class='ocrx_word' id='word_1_118' title='bbox 367 1406 497 1467; x_wconf 92' lang='lat' dir='ltr'>prior</span> <span class='ocrx_word' id='word_1_119' title='bbox 522 1405 664 1454; x_wconf 91' lang='lat' dir='ltr'>fuerit</span> <span class='ocrx_word' id='word_1_120' title='bbox 690 1406 739 1454; x_wconf 92' lang='lat' dir='ltr'>in</span> <span class='ocrx_word' id='word_1_121' title='bbox 766 1407 995 1470; x_wconf 89' lang='lat' dir='ltr'>martyrio</span> <span class='ocrx_word' id='word_1_122' title='bbox 1020 1409 1084 1456; x_wconf 92' lang='lat' dir='ltr'>ad</span> <span class='ocrx_word' id='word_1_123' title='bbox 1110 1407 1436 1458; x_wconf 89' lang='lat' dir='ltr'>imitationem</span> <span class='ocrx_word' id='word_1_124' title='bbox 1468 1408 1703 1458; x_wconf 89' lang='lat' dir='ltr'>fidelium.</span> <span class='ocrx_word' id='word_1_125' title='bbox 1779 1411 1921 1458; x_wconf 88' lang='lat' dir='ltr'>Idem</span> <span class='ocrx_word' id='word_1_126' title='bbox 1946 1418 2111 1456; x_wconf 87' lang='lat' dir='ltr'>autem</span> 
     </span>
     <span class='ocr_line' id='line_1_16' title="bbox 368 1489 2185 1550; baseline 0.001 -14"><span class='ocrx_word' id='word_1_127' title='bbox 368 1503 426 1536; x_wconf 86' lang='lat' dir='ltr'>ex</span> <span class='ocrx_word' id='word_1_128' title='bbox 463 1489 655 1537; x_wconf 92' lang='lat' dir='ltr'>Graeco</span> <span class='ocrx_word' id='word_1_129' title='bbox 700 1506 927 1538; x_wconf 88' lang='lat' dir='ltr'>sermone</span> <span class='ocrx_word' id='word_1_130' title='bbox 976 1489 1024 1537; x_wconf 91' lang='lat' dir='ltr'>in</span> <span class='ocrx_word' id='word_1_131' title='bbox 1066 1489 1295 1539; x_wconf 89' lang='lat' dir='ltr'>Latinum</span> <span class='ocrx_word' id='word_1_132' title='bbox 1334 1493 1532 1540; x_wconf 88' lang='lat' dir='ltr'>vertitur</span> <span class='ocrx_word' id='word_1_133' title='bbox 1579 1500 1873 1550; x_wconf 70' lang='lat' dir='ltr'>coronatus,</span> <span class='ocrx_word' id='word_1_134' title='bbox 1926 1500 1973 1538; x_wconf 90' lang='lat' dir='ltr'>et</span> <span class='ocrx_word' id='word_1_135' title='bbox 2015 1491 2110 1538; x_wconf 88' lang='lat' dir='ltr'>hoc</span> <span class='ocrx_word' id='word_1_136' title='bbox 2138 1510 2185 1549; x_wconf 84' lang='lat'>15</span> 
     </span>
     <span class='ocr_line' id='line_1_17' title="bbox 366 1570 2111 1636; baseline 0.001 -19"><span class='ocrx_word' id='word_1_137' title='bbox 366 1570 654 1633; x_wconf 90' lang='lat' dir='ltr'>prophetice</span> <span class='ocrx_word' id='word_1_138' title='bbox 692 1581 757 1631; x_wconf 90' lang='lat' dir='ltr'>ut,</span> <span class='ocrx_word' id='word_1_139' title='bbox 787 1573 923 1634; x_wconf 87' lang='lat' dir='ltr'>quod</span> <span class='ocrx_word' id='word_1_140' title='bbox 957 1581 1241 1634; x_wconf 80' lang='lat' dir='ltr'>sequeretur</span> <span class='ocrx_word' id='word_1_141' title='bbox 1277 1572 1326 1620; x_wconf 93' lang='lat' dir='ltr'>in</span> <span class='ocrx_word' id='word_1_142' title='bbox 1365 1591 1427 1633; x_wconf 87' lang='lat' dir='ltr'>re,</span> <span class='ocrx_word' id='word_1_143' title='bbox 1456 1573 1686 1622; x_wconf 86' lang='lat' dir='ltr'>vaticinio</span> <span class='ocrx_word' id='word_1_144' title='bbox 1713 1574 1930 1636; x_wconf 82' lang='lat' dir='ltr'>quodam</span> <span class='ocrx_word' id='word_1_145' title='bbox 1964 1570 2111 1619; x_wconf 89' lang='lat' dir='ltr'>futuri</span> 
     </span>
     <span class='ocr_line' id='line_1_18' title="bbox 367 1654 2112 1718; baseline 0.001 -19"><span class='ocrx_word' id='word_1_146' title='bbox 367 1654 499 1714; x_wconf 89' lang='lat' dir='ltr'>prius</span> <span class='ocrx_word' id='word_1_147' title='bbox 521 1654 567 1700; x_wconf 89' lang='lat' dir='ltr'>in</span> <span class='ocrx_word' id='word_1_148' title='bbox 587 1654 831 1702; x_wconf 90' lang='lat' dir='ltr'>vocabulo</span> <span class='ocrx_word' id='word_1_149' title='bbox 847 1664 1108 1703; x_wconf 88' lang='lat' dir='ltr'>resonaret.</span> <span class='ocrx_word' id='word_1_150' title='bbox 1173 1658 1350 1704; x_wconf 88' lang='lat' dir='ltr'>Passus</span> <span class='ocrx_word' id='word_1_151' title='bbox 1371 1665 1443 1704; x_wconf 89' lang='lat' dir='ltr'>est</span> <span class='ocrx_word' id='word_1_152' title='bbox 1464 1657 1609 1714; x_wconf 88' lang='lat' dir='ltr'>enim,</span> <span class='ocrx_word' id='word_1_153' title='bbox 1629 1666 1676 1703; x_wconf 92' lang='lat' dir='ltr'>et</span> <span class='ocrx_word' id='word_1_154' title='bbox 1693 1656 1828 1718; x_wconf 87' lang='lat' dir='ltr'>quod</span> <span class='ocrx_word' id='word_1_155' title='bbox 1845 1654 2112 1702; x_wconf 86' lang='lat' dir='ltr'>vocabatur</span> 
     </span>
     <span class='ocr_line' id='line_1_19' title="bbox 366 1736 2107 1800; baseline 0 -18"><span class='ocrx_word' id='word_1_156' title='bbox 366 1736 570 1798; x_wconf 87' lang='lat' dir='ltr'>accepit.</span> <span class='ocrx_word' id='word_1_157' title='bbox 645 1738 924 1800; x_wconf 89' lang='lat' dir='ltr'>Stephanus</span> <span class='ocrx_word' id='word_1_158' title='bbox 958 1736 1090 1785; x_wconf 90' lang='lat' dir='ltr'>enim</span> <span class='ocrx_word' id='word_1_159' title='bbox 1126 1754 1309 1786; x_wconf 91' lang='lat' dir='ltr'>corona</span> <span class='ocrx_word' id='word_1_160' title='bbox 1334 1737 1511 1786; x_wconf 90' lang='lat' dir='ltr'>dicitur</span> <span class='ocrx_word' id='word_1_161' title='bbox 1529 1756 1540 1798; x_wconf 82' lang='lat'><em>3</em></span> <span class='ocrx_word' id='word_1_162' title='bbox 1576 1736 1823 1786; x_wconf 91' lang='lat' dir='ltr'>humiliter</span> <span class='ocrx_word' id='word_1_163' title='bbox 1850 1736 2107 1799; x_wconf 88' lang='lat' dir='ltr'>lapidatus,</span> 
     </span>
    </p>

    <p class='ocr_par' dir='ltr' id='par_1_8' title="bbox 310 1816 2186 2291">
     <span class='ocr_line' id='line_1_20' title="bbox 310 1816 2108 1881; baseline 0 -17"><span class='ocrx_word' id='word_1_164' title='bbox 310 1830 342 1877; x_wconf 95' lang='lat'>4</span> <span class='ocrx_word' id='word_1_165' title='bbox 366 1818 454 1865; x_wconf 88' lang='lat' dir='ltr'>Sed</span> <span class='ocrx_word' id='word_1_166' title='bbox 491 1816 764 1866; x_wconf 90' lang='lat' dir='ltr'>sublimiter</span> <span class='ocrx_word' id='word_1_167' title='bbox 801 1828 1078 1867; x_wconf 87' lang='lat' dir='ltr'>coronatus.</span> <span class='ocrx_word' id='word_1_168' title='bbox 1153 1821 1267 1867; x_wconf 93' lang='lat' dir='ltr'>Duo</span> <span class='ocrx_word' id='word_1_169' title='bbox 1305 1828 1417 1867; x_wconf 91' lang='lat' dir='ltr'>sunt</span> <span class='ocrx_word' id='word_1_170' title='bbox 1455 1829 1620 1867; x_wconf 89' lang='lat' dir='ltr'>autem</span> <span class='ocrx_word' id='word_1_171' title='bbox 1665 1817 1877 1881; x_wconf 91' lang='lat' dir='ltr'>martyrii</span> <span class='ocrx_word' id='word_1_172' title='bbox 1917 1833 2108 1881; x_wconf 88' lang='lat' dir='ltr'>genera,</span> 
     </span>
     <span class='ocr_line' id='line_1_21' title="bbox 367 1898 2186 1964; baseline -0.001 -18"><span class='ocrx_word' id='word_1_173' title='bbox 367 1915 522 1947; x_wconf 91' lang='lat' dir='ltr'>unum</span> <span class='ocrx_word' id='word_1_174' title='bbox 542 1898 592 1947; x_wconf 90' lang='lat' dir='ltr'>in</span> <span class='ocrx_word' id='word_1_175' title='bbox 611 1909 779 1963; x_wconf 91' lang='lat' dir='ltr'>aperta</span> <span class='ocrx_word' id='word_1_176' title='bbox 798 1902 1039 1964; x_wconf 89' lang='lat' dir='ltr'>passione,</span> <span class='ocrx_word' id='word_1_177' title='bbox 1058 1902 1264 1949; x_wconf 90' lang='lat' dir='ltr'>alterum</span> <span class='ocrx_word' id='word_1_178' title='bbox 1285 1902 1335 1948; x_wconf 91' lang='lat' dir='ltr'>in</span> <span class='ocrx_word' id='word_1_179' title='bbox 1355 1903 1549 1949; x_wconf 89' lang='lat' dir='ltr'>occulta</span> <span class='ocrx_word' id='word_1_180' title='bbox 1566 1900 1718 1948; x_wconf 89' lang='lat' dir='ltr'>animi</span> <span class='ocrx_word' id='word_1_181' title='bbox 1733 1902 1921 1948; x_wconf 89' lang='lat' dir='ltr'>virtute.</span> <span class='ocrx_word' id='word_1_182' title='bbox 1979 1900 2110 1947; x_wconf 91' lang='lat' dir='ltr'>Nam</span> <span class='ocrx_word' id='word_1_183' title='bbox 2137 1916 2186 1944; x_wconf 90' lang='lat'>20</span> 
     </span>
     <span class='ocr_line' id='line_1_22' title="bbox 366 1979 2111 2043; baseline -0.001 -15"><span class='ocrx_word' id='word_1_184' title='bbox 366 1980 509 2029; x_wconf 90' lang='lat' dir='ltr'>multi</span> <span class='ocrx_word' id='word_1_185' title='bbox 534 1982 688 2030; x_wconf 90' lang='lat' dir='ltr'>hostis</span> <span class='ocrx_word' id='word_1_186' title='bbox 714 1981 916 2031; x_wconf 87' lang='lat' dir='ltr'>insidias</span> <span class='ocrx_word' id='word_1_187' title='bbox 949 1984 1227 2043; x_wconf 83' lang='lat' dir='ltr'>toleranteS,</span> <span class='ocrx_word' id='word_1_188' title='bbox 1254 1991 1301 2031; x_wconf 89' lang='lat' dir='ltr'>et</span> <span class='ocrx_word' id='word_1_189' title='bbox 1327 1983 1516 2031; x_wconf 89' lang='lat' dir='ltr'>cunctis</span> <span class='ocrx_word' id='word_1_190' title='bbox 1550 1982 1826 2030; x_wconf 88' lang='lat' dir='ltr'>carnalibus</span> <span class='ocrx_word' id='word_1_191' title='bbox 1856 1979 2111 2029; x_wconf 90' lang='lat' dir='ltr'>desideriis</span> 
     </span>
     <span class='ocr_line' id='line_1_23' title="bbox 366 2062 2112 2128; baseline 0 -18"><span class='ocrx_word' id='word_1_192' title='bbox 366 2062 646 2113; x_wconf 89' lang='lat' dir='ltr'>resistentes</span> <span class='ocrx_word' id='word_1_193' title='bbox 680 2081 765 2127; x_wconf 90' lang='lat' dir='ltr'>per</span> <span class='ocrx_word' id='word_1_194' title='bbox 799 2066 909 2125; x_wconf 92' lang='lat' dir='ltr'>hoc,</span> <span class='ocrx_word' id='word_1_195' title='bbox 938 2066 1074 2128; x_wconf 85' lang='lat' dir='ltr'>quod</span> <span class='ocrx_word' id='word_1_196' title='bbox 1105 2081 1157 2113; x_wconf 89' lang='lat' dir='ltr'>se</span> <span class='ocrx_word' id='word_1_197' title='bbox 1186 2064 1515 2128; x_wconf 90' lang='lat' dir='ltr'>omnipotenti</span> <span class='ocrx_word' id='word_1_198' title='bbox 1543 2067 1652 2113; x_wconf 91' lang='lat' dir='ltr'>Deo</span> <span class='ocrx_word' id='word_1_199' title='bbox 1677 2063 1727 2111; x_wconf 91' lang='lat' dir='ltr'>in</span> <span class='ocrx_word' id='word_1_200' title='bbox 1754 2064 1903 2112; x_wconf 88' lang='lat' dir='ltr'>corde</span> <span class='ocrx_word' id='word_1_201' title='bbox 1933 2071 2112 2111; x_wconf 90' lang='lat' dir='ltr'>macta-</span> 
     </span>
     <span class='ocr_line' id='line_1_24' title="bbox 367 2144 2110 2210; baseline 0 -18"><span class='ocrx_word' id='word_1_202' title='bbox 367 2155 555 2205; x_wconf 90' lang='lat' dir='ltr'>verunt,</span> <span class='ocrx_word' id='word_1_203' title='bbox 583 2147 731 2194; x_wconf 90' lang='lat' dir='ltr'>etiam</span> <span class='ocrx_word' id='word_1_204' title='bbox 766 2146 899 2208; x_wconf 89' lang='lat' dir='ltr'>pacis</span> <span class='ocrx_word' id='word_1_205' title='bbox 932 2156 1155 2209; x_wconf 91' lang='lat' dir='ltr'>tempore</span> <span class='ocrx_word' id='word_1_206' title='bbox 1191 2156 1423 2210; x_wconf 88' lang='lat' dir='ltr'>martyres</span> <span class='ocrx_word' id='word_1_207' title='bbox 1460 2145 1574 2195; x_wconf 87' lang='lat' dir='ltr'>facti</span> <span class='ocrx_word' id='word_1_208' title='bbox 1612 2155 1737 2206; x_wconf 90' lang='lat' dir='ltr'>sunt,</span> <span class='ocrx_word' id='word_1_209' title='bbox 1766 2144 1851 2208; x_wconf 86' lang='lat' dir='ltr'>qui</span> <span class='ocrx_word' id='word_1_210' title='bbox 1886 2144 2033 2194; x_wconf 90' lang='lat' dir='ltr'>etiam</span> <span class='ocrx_word' id='word_1_211' title='bbox 2071 2146 2110 2192; x_wconf 89' lang='lat' dir='ltr'>si</span> 
     </span>
     <span class='ocr_line' id='line_1_25' title="bbox 367 2226 1908 2291; baseline 0 -17"><span class='ocrx_word' id='word_1_212' title='bbox 367 2226 722 2289; x_wconf 89' lang='lat' dir='ltr'>persecutionis</span> <span class='ocrx_word' id='word_1_213' title='bbox 747 2236 943 2291; x_wconf 91' lang='lat' dir='ltr'>tempus</span> <span class='ocrx_word' id='word_1_214' title='bbox 969 2230 1208 2288; x_wconf 81' lang='lat' dir='ltr'>existeret,</span> <span class='ocrx_word' id='word_1_215' title='bbox 1237 2238 1469 2291; x_wconf 91' lang='lat' dir='ltr'>martyres</span> <span class='ocrx_word' id='word_1_216' title='bbox 1494 2245 1602 2277; x_wconf 89' lang='lat' dir='ltr'>esse</span> <span class='ocrx_word' id='word_1_217' title='bbox 1627 2235 1908 2291; x_wconf 89' lang='lat' dir='ltr'>potuerunt.</span> 
     </span>
    </p>

    <p class='ocr_par' dir='ltr' id='par_1_9' title="bbox 258 2307 2182 2538">
     <span class='ocr_line' id='line_1_26' title="bbox 258 2307 2182 2371; baseline 0 -18"><span class='ocrx_word' id='word_1_218' title='bbox 258 2314 344 2354; x_wconf 84' lang='lat' dir='ltr'>XII</span> <span class='ocrx_word' id='word_1_219' title='bbox 508 2312 592 2357; x_wconf 83' lang='lat' dir='ltr'>DE</span> <span class='ocrx_word' id='word_1_220' title='bbox 639 2324 889 2358; x_wconf 78' lang='lat' dir='ltr'>CLERICIs.</span> <span class='ocrx_word' id='word_1_221' title='bbox 963 2311 1134 2360; x_wconf 89' lang='lat' dir='ltr'>Cleros</span> <span class='ocrx_word' id='word_1_222' title='bbox 1174 2319 1221 2358; x_wconf 93' lang='lat' dir='ltr'>et</span> <span class='ocrx_word' id='word_1_223' title='bbox 1263 2309 1465 2358; x_wconf 90' lang='lat' dir='ltr'>clericos</span> <span class='ocrx_word' id='word_1_224' title='bbox 1504 2308 1621 2356; x_wconf 91' lang='lat' dir='ltr'>hinc</span> <span class='ocrx_word' id='word_1_225' title='bbox 1666 2310 1951 2371; x_wconf 85' lang='lat' dir='ltr'>appellatos,</span> <span class='ocrx_word' id='word_1_226' title='bbox 1997 2307 2111 2369; x_wconf 87' lang='lat' dir='ltr'>quia</span> <span class='ocrx_word' id='word_1_227' title='bbox 2136 2327 2182 2366; x_wconf 86' lang='lat'>²5</span> 
     </span>
     <span class='ocr_line' id='line_1_27' title="bbox 369 2388 2110 2456; baseline -0.002 -17"><span class='ocrx_word' id='word_1_228' title='bbox 369 2391 607 2440; x_wconf 90' lang='lat' dir='ltr'>Matthias</span> <span class='ocrx_word' id='word_1_229' title='bbox 628 2402 755 2441; x_wconf 88' lang='lat' dir='ltr'>sorte</span> <span class='ocrx_word' id='word_1_230' title='bbox 779 2393 964 2440; x_wconf 89' lang='lat' dir='ltr'>electus</span> <span class='ocrx_word' id='word_1_231' title='bbox 985 2401 1070 2452; x_wconf 89' lang='lat' dir='ltr'>est,</span> <span class='ocrx_word' id='word_1_232' title='bbox 1094 2409 1241 2455; x_wconf 87' lang='lat' dir='ltr'>quem</span> <span class='ocrx_word' id='word_1_233' title='bbox 1267 2392 1481 2456; x_wconf 88' lang='lat' dir='ltr'>primum</span> <span class='ocrx_word' id='word_1_234' title='bbox 1506 2409 1592 2455; x_wconf 92' lang='lat' dir='ltr'>per</span> <span class='ocrx_word' id='word_1_235' title='bbox 1612 2391 1879 2454; x_wconf 89' lang='lat' dir='ltr'>Apostolos</span> <span class='ocrx_word' id='word_1_236' title='bbox 1905 2388 2110 2452; x_wconf 86' lang='lat' dir='ltr'>legimus</span> 
     </span>
     <span class='ocr_line' id='line_1_28' title="bbox 367 2470 2106 2538; baseline -0.003 -14"><span class='ocrx_word' id='word_1_237' title='bbox 367 2475 662 2524; x_wconf 89' lang='lat' dir='ltr'>ordinatum.</span> <span class='ocrx_word' id='word_1_238' title='bbox 739 2478 931 2538; x_wconf 86' lang='grc' dir='ltr'>Κλῆρος</span> <span class='ocrx_word' id='word_1_239' title='bbox 972 2476 1103 2523; x_wconf 90' lang='lat' dir='ltr'>enim</span> <span class='ocrx_word' id='word_1_240' title='bbox 1142 2477 1330 2524; x_wconf 89' lang='lat' dir='ltr'>Graece</span> <span class='ocrx_word' id='word_1_241' title='bbox 1379 2492 1481 2523; x_wconf 90' lang='lat' dir='ltr'>sors</span> <span class='ocrx_word' id='word_1_242' title='bbox 1518 2476 1594 2523; x_wconf 88' lang='lat' dir='ltr'>vel</span> <span class='ocrx_word' id='word_1_243' title='bbox 1636 2472 1881 2522; x_wconf 89' lang='lat' dir='ltr'>hereditas</span> <span class='ocrx_word' id='word_1_244' title='bbox 1917 2470 2106 2520; x_wconf 88' lang='lat' dir='ltr'>dicitur.</span> 
     </span>
    </p>
   </div>
   <div class='ocr_carea' id='block_1_3' title="bbox 367 2602 2114 3260">
    <p class='ocr_par' dir='ltr' id='par_1_10' title="bbox 367 2602 2114 3260">
     <span class='ocr_line' id='line_1_29' title="bbox 429 2602 2110 2656; baseline -0.002 -12"><span class='ocrx_word' id='word_1_245' title='bbox 429 2619 444 2643; x_wconf 92' lang='lat'>1</span> <span class='ocrx_word' id='word_1_246' title='bbox 478 2606 766 2646; x_wconf 84' lang='lat' dir='ltr'>malleatorum</span> <span class='ocrx_word' id='word_1_247' title='bbox 788 2605 834 2644; x_wconf 87' lang='lat' dir='ltr'><em>K</em></span> <span class='ocrx_word' id='word_1_248' title='bbox 980 2606 1075 2656; x_wconf 89' lang='lat' dir='ltr'>quia</span> <span class='ocrx_word' id='word_1_249' title='bbox 1096 2635 1105 2644; x_wconf 93' lang='lat'>.</span> <span class='ocrx_word' id='word_1_250' title='bbox 1131 2636 1141 2646; x_wconf 89' lang='lat'><strong>.</strong></span> <span class='ocrx_word' id='word_1_251' title='bbox 1163 2637 1173 2647; x_wconf 92' lang='lat'>.</span> <span class='ocrx_word' id='word_1_252' title='bbox 1197 2605 1293 2644; x_wconf 88' lang='lat' dir='ltr'>ferit</span> <span class='ocrx_word' id='word_1_253' title='bbox 1314 2605 1406 2644; x_wconf 78' lang='lat' dir='ltr'>hab.</span> <span class='ocrx_word' id='word_1_254' title='bbox 1431 2604 1572 2644; x_wconf 90' lang='lat' dir='ltr'><em>CTU:</em></span> <span class='ocrx_word' id='word_1_255' title='bbox 1602 2617 1683 2645; x_wconf 83' lang='lat' dir='ltr'>om.</span> <span class='ocrx_word' id='word_1_256' title='bbox 1706 2602 1839 2642; x_wconf 87' lang='lat' dir='ltr'>BDK</span> <span class='ocrx_word' id='word_1_257' title='bbox 1991 2614 2110 2641; x_wconf 90' lang='lat' dir='ltr'>more</span> 
     </span>
     <span class='ocr_line' id='line_1_30' title="bbox 377 2657 2109 2711; baseline -0.003 -11"><span class='ocrx_word' id='word_1_258' title='bbox 377 2661 456 2700; x_wconf 87' lang='lat' dir='ltr'>TU</span> <span class='ocrx_word' id='word_1_259' title='bbox 647 2668 689 2700; x_wconf 91' lang='lat' dir='ltr'>et</span> <span class='ocrx_word' id='word_1_260' title='bbox 709 2663 908 2701; x_wconf 85' lang='lat' dir='ltr'>iustificat</span> <span class='ocrx_word' id='word_1_261' title='bbox 930 2667 972 2700; x_wconf 90' lang='lat' dir='ltr'>et</span> <span class='ocrx_word' id='word_1_262' title='bbox 993 2661 1278 2711; x_wconf 89' lang='lat' dir='ltr'>condempnat</span> <span class='ocrx_word' id='word_1_263' title='bbox 1301 2659 1336 2697; x_wconf 90' lang='lat' dir='ltr'><em>C</em></span> <span class='ocrx_word' id='word_1_264' title='bbox 1354 2660 1457 2710; x_wconf 83' lang='lat' dir='ltr'>(non</span> <span class='ocrx_word' id='word_1_265' title='bbox 1482 2659 1545 2710; x_wconf 91' lang='lat' dir='ltr'>U)</span> <span class='ocrx_word' id='word_1_266' title='bbox 1676 2672 1700 2696; x_wconf 89' lang='lat'><strong>2</strong></span> <span class='ocrx_word' id='word_1_267' title='bbox 1730 2658 1841 2698; x_wconf 88' lang='lat' dir='ltr'>fierit</span> <span class='ocrx_word' id='word_1_268' title='bbox 1868 2657 1905 2695; x_wconf 92' lang='lat' dir='ltr'><em>T</em></span> <span class='ocrx_word' id='word_1_269' title='bbox 1921 2658 2021 2710; x_wconf 83' lang='lat' dir='ltr'>(non</span> <span class='ocrx_word' id='word_1_270' title='bbox 2046 2657 2109 2703; x_wconf 69' lang='lat' dir='ltr'>U)</span> 
     </span>
     <span class='ocr_line' id='line_1_31' title="bbox 369 2709 2114 2766; baseline -0.003 -12"><span class='ocrx_word' id='word_1_271' title='bbox 369 2729 394 2765; x_wconf 85' lang='lat'>3</span> <span class='ocrx_word' id='word_1_272' title='bbox 426 2716 516 2756; x_wconf 91' lang='lat' dir='ltr'>Iud.</span> <span class='ocrx_word' id='word_1_273' title='bbox 539 2717 742 2766; x_wconf 87' lang='lat' dir='ltr'>magister</span> <span class='ocrx_word' id='word_1_274' title='bbox 762 2716 808 2755; x_wconf 90' lang='lat' dir='ltr'><em>K</em></span> <span class='ocrx_word' id='word_1_275' title='bbox 997 2729 1022 2765; x_wconf 91' lang='lat'>4</span> <span class='ocrx_word' id='word_1_276' title='bbox 1052 2715 1268 2755; x_wconf 90' lang='lat' dir='ltr'>homicidii</span> <span class='ocrx_word' id='word_1_277' title='bbox 1289 2715 1357 2766; x_wconf 85' lang='lat' dir='ltr'>(ex</span> <span class='ocrx_word' id='word_1_278' title='bbox 1375 2714 1556 2765; x_wconf 85' lang='lat' dir='ltr'>homm-)</span> <span class='ocrx_word' id='word_1_279' title='bbox 1578 2713 1625 2751; x_wconf 93' lang='lat' dir='ltr'><em>K</em></span> <span class='ocrx_word' id='word_1_280' title='bbox 1857 2715 1883 2750; x_wconf 89' lang='lat'><strong>6</strong></span> <span class='ocrx_word' id='word_1_281' title='bbox 1912 2718 1955 2751; x_wconf 89' lang='lat' dir='ltr'>et</span> <span class='ocrx_word' id='word_1_282' title='bbox 1974 2724 2056 2750; x_wconf 85' lang='lat' dir='ltr'>om.</span> <span class='ocrx_word' id='word_1_283' title='bbox 2079 2709 2114 2748; x_wconf 89' lang='lat' dir='ltr'>C</span> 
     </span>
     <span class='ocr_line' id='line_1_32' title="bbox 368 2767 2108 2823; baseline -0.002 -14"><span class='ocrx_word' id='word_1_284' title='bbox 368 2771 432 2809; x_wconf 84' lang='lat' dir='ltr'>vel</span> <span class='ocrx_word' id='word_1_285' title='bbox 449 2770 611 2810; x_wconf 88' lang='lat' dir='ltr'>Graece</span> <span class='ocrx_word' id='word_1_286' title='bbox 631 2771 822 2823; x_wconf 85' lang='grc' dir='ltr'>μαρτύρια</span> <span class='ocrx_word' id='word_1_287' title='bbox 953 2785 973 2820; x_wconf 93' lang='lat'>7</span> <span class='ocrx_word' id='word_1_288' title='bbox 1003 2777 1210 2810; x_wconf 90' lang='lat' dir='ltr'>vocantur</span> <span class='ocrx_word' id='word_1_289' title='bbox 1228 2770 1336 2820; x_wconf 90' lang='lat' dir='ltr'>quod</span> <span class='ocrx_word' id='word_1_290' title='bbox 1360 2783 1422 2819; x_wconf 88' lang='lat' dir='ltr'>pr.</span> <span class='ocrx_word' id='word_1_291' title='bbox 1446 2769 1493 2807; x_wconf 89' lang='lat' dir='ltr'><em>K</em></span> <span class='ocrx_word' id='word_1_292' title='bbox 1515 2769 1619 2822; x_wconf 83' lang='lat' dir='ltr'>(non</span> <span class='ocrx_word' id='word_1_293' title='bbox 1639 2769 1702 2821; x_wconf 84' lang='lat' dir='ltr'>A)</span> <span class='ocrx_word' id='word_1_294' title='bbox 1828 2781 1855 2816; x_wconf 89' lang='grc'>9</span> <span class='ocrx_word' id='word_1_295' title='bbox 1885 2767 2009 2816; x_wconf 83' lang='lat' dir='ltr'>Quod</span> <span class='ocrx_word' id='word_1_296' title='bbox 2029 2798 2040 2805; x_wconf 86' lang='lat'><em>.</em></span> <span class='ocrx_word' id='word_1_297' title='bbox 2063 2794 2073 2803; x_wconf 90' lang='lat'><strong>.</strong></span> <span class='ocrx_word' id='word_1_298' title='bbox 2096 2794 2108 2805; x_wconf 90' lang='lat'><strong>.</strong></span> 
     </span>
     <span class='ocr_line' id='line_1_33' title="bbox 369 2820 2106 2878; baseline -0.003 -13"><span class='ocrx_word' id='word_1_299' title='bbox 369 2839 467 2876; x_wconf 90' lang='lat' dir='ltr'>app.</span> <span class='ocrx_word' id='word_1_300' title='bbox 485 2839 567 2865; x_wconf 79' lang='lat' dir='ltr'>om.</span> <span class='ocrx_word' id='word_1_301' title='bbox 583 2825 630 2863; x_wconf 90' lang='lat' dir='ltr'><em>K</em></span> <span class='ocrx_word' id='word_1_302' title='bbox 641 2827 742 2878; x_wconf 84' lang='lat' dir='ltr'>(non</span> <span class='ocrx_word' id='word_1_303' title='bbox 754 2827 818 2878; x_wconf 88' lang='grc' dir='ltr'>Α)</span> <span class='ocrx_word' id='word_1_304' title='bbox 931 2825 1217 2876; x_wconf 85' lang='lat' dir='ltr'>possimusA:</span> <span class='ocrx_word' id='word_1_305' title='bbox 1243 2837 1464 2874; x_wconf 87' lang='lat' dir='ltr'>possumus</span> <span class='ocrx_word' id='word_1_306' title='bbox 1478 2824 1519 2861; x_wconf 89' lang='grc' dir='ltr'><em>Β</em></span> <span class='ocrx_word' id='word_1_307' title='bbox 1632 2838 1681 2863; x_wconf 88' lang='lat'>10</span> <span class='ocrx_word' id='word_1_308' title='bbox 1705 2824 1786 2862; x_wconf 88' lang='lat' dir='ltr'>hoc</span> <span class='ocrx_word' id='word_1_309' title='bbox 1801 2822 1872 2862; x_wconf 85' lang='lat' dir='ltr'>Gr.</span> <span class='ocrx_word' id='word_1_310' title='bbox 1889 2833 1976 2861; x_wconf 87' lang='lat' dir='ltr'>ver.</span> <span class='ocrx_word' id='word_1_311' title='bbox 1993 2820 2106 2859; x_wconf 89' lang='lat' dir='ltr'>Eccl.</span> 
     </span>
     <span class='ocr_line' id='line_1_34' title="bbox 369 2874 2106 2928; baseline -0.005 -8"><span class='ocrx_word' id='word_1_312' title='bbox 369 2894 456 2920; x_wconf 87' lang='lat' dir='ltr'>aur.</span> <span class='ocrx_word' id='word_1_313' title='bbox 470 2880 517 2918; x_wconf 89' lang='lat' dir='ltr'><em>K</em></span> <span class='ocrx_word' id='word_1_314' title='bbox 617 2893 661 2919; x_wconf 91' lang='lat'>11</span> <span class='ocrx_word' id='word_1_315' title='bbox 686 2881 734 2919; x_wconf 86' lang='lat' dir='ltr'>si.</span> <span class='ocrx_word' id='word_1_316' title='bbox 749 2887 791 2919; x_wconf 91' lang='lat' dir='ltr'>et</span> <span class='ocrx_word' id='word_1_317' title='bbox 804 2880 979 2921; x_wconf 88' lang='lat' dir='ltr'>mu.BC</span> <span class='ocrx_word' id='word_1_318' title='bbox 1089 2894 1135 2918; x_wconf 89' lang='lat'>12</span> <span class='ocrx_word' id='word_1_319' title='bbox 1159 2879 1309 2918; x_wconf 78' lang='lat' dir='ltr'>Max-tir</span> <span class='ocrx_word' id='word_1_320' title='bbox 1324 2878 1361 2916; x_wconf 92' lang='lat' dir='ltr'><em>T</em></span> <span class='ocrx_word' id='word_1_321' title='bbox 1460 2892 1508 2928; x_wconf 87' lang='lat'>13</span> <span class='ocrx_word' id='word_1_322' title='bbox 1526 2891 1652 2919; x_wconf 88' lang='lat' dir='ltr'>serm.</span> <span class='ocrx_word' id='word_1_323' title='bbox 1670 2878 1804 2917; x_wconf 89' lang='lat' dir='ltr'>Hebr.</span> <span class='ocrx_word' id='word_1_324' title='bbox 1818 2876 1863 2914; x_wconf 90' lang='lat' dir='ltr'><em>K</em></span> <span class='ocrx_word' id='word_1_325' title='bbox 1963 2886 2010 2923; x_wconf 91' lang='lat'>15</span> <span class='ocrx_word' id='word_1_326' title='bbox 2033 2874 2106 2926; x_wconf 84' lang='lat' dir='ltr'>ex]</span> 
     </span>
     <span class='ocr_line' id='line_1_35' title="bbox 369 2933 2109 2986; baseline -0.004 -11"><span class='ocrx_word' id='word_1_327' title='bbox 369 2941 411 2975; x_wconf 89' lang='lat' dir='ltr'>et</span> <span class='ocrx_word' id='word_1_328' title='bbox 431 2935 553 2975; x_wconf 89' lang='lat' dir='ltr'>BCT</span> <span class='ocrx_word' id='word_1_329' title='bbox 714 2938 762 2974; x_wconf 90' lang='lat'>16</span> <span class='ocrx_word' id='word_1_330' title='bbox 791 2937 1043 2986; x_wconf 87' lang='lat' dir='ltr'>prophetico</span> <span class='ocrx_word' id='word_1_331' title='bbox 1072 2935 1110 2974; x_wconf 91' lang='lat' dir='ltr'><em>T</em></span> <span class='ocrx_word' id='word_1_332' title='bbox 1239 2934 1407 2984; x_wconf 88' lang='lat' dir='ltr'>quidam</span> <span class='ocrx_word' id='word_1_333' title='bbox 1428 2933 1485 2971; x_wconf 84' lang='lat' dir='ltr'>B1</span> <span class='ocrx_word' id='word_1_334' title='bbox 1601 2947 1647 2982; x_wconf 91' lang='lat'>17</span> <span class='ocrx_word' id='word_1_335' title='bbox 1681 2933 1721 2971; x_wconf 87' lang='lat' dir='ltr'>in</span> <span class='ocrx_word' id='word_1_336' title='bbox 1742 2944 1832 2970; x_wconf 91' lang='lat' dir='ltr'>voc.</span> <span class='ocrx_word' id='word_1_337' title='bbox 1855 2957 1867 2970; x_wconf 89' lang='lat'><strong>.</strong></span> <span class='ocrx_word' id='word_1_338' title='bbox 1892 2957 1903 2969; x_wconf 89' lang='lat'><strong>.</strong></span> <span class='ocrx_word' id='word_1_339' title='bbox 1927 2960 1936 2969; x_wconf 89' lang='lat'><strong>.</strong></span> <span class='ocrx_word' id='word_1_340' title='bbox 1960 2942 2109 2979; x_wconf 86' lang='lat' dir='ltr'>passus</span> 
     </span>
     <span class='ocr_line' id='line_1_36' title="bbox 367 2982 2110 3042; baseline -0.004 -13"><span class='ocrx_word' id='word_1_341' title='bbox 367 3004 451 3029; x_wconf 85' lang='lat' dir='ltr'>om.</span> <span class='ocrx_word' id='word_1_342' title='bbox 483 2990 521 3029; x_wconf 94' lang='lat' dir='ltr'><em>T</em></span> <span class='ocrx_word' id='word_1_343' title='bbox 623 2996 796 3030; x_wconf 87' lang='lat' dir='ltr'>sonaret</span> <span class='ocrx_word' id='word_1_344' title='bbox 816 2989 858 3028; x_wconf 90' lang='grc' dir='ltr'><em>Β</em></span> <span class='ocrx_word' id='word_1_345' title='bbox 985 2990 1045 3042; x_wconf 87' lang='lat' dir='ltr'>et]</span> <span class='ocrx_word' id='word_1_346' title='bbox 1066 2996 1112 3030; x_wconf 88' lang='lat' dir='ltr'>ut</span> <span class='ocrx_word' id='word_1_347' title='bbox 1133 2988 1169 3029; x_wconf 88' lang='lat' dir='ltr'><em>C</em></span> <span class='ocrx_word' id='word_1_348' title='bbox 1173 2989 1182 3013; x_wconf 74' lang='lat'>¹</span> <span class='ocrx_word' id='word_1_349' title='bbox 1351 3001 1400 3039; x_wconf 91' lang='lat'>19</span> <span class='ocrx_word' id='word_1_350' title='bbox 1427 2988 1524 3040; x_wconf 89' lang='lat' dir='ltr'>sed]</span> <span class='ocrx_word' id='word_1_351' title='bbox 1545 2993 1588 3025; x_wconf 90' lang='lat' dir='ltr'>et</span> <span class='ocrx_word' id='word_1_352' title='bbox 1609 2987 1646 3026; x_wconf 88' lang='lat' dir='ltr'>C</span> <span class='ocrx_word' id='word_1_353' title='bbox 1805 2998 1854 3024; x_wconf 88' lang='lat'>21</span> <span class='ocrx_word' id='word_1_354' title='bbox 1886 2985 2037 3023; x_wconf 84' lang='lat' dir='ltr'>multas</span> <span class='ocrx_word' id='word_1_355' title='bbox 2060 2982 2110 3022; x_wconf 84' lang='lat' dir='ltr'>C²</span> 
     </span>
     <span class='ocr_line' id='line_1_37' title="bbox 368 3037 2114 3103; baseline -0.004 -19"><span class='ocrx_word' id='word_1_356' title='bbox 368 3045 473 3094; x_wconf 81' lang='lat' dir='ltr'>(non</span> <span class='ocrx_word' id='word_1_357' title='bbox 492 3045 557 3099; x_wconf 78' lang='lat' dir='ltr'>A)</span> <span class='ocrx_word' id='word_1_358' title='bbox 721 3045 856 3085; x_wconf 88' lang='lat' dir='ltr'>hostis</span> <span class='ocrx_word' id='word_1_359' title='bbox 875 3059 958 3086; x_wconf 85' lang='lat' dir='ltr'>om.</span> <span class='ocrx_word' id='word_1_360' title='bbox 979 3044 1026 3083; x_wconf 91' lang='lat' dir='ltr'><em>K</em></span> <span class='ocrx_word' id='word_1_361' title='bbox 1045 3046 1146 3097; x_wconf 88' lang='lat' dir='ltr'>(non</span> <span class='ocrx_word' id='word_1_362' title='bbox 1167 3044 1230 3095; x_wconf 87' lang='grc' dir='ltr'>Α)</span> <span class='ocrx_word' id='word_1_363' title='bbox 1378 3043 1576 3082; x_wconf 88' lang='lat' dir='ltr'>carnibus</span> <span class='ocrx_word' id='word_1_364' title='bbox 1596 3041 1653 3079; x_wconf 87' lang='grc' dir='ltr'>Β1</span> <span class='ocrx_word' id='word_1_365' title='bbox 1765 3052 1817 3079; x_wconf 85' lang='lat'>22</span> <span class='ocrx_word' id='word_1_366' title='bbox 1849 3039 1944 3091; x_wconf 91' lang='lat' dir='ltr'>per]</span> <span class='ocrx_word' id='word_1_367' title='bbox 1970 3052 2047 3103; x_wconf 76' lang='lat' dir='ltr'>pro</span> <span class='ocrx_word' id='word_1_368' title='bbox 2066 3037 2114 3076; x_wconf 90' lang='lat' dir='ltr'><em>K</em></span> 
     </span>
     <span class='ocr_line' id='line_1_38' title="bbox 369 3091 2112 3150; baseline -0.005 -11"><span class='ocrx_word' id='word_1_369' title='bbox 369 3113 421 3150; x_wconf 84' lang='lat'>23</span> <span class='ocrx_word' id='word_1_370' title='bbox 450 3101 520 3150; x_wconf 91' lang='lat' dir='ltr'>qui</span> <span class='ocrx_word' id='word_1_371' title='bbox 542 3129 552 3140; x_wconf 85' lang='lat'>.</span> <span class='ocrx_word' id='word_1_372' title='bbox 576 3130 586 3140; x_wconf 89' lang='lat'>.</span> <span class='ocrx_word' id='word_1_373' title='bbox 614 3130 622 3139; x_wconf 92' lang='lat'>.</span> <span class='ocrx_word' id='word_1_374' title='bbox 645 3105 876 3150; x_wconf 87' lang='lat' dir='ltr'>potuerunt</span> <span class='ocrx_word' id='word_1_375' title='bbox 896 3114 980 3141; x_wconf 83' lang='lat' dir='ltr'>om.</span> <span class='ocrx_word' id='word_1_376' title='bbox 1009 3099 1059 3138; x_wconf 89' lang='lat' dir='ltr'>T1</span> <span class='ocrx_word' id='word_1_377' title='bbox 1171 3113 1222 3148; x_wconf 89' lang='lat'>24</span> <span class='ocrx_word' id='word_1_378' title='bbox 1253 3111 1330 3149; x_wconf 91' lang='lat' dir='ltr'>per</span> <span class='ocrx_word' id='word_1_379' title='bbox 1345 3096 1669 3138; x_wconf 85' lang='lat' dir='ltr'>resurrectionis</span> <span class='ocrx_word' id='word_1_380' title='bbox 1686 3101 1878 3146; x_wconf 87' lang='lat' dir='ltr'>tempore</span> <span class='ocrx_word' id='word_1_381' title='bbox 1893 3099 1940 3133; x_wconf 88' lang='lat' dir='ltr'>ut</span> <span class='ocrx_word' id='word_1_382' title='bbox 1952 3093 2032 3133; x_wconf 80' lang='lat' dir='ltr'>vzd.</span> <span class='ocrx_word' id='word_1_383' title='bbox 2059 3091 2112 3130; x_wconf 87' lang='lat' dir='ltr'>T²</span> 
     </span>
     <span class='ocr_line' id='line_1_39' title="bbox 370 3146 2108 3201; baseline -0.005 -7"><span class='ocrx_word' id='word_1_384' title='bbox 370 3155 607 3194; x_wconf 83' lang='lat' dir='ltr'>existerent</span> <span class='ocrx_word' id='word_1_385' title='bbox 628 3154 678 3193; x_wconf 81' lang='lat' dir='ltr'>Cl</span> <span class='ocrx_word' id='word_1_386' title='bbox 697 3169 706 3194; x_wconf 91' lang='lat'>:</span> <span class='ocrx_word' id='word_1_387' title='bbox 737 3155 938 3194; x_wconf 84' lang='lat' dir='ltr'>exteterit</span> <span class='ocrx_word' id='word_1_388' title='bbox 958 3155 998 3193; x_wconf 83' lang='lat' dir='ltr'><em>A</em></span> <span class='ocrx_word' id='word_1_389' title='bbox 1024 3169 1032 3194; x_wconf 90' lang='lat'>:</span> <span class='ocrx_word' id='word_1_390' title='bbox 1062 3155 1316 3194; x_wconf 85' lang='lat' dir='ltr'>extetissent</span> <span class='ocrx_word' id='word_1_391' title='bbox 1336 3152 1382 3191; x_wconf 89' lang='lat' dir='ltr'><em>K</em></span> <span class='ocrx_word' id='word_1_392' title='bbox 1598 3151 1839 3201; x_wconf 89' lang='lat' dir='ltr'>potuissent</span> <span class='ocrx_word' id='word_1_393' title='bbox 1859 3147 1905 3187; x_wconf 91' lang='lat' dir='ltr'><em>K</em></span> <span class='ocrx_word' id='word_1_394' title='bbox 1922 3149 2025 3201; x_wconf 85' lang='lat' dir='ltr'>(non</span> <span class='ocrx_word' id='word_1_395' title='bbox 2044 3146 2108 3198; x_wconf 88' lang='lat' dir='ltr'>A)</span> 
     </span>
     <span class='ocr_line' id='line_1_40' title="bbox 371 3209 941 3260; baseline 0.004 -12"><span class='ocrx_word' id='word_1_396' title='bbox 371 3211 423 3248; x_wconf 88' lang='lat'>26</span> <span class='ocrx_word' id='word_1_397' title='bbox 453 3210 695 3260; x_wconf 88' lang='lat' dir='ltr'>apostolum</span> <span class='ocrx_word' id='word_1_398' title='bbox 723 3209 775 3248; x_wconf 87' lang='lat' dir='ltr'>T1</span> <span class='ocrx_word' id='word_1_399' title='bbox 797 3214 844 3248; x_wconf 82' lang='lat' dir='ltr'>ut</span> <span class='ocrx_word' id='word_1_400' title='bbox 861 3209 941 3250; x_wconf 78' lang='lat' dir='ltr'>vid.</span> 
     </span>
    </p>
   </div>
  </div>
 </body>
</html>
