2228 3444
1127 145 1400 196 ISIDORI

383 284 566 316 nomen
604 270 807 333 accepit.
882 274 1234 337 Interpretatur
1276 279 1422 338 enim,
1475 282 1535 329 In
1583 299 1684 345 quo
1722 293 1795 333 est
1839 288 2003 350 gratia,
2053 295 2128 342 vel

386 349 591 398 Domini
626 354 791 415 gratia.
864 357 1093 419 Amplius
1133 357 1265 407 enim
1305 377 1416 409 eum
1461 363 1634 413 ceteris
1671 368 1924 429 Apostolis
1959 370 2128 423 dilexit

303 445 359 493 13
384 433 538 481 Iesus.
613 435 827 484 Iacobus
863 438 1109 488 Zebedaei
1142 457 1170 488 a
1205 450 1340 504 patre
1377 445 1765 508 cognominatur,
1804 467 1953 514 quem
1990 454 2126 503 relin-

380 531 536 576 quens
585 532 698 564 cum
749 519 976 569 Iohanne
1022 538 1191 570 verum
1238 534 1427 587 patrem
1476 527 1630 576 secuti
1677 540 1804 579 sunt.
1895 533 1963 581 Hi
2014 546 2127 585 sunt

332 639 334 642 .
380 595 465 644 filii
491 598 704 658 tonitrui,
733 600 818 663 qui
852 603 999 651 etiam
1036 605 1315 669 Boanerges
1353 624 1410 656 ex
1441 609 1668 659 firmitate
1706 622 1754 660 et
1787 615 2125 677 magnitudine
2147 637 2169 678 5

379 678 495 727 fidei
531 681 773 731 nominati
810 695 936 733 sunt.
1012 686 1113 734 Hic
1151 696 1224 736 est
1265 691 1477 740 Iacobus
1517 692 1643 742 filius
1686 695 1945 758 Zebedaei,
1980 700 2126 748 frater

380 761 629 823 Iohannis,
659 764 744 827 qui
767 775 879 829 post
906 768 1246 818 ascensionem
1287 772 1492 821 Domini
1521 775 1584 822 ab
1619 777 1825 826 Herode
1851 780 2123 830 manifesta-

296 860 353 907 14
378 852 453 890 tur
478 844 686 894 occisus.
762 848 975 898 Iacobus
1001 850 1213 913 Alphaei
1245 852 1311 901 ob
1342 853 1711 906 distinctionem
1747 858 1919 922 prioris
1945 877 2120 925 cogno-

376 924 604 987 minatus,
644 927 728 991 qui
765 929 943 978 dicitur
979 931 1106 980 filius
1143 934 1402 995 Zebedaei,
1442 936 1567 986 sicut
1603 938 1693 988 iste
1730 940 1856 990 filius
1893 945 2118 1006 Alphaei.

294 1015 350 1064 15
375 1007 778 1069 Cognomentum
806 1010 949 1075 igitur
972 1013 1123 1063 ambo
1148 1032 1176 1063 a
1202 1025 1338 1079 patre
1363 1030 1693 1082 sumpserunt.
1758 1025 1859 1072 Iste
1885 1034 1958 1073 est
1984 1027 2119 1075 Iaco-
2146 1046 2194 1075 10

374 1088 464 1137 bus
503 1091 675 1151 minor,
716 1092 800 1155 qui
838 1096 888 1142 in
926 1096 1197 1160 Evangelio
1234 1100 1378 1148 frater
1416 1101 1621 1150 Domini
1669 1106 1965 1167 nominatur,
2004 1107 2119 1170 quia

373 1171 532 1219 Maria
566 1190 687 1222 uxor
723 1175 934 1238 Alphaei
970 1194 1105 1226 soror
1141 1179 1230 1228 fuit
1261 1180 1426 1230 matris
1466 1183 1684 1245 Domini,
1720 1203 1868 1249 quam
1907 1189 2116 1239 Mariam

371 1254 624 1317 Cleophae
651 1257 902 1306 Iohannes
928 1260 1225 1323 evangelista
1244 1266 1576 1326 cognominat,
1599 1283 1628 1314 a
1652 1277 1801 1330 patre,
1828 1271 1929 1319 sive
1954 1288 1982 1319 a
2005 1289 2118 1334 gen-

369 1334 541 1384 tilitate
567 1337 793 1399 familiae,
821 1350 906 1388 aut
932 1358 1245 1407 quacumque
1271 1345 1365 1394 alia
1389 1362 1536 1396 causa
1561 1350 1604 1397 ei
1637 1366 1822 1399 nomen
1855 1351 2112 1415 inponens.

370 1418 620 1480 Alphaeus
646 1430 811 1470 autem
842 1423 1078 1473 Hebraeo
1103 1443 1330 1477 sermone
1350 1427 1401 1476 in
1418 1429 1596 1479 Latino
1616 1432 1899 1495 exprimitur
1924 1435 2116 1484 millesi-
2142 1457 2188 1499 15

284 1503 344 1551 16
369 1516 491 1559 mus,
521 1500 621 1550 sive
647 1503 838 1552 doctus.
913 1506 1168 1571 Philippus
1201 1527 1256 1558 os
1291 1512 1645 1574 lampadarum,
1678 1516 1754 1563 vel
1780 1532 1834 1564 os
1860 1533 2110 1566 manuum.

366 1583 587 1631 Thomas
612 1584 830 1647 abyssus,
855 1589 930 1636 vel
949 1588 1188 1652 geminus,
1212 1594 1346 1642 unde
1366 1602 1413 1641 et
1434 1595 1622 1644 Graece
1644 1597 1888 1659 Didymus
1904 1601 2114 1662 appella-

366 1672 455 1712 tur.
529 1668 906 1718 Bartholomeus
932 1670 1058 1720 filius
1085 1676 1431 1736 suspendentis
1457 1693 1624 1739 aquas,
1652 1680 1727 1727 vel
1761 1678 1887 1727 filius
1914 1698 2113 1744 suspen-

282 1763 336 1813 17
364 1747 525 1796 dentis
553 1766 645 1797 me.
700 1752 874 1813 Syrum
901 1763 987 1813 est,
1006 1770 1108 1802 non
1131 1755 1435 1806 Hebraeum.
1499 1760 1780 1808 Matthaeus
1806 1760 1855 1808 in
1877 1762 2112 1813 Hebraeo

361 1830 574 1878 donatus
612 1831 908 1895 exprimitur.
983 1837 1125 1884 Idem
1165 1847 1211 1885 et
1245 1841 1517 1901 appellatus
1544 1840 1663 1889 Levi
1701 1859 1757 1890 ex
1792 1842 1919 1892 tribu
1952 1862 1980 1892 a
2013 1862 2110 1907 qua
2136 1868 2187 1896 20

362 1921 494 1960 ortus
521 1912 623 1960 fuit.
699 1916 756 1962 In
786 1917 963 1965 Latino
989 1928 1154 1966 autem
1172 1935 1229 1967 ex
1255 1936 1402 1983 opere
1422 1921 1673 1983 publicani
1698 1940 1882 1972 nomen
1900 1926 2104 1988 accepit,

361 1993 474 2055 quia
518 2012 574 2043 ex
614 1995 888 2057 publicanis
931 1998 1021 2047 fuit
1064 2002 1247 2049 electus
1287 2012 1334 2050 et
1376 2002 1424 2050 in
1463 2006 1793 2066 apostolatum
1833 2009 2105 2057 translatus.

281 2076 336 2123 18
362 2075 531 2123 Simon
582 2078 844 2127 Cananeus
893 2082 956 2128 ad
1007 2081 1375 2131 distinctionem
1430 2084 1644 2134 Simonis
1696 2087 1836 2147 Petri,
1888 2089 1951 2136 de
1998 2089 2106 2139 vico

359 2157 578 2206 Galileae
617 2159 770 2220 Cana,
817 2161 900 2209 ubi
936 2180 1088 2225 aquas
1128 2164 1372 2214 Dominus
1411 2167 1614 2215 mutavit
1651 2167 1699 2215 in
1736 2167 1918 2217 vinum.
1993 2173 2107 2234 Ipse

359 2246 431 2286 est
457 2239 540 2301 qui
566 2239 615 2287 in
641 2241 736 2289 alio
757 2243 1053 2305 evangelista
1073 2244 1298 2294 scribitur
1317 2249 1525 2296 Zelotes.
1583 2250 1719 2298 Cana
1740 2250 1922 2313 quippe
1948 2254 2104 2302 zelum
2132 2276 2178 2315 25

272 2339 333 2386 19
359 2319 714 2385 interpretatur.
794 2326 943 2373 Iudas
972 2326 1158 2387 Iacobi‚
1187 2328 1270 2390 qui
1304 2328 1420 2377 alibi
1453 2331 1725 2393 appellatur
1752 2331 2025 2393 Lebbaeus,
2056 2336 2104 2381 fi-

355 2413 581 2465 guratum
607 2422 792 2454 nomen
820 2407 971 2455 habet
1000 2425 1028 2456 a
1061 2410 1223 2470 corde,
1253 2412 1390 2472 quod
1415 2428 1506 2460 nos
1533 2411 1824 2462 diminutive
1850 2417 2102 2464 corculum

356 2501 619 2546 possumus
650 2489 896 2551 appellare
915 2507 928 2548 3
964 2487 1068 2551 ipse
1094 2489 1143 2537 in
1168 2490 1266 2539 alio
1292 2492 1589 2555 evangelista
1613 2495 1915 2543 Thaddaeus
1940 2496 2103 2545 scribi-

356 2576 445 2626 tur,
474 2584 622 2629 quem
649 2569 979 2619 ecclesiastica
1004 2572 1151 2620 tradit
1184 2572 1384 2622 historia
1417 2573 1622 2623 missum
1649 2577 1889 2626 Edessam
1913 2580 1976 2627 ad
2003 2579 2102 2628 Ab·

262 2662 330 2697 20
354 2665 523 2712 garum
550 2667 730 2714 regem.
793 2654 943 2701 Iudas
971 2653 1233 2704 Iscariotes
1259 2657 1335 2704 vel
1359 2673 1387 2704 a
1413 2655 1521 2705 vico
1547 2658 1596 2704 in
1623 2674 1723 2721 quo
1749 2668 1882 2708 ortus
1908 2670 1994 2720 est,
2023 2663 2099 2710 vel
2122 2686 2173 2724 30

412 2792 428 2816 1
463 2781 635 2818 nomine
661 2778 707 2818 K
881 2797 905 2833 5
937 2797 991 2822 ex
1013 2784 1257 2825 infirmitate
1281 2786 1330 2825 C1
1507 2790 1533 2827 6
1562 2788 1638 2830 iac.
1662 2789 1758 2829 alfei
1782 2790 1921 2843 (eras.)
1943 2791 1983 2832 fi.
2007 2792 2096 2832 zeb.

353 2834 481 2872 fratre
502 2834 539 2873 T
644 2848 670 2885 9
692 2837 803 2876 filius
818 2838 977 2889 (prius)
993 2853 1074 2879 om.
1093 2839 1149 2877 Β1
1266 2854 1316 2880 10
1336 2843 1677 2891 cognominatum
1695 2846 1748 2894 ig.
1771 2845 1809 2883 T
1912 2847 2035 2885 ambo
2049 2860 2099 2886 ex

351 2889 404 2926 ab
426 2902 476 2928 eo
500 2889 537 2927 T
645 2903 690 2928 11
713 2894 1038 2942 nuncupaturK
1147 2907 1194 2933 12
1215 2907 1337 2945 quem
1356 2898 1486 2937 maria
1505 2898 1555 2937 cl.
1574 2897 1621 2936 K
1731 2912 1779 2949 14
1799 2899 2095 2951 qualicumque

353 2939 399 2980 K
510 2947 558 2983 16
578 2945 703 2984 velox
724 2959 891 2985 manum
920 2948 957 2985 T
1048 2951 1096 2988 18
1117 2950 1226 2988 filius
1248 2951 1411 3004 (prius)
1426 2966 1510 2992 om.
1536 2953 1587 2991 Tl
1686 2955 1805 3004 aquis
1825 2953 1867 2992 Β
1974 2967 2092 3006 susp.

350 2998 386 3035 si
409 3011 476 3037 me
499 2999 548 3038 Cl
662 3013 712 3050 19
750 3014 833 3040 non
857 3001 988 3041 Hebr.
1014 3017 1093 3045 om.
1120 3003 1166 3042 K
1183 3008 1287 3056 (non
1307 3006 1370 3055 A)
1483 3006 1546 3058 in]
1569 3021 1624 3046 ex
1645 3006 1691 3045 K
1798 3023 1852 3048 20
1881 3015 1922 3049 et
1949 3024 2034 3051 om.
2063 3010 2101 3051 T

354 3052 474 3096 Levi]
497 3065 572 3104 pre
595 3059 641 3093 ut
659 3055 738 3096 vid.
761 3054 821 3094 Kl
844 3070 853 3094 ε
873 3057 947 3096 del.
972 3057 1033 3095 Κ2
1143 3072 1227 3109 quo
1250 3059 1329 3098 CK
1437 3075 1484 3101 ει
1518 3075 1588 3112 op.
1610 3064 1779 3113 puplico
1801 3062 1847 3101 K
1955 3079 2006 3104 22
2039 3071 2089 3104 tr.

350 3113 414 3147 est
435 3107 476 3144 Β
559 3122 609 3159 24
642 3110 708 3149 ubi
730 3124 810 3150 om.
831 3110 886 3148 Bl
1000 3126 1052 3162 29
1082 3113 1251 3153 missum
1274 3127 1355 3153 om.
1379 3114 1438 3152 Kl
1549 3129 1603 3166 30
1633 3123 1756 3157 natus
1779 3125 1843 3158 est
1859 3119 1926 3158 vel
1943 3133 1965 3159 a
1982 3125 2030 3159 tr.
2051 3120 2097 3158 K
