2228 3444
442 181 1074 230 ETYMOLOGIARVM
1117 183 1245 229 LIB.
1289 183 1327 228 Ι.
1369 179 1638 228 xxvii—xxix

148 321 238 370 tur,
261 319 309 359 et
334 309 519 358 incerta
544 306 687 356 certis
713 307 996 370 probentur.
1073 309 1204 358 Octo
1229 315 1395 355 autem
1423 306 1583 355 modis
1609 307 1895 371 conparatio

148 393 402 455 analogiae
426 389 697 453 colligitur:
735 388 785 437 id
811 397 884 437 est
918 389 1168 452 qualitate,
1195 387 1560 452 conparatione,
1589 404 1780 451 genere,
1810 405 1895 437 nu-

148 491 297 533 mero,
321 475 485 536 figura,
509 489 639 532 casu,
663 471 1052 521 extremitatibus
1078 471 1308 520 similium
1331 470 1641 534 syllabarum,
1660 479 1708 519 et
1733 470 1896 519 simili-

147 555 319 604 tudine
343 564 638 618 temporum.
711 555 760 602 Si
795 554 916 617 quid
946 556 1010 603 de
1042 553 1100 602 iis
1134 571 1289 601 unum
1323 552 1546 612 defuerit,
1573 551 1670 600 iam
1696 568 1799 600 non
1824 562 1896 601 est
1919 565 1948 600 2

102 658 123 698 5
145 636 382 701 analogia,
402 636 454 685 id
470 645 543 686 est
563 635 847 697 similitudo,
871 637 959 684 sed
976 645 1049 685 est
1068 634 1326 694 anomalia,
1351 634 1402 683 id
1421 643 1495 683 est
1511 644 1644 683 extra
1662 636 1895 697 regulam,

146 729 200 769 ut
228 721 422 782 ‘lepus'
449 728 495 767 et
528 719 731 781 ‘lupus.'
801 721 987 766 Totum
1021 717 1266 777 convenit,
1296 718 1385 766 sed
1419 716 1717 765 dissentiunt
1750 733 1866 765 casu
1885 735 1898 777 3

145 801 261 849 facit
286 800 418 850 enim
449 799 612 863 ‘lupi,'
645 799 885 862 ‘leporis'
956 802 1087 848 Nam
1114 798 1395 863 regulariter
1424 808 1510 858 est,
1544 800 1665 847 dum
1703 798 1896 861 quaeris

146 891 310 931 utrum
339 887 543 930 ‘trames
565 883 574 903 '
601 880 929 930 masculinum
956 881 1016 930 sit
1041 898 1103 930 an
1130 880 1437 941 femininum,
1466 879 1636 929 similis
1662 890 1735 929 est
1761 880 1828 928 illi
1845 880 1895 928 in

146 966 281 1013 omni
307 962 637 1013 declinatione
666 962 862 1023 ‘limes,’
889 972 936 1012 et
962 963 1050 1012 erit
1070 962 1412 1012 masculinum.
1486 964 1614 1011 Item
1643 967 1654 988 ‘
1671 962 1828 1010 funis'
1856 962 1895 1010 si
1918 969 1948 1015 3

75 1067 120 1094 10
145 1045 315 1094 incerti
340 1044 530 1109 generis
548 1062 655 1093 esse
681 1044 851 1105 credis,
882 1044 1052 1093 similis
1069 1054 1142 1094 est
1167 1044 1234 1092 illi
1265 1043 1434 1108 ‘panis
1452 1046 1462 1066 '
1482 1044 1531 1092 in
1549 1043 1893 1105 declinatione,

145 1137 192 1177 et
218 1127 305 1176 erit
339 1126 680 1175 masculinum.
757 1128 885 1175 Item
920 1143 978 1176 ex
1008 1126 1360 1190 conparatione
1396 1125 1730 1190 positivorum,
1771 1135 1825 1174 ut
1858 1125 1897 1174 si

144 1209 279 1259 dicas
310 1210 543 1267 ‘doctuS,'
582 1213 816 1272 ‘magnus
838 1210 876 1258 ’:
925 1209 1122 1271 positivi
1153 1217 1266 1258 sunt
1293 1217 1340 1257 et
1367 1210 1439 1256 sui
1467 1207 1665 1275 similes.
1741 1208 1817 1256 Fit
1848 1217 1895 1256 et

143 1308 228 1354 per
261 1290 658 1351 diminutionem,
695 1300 870 1354 utputa
905 1292 1102 1339 ‘funem
1126 1293 1135 1312 ³
1161 1292 1489 1339 masculinum
1515 1306 1623 1340 esse
1649 1290 1894 1338 funiculus

143 1375 373 1434 ostendit,
403 1373 527 1421 sicut
565 1378 575 1398 ‘
597 1375 836 1422 marmor’
868 1373 1027 1421 neutri
1053 1390 1160 1422 esse
1197 1373 1388 1436 generis
1414 1374 1800 1421 marmusculum
1828 1372 1896 1420 in-

73 1473 118 1513 15
143 1455 288 1504 dicat.
364 1457 492 1504 Nam
520 1456 657 1518 quod
687 1471 842 1517 genus
877 1454 927 1502 in
963 1454 1324 1518 principalitate
1361 1463 1447 1513 est,
1476 1454 1526 1502 id
1565 1470 1671 1503 esse
1697 1456 1821 1503 solet
1846 1454 1897 1503 in
1919 1464 1950 1510 4

143 1536 486 1586 diminutione.
561 1538 660 1586 Sed
690 1538 786 1585 hoc
821 1554 923 1585 non
955 1554 1162 1600 semper,
1199 1546 1251 1585 ut
1286 1540 1297 1562 ‘
1316 1536 1606 1600 pistrinum,'
1637 1533 1895 1599 ‘pistrilla.’

143 1621 241 1668 Sed
271 1619 387 1682 quia
426 1620 548 1668 scire
582 1619 824 1667 debemus
850 1635 909 1667 ex
942 1619 1189 1683 positione
1224 1617 1295 1685 [id
1329 1628 1402 1668 est
1441 1615 1710 1683 primitivo]
1751 1616 1897 1666 decli-

142 1700 409 1761 nationem,
440 1718 498 1749 ex
524 1700 855 1750 diminutione
879 1717 1034 1764 genus
1061 1700 1302 1764 colligere.

279 1785 362 1830 DE
380 1797 733 1831 ETYMoLoolA.
810 1782 1124 1846 Etymologia
1143 1792 1216 1831 est
1236 1782 1372 1846 origo
1393 1782 1761 1840 vocabulorum,
1782 1798 1895 1830 cum
1921 1788 2072 1827 XXIX

71 1887 120 1914 20
142 1864 213 1912 vis
233 1864 368 1913 verbi
389 1866 465 1913 vel
486 1864 701 1913 nominis
722 1881 807 1928 per
823 1863 1277 1928 interpretationem
1298 1863 1556 1926 colligitur.
1629 1866 1778 1911 Hanc
1797 1863 1901 1911 Ari-

143 1949 342 1996 stoteles
382 1948 647 2011 σύμβολον,
693 1946 871 1997 Cicero
912 1946 1287 1996 adnotationem
1328 1945 1616 2005 nominavit,
1662 1945 1777 2008 quia
1812 1961 1896 1993 no-

145 2028 277 2077 mina
293 2038 341 2077 et
356 2028 506 2077 verba
525 2046 686 2078 rerum
707 2037 825 2077 nota
850 2027 965 2076 facit
985 2030 1213 2091 exemplo
1231 2028 1394 2092 posito
1414 2046 1426 2087 3
1459 2036 1633 2091 utputa
1653 2028 1896 2085 ‘fiumen,’

142 2110 258 2173 quia
291 2112 493 2159 fluendo
529 2112 694 2170 crevit,
726 2126 754 2157 a
790 2110 993 2157 fluendo
1026 2108 1229 2157 dictum.
1304 2108 1459 2158 Cuius
1496 2107 1714 2172 cognitio
1749 2123 1897 2171 saepe
1919 2119 1949 2153 2

143 2208 288 2240 usum
313 2193 644 2241 necessarium
670 2191 820 2239 habet
845 2192 894 2238 in
928 2189 1330 2253 interpretatione
1355 2207 1455 2238 sua.
1529 2192 1660 2239 Nam
1686 2191 1807 2238 dum
1833 2189 1896 2237 vi-

70 2292 88 2319 2
97 2293 118 2332 5
144 2273 273 2322 deris
299 2274 432 2322 unde
459 2281 618 2321 ortum
648 2282 720 2322 est
746 2288 944 2332 nomen,
968 2271 1110 2320 citius
1133 2272 1231 2320 vim
1259 2272 1363 2321 eius
1388 2271 1645 2335 intellegis.
1718 2270 1894 2319 Omnis

144 2354 275 2403 enim
311 2355 379 2404 rei
408 2355 650 2418 inspectio
681 2353 977 2418 etymologia
995 2354 1192 2418 cognita
1211 2353 1402 2417 planior
1426 2363 1513 2402 est.
1586 2355 1703 2402 Non
1728 2362 1893 2401 autem

143 2435 311 2485 omnia
335 2438 539 2485 nomina
563 2454 592 2485 a
616 2435 863 2485 veteribus
884 2436 1157 2485 secundum
1175 2445 1400 2484 naturam
1427 2434 1639 2498 inposita
1655 2443 1782 2493 sunt,
1806 2436 1893 2483 sed

143 2520 388 2581 quaedam
415 2527 463 2567 et
488 2520 763 2567 secundum
798 2519 1048 2581 placitum,
1086 2517 1212 2566 sicut
1242 2526 1290 2566 et
1323 2534 1413 2566 nos
1450 2516 1598 2565 servis
1630 2525 1677 2565 et
1706 2532 1893 2579 posses-

144 2599 365 2649 sionibus
405 2600 652 2650 interdum
693 2601 968 2648 secundum
1009 2601 1146 2662 quod
1194 2601 1354 2663 placet
1402 2608 1597 2647 nostrae
1652 2597 1892 2646 voluntati

69 2700 121 2740 30
143 2681 347 2730 nomina
363 2683 552 2731 damus.
629 2680 765 2729 Hinc
792 2690 864 2730 est
885 2682 1019 2744 quod
1041 2680 1264 2729 omnium
1285 2680 1547 2730 nominum
1567 2678 1891 2742 etymologiae
1915 2688 1944 2734 3

195 2813 222 2850 6
250 2824 372 2851 casus
409 2812 470 2850 Κ1
600 2812 626 2849 8
655 2810 716 2849 illi
747 2824 830 2850 om.
859 2810 917 2848 B1
1047 2823 1150 2860 9-11
1186 2811 1292 2849 Item
1322 2840 1329 2848 .
1353 2839 1359 2846 .
1386 2841 1393 2849 .
1419 2808 1691 2848 masculinum
1720 2821 1803 2846 om.
1835 2807 1891 2845 Β1

140 2879 168 2916 9
197 2866 308 2906 funis
329 2867 410 2906 inc.
435 2880 535 2916 gen.
557 2866 595 2906 si
615 2878 710 2905 esse
732 2870 779 2904 ut
796 2865 877 2905 vid.
902 2866 963 2903 Kl
1120 2878 1168 2903 10
1198 2866 1291 2904 sim.
1318 2864 1376 2902 illi
1398 2869 1463 2902 est
1482 2862 1565 2902 KC
1718 2875 1764 2901 12
1794 2867 1889 2900 sunt

141 2926 187 2959 ut
216 2921 279 2960 sui
310 2921 392 2960 Kc
499 2921 545 2960 fit
573 2933 650 2971 per
680 2920 717 2958 T
875 2932 924 2968 13
954 2920 1185 2959 funiculum
1223 2919 1280 2958 T:
1326 2919 1520 2957 finiculus
1543 2917 1579 2956 C
1744 2927 1791 2966 15
1823 2921 1890 2954 est

142 2987 226 3016 om.
249 2975 310 3014 Κ1
494 2977 543 3014 16
573 2973 679 3026 non]
711 2988 867 3014 nomen
898 2975 935 3013 T
1097 2987 1142 3024 17
1174 2975 1215 3013 id
1236 2980 1302 3013 est
1329 2973 1545 3024 primitivo
1569 2972 1661 3011 hab.
1690 2970 1759 3010 K:
1803 2983 1887 3012 om.

141 3027 222 3068 BC
227 3028 264 3067 T
422 3043 474 3069 20
502 3030 567 3069 vis
601 3043 682 3070 om.
716 3029 753 3067 T
942 3042 994 3068 22
1024 3030 1244 3079 proposito
1268 3028 1329 3066 K1
1541 3039 1593 3076 23
1621 3026 1759 3064 dictus
1798 3023 1896 3062 C¹T

143 3096 194 3132 24
226 3084 267 3122 in
305 3097 388 3123 om.
412 3084 459 3122 K
720 3086 773 3122 26
801 3083 862 3123 rei
895 3097 978 3123 om.
1009 3083 1046 3122 T
1286 3096 1335 3133 27
1366 3082 1476 3134 sec.]
1499 3093 1576 3131 per
1590 3079 1675 3118 KP
1692 3081 1796 3133 (non
1821 3080 1886 3131 A>

142 3139 194 3176 28
224 3139 431 3188 quaedam
451 3139 684 3178 secundum
707 3140 807 3191 (om.
829 3139 889 3187 et)
915 3138 961 3176 K
