2176 3424
371 121 1001 172 ETYMOLOGIARVM
1041 119 1172 165 LIB.
1212 117 1408 163 XVIII.
1450 112 1578 162 v-vii

105 255 427 305 hirundineae
465 254 699 301 formatur
719 269 731 310 3
782 250 917 298 unde
953 257 1001 296 et
1044 244 1414 295 chelidoniacus
1458 244 1650 292 dicitur.
1738 241 1850 291 Sica
1877 245 1907 291 8

103 355 132 386 a
157 338 373 386 secando
398 334 543 383 dicta.
613 335 701 380 Est
726 330 856 380 enim
883 330 1073 393 gladius
1099 326 1259 376 brevis
1286 342 1387 389 quo
1413 324 1624 373 maxime
1642 331 1852 372 'utuntur

106 418 190 482 qui
208 418 342 481 apud
363 417 515 465 Italos
535 412 790 463 latrocinia
809 420 1036 461 exercent
1054 428 1068 470 3
1101 426 1131 457 a
1151 425 1251 472 quo
1271 416 1319 456 et
1339 405 1496 455 sicarii
1517 406 1649 454 dicti.
1699 407 1853 453 Tran-

106 499 284 562 quillus
303 498 423 563 (lud.
437 498 546 544 hist.
566 494 679 559 195)
696 501 861 542 autem
882 491 1025 541 dicit:
1054 493 1065 515 ‘
1078 493 1212 538 Dum
1230 487 1487 537 cuiusdam
1504 485 1786 550 gladiatoris
1803 487 1853 534 in

61 598 82 638 5
106 582 278 628 ludum
305 578 469 628 emissi
495 575 684 640 gladius
710 582 936 622 curvatus
963 572 1133 620 fuisset
1158 588 1217 619 ex
1241 569 1346 618 acie
1379 578 1525 628 recta,
1551 568 1854 631 procucurrit

108 678 234 710 unus
260 662 324 710 ad
350 660 400 709 id
426 658 797 722 corrigendum3
841 664 1046 717 tumque
1080 670 1109 701 a
1144 660 1396 717 pugnante
1430 666 1724 713 responsum
1751 659 1852 698 est:

110 743 189 792 Sic
211 745 274 791 ha
290 742 538 806 pugnabo.
601 740 728 787 Inde
748 737 876 786 sicae
894 753 1079 785 nomen
1099 735 1302 784 datum.'
1362 736 1566 782 Secures
1587 731 1724 795 signa
1743 740 1857 779 sunt
1882 748 1916 794 9

108 841 234 888 quae
250 833 364 873 ante
384 823 611 872 consules
636 820 917 869 ferebantur
937 836 949 879 3
987 834 1107 881 quas
1128 815 1341 880 Hispani
1359 816 1422 864 ab
1442 831 1533 863 usu
1556 816 1854 862 Francorum

110 923 195 969 per
226 903 580 955 derivationem
616 902 899 950 Franciscas
937 908 1128 948 vocant.
1205 900 1277 946 Ea
1311 895 1448 959 signa
1481 896 1660 958 portari
1687 911 1749 943 ne
1774 903 1857 942 aut

39 1004 86 1033 ιο
110 1004 254 1036 usum
280 987 538 1050 perderent
563 984 693 1043 belli,
715 992 799 1031 aut
826 998 1003 1030 vacans
1023 988 1279 1044 aspectum
1298 978 1543 1026 amitteret
1563 976 1855 1040 gladiorum.

245 1071 329 1116 DE
355 1082 550 1115 HAsT1s.
626 1067 786 1113 Hasta
819 1073 892 1113 est
925 1071 1100 1112 contus
1138 1078 1252 1110 cum
1286 1062 1411 1109 ferro
1430 1078 1442 1120 3
1478 1059 1617 1108 cuius
1647 1057 1858 1107 diminu-
1881 1073 1960 1112 vu

111 1150 266 1199 tivum
302 1150 416 1198 facit
453 1147 661 1196 hastilia.
742 1149 942 1195 Nomen
978 1154 1143 1193 autem
1182 1146 1322 1192 hasta
1356 1143 1420 1191 ab
1461 1151 1571 1190 astu
1614 1142 1858 1204 sumpsit3

112 1233 245 1281 unde
292 1239 339 1280 et
385 1229 577 1279 astutia.
668 1230 888 1279 Contum
936 1228 1115 1275 ferrum
1165 1242 1266 1274 non
1314 1224 1477 1284 habet,
1529 1224 1617 1273 sed
1664 1231 1855 1272 tantum
1881 1238 1911 1272 2

111 1313 316 1377 cuspide
339 1321 485 1361 acuto
510 1320 595 1361 est.
669 1309 910 1373 Vergilius
939 1309 1084 1373 (Aen.
1106 1322 1147 1371 5,
1171 1307 1286 1371 208)
1307 1325 1315 1355 ε

41 1415 88 1455 15
382 1395 703 1456 Eferatasque
740 1392 906 1440 trudes
944 1400 991 1439 et
1027 1399 1174 1439 acuto
1210 1388 1417 1452 cuspide
1452 1396 1641 1436 contos.

113 1477 333 1527 Contum
358 1483 523 1525 autem
550 1474 689 1538 quasi
714 1472 963 1523 conitum:
1003 1481 1076 1521 est
1101 1472 1233 1521 enim
1263 1487 1447 1520 conum
1473 1478 1617 1517 acuta
1642 1466 1860 1516 rotundi-

113 1568 200 1607 tas.
294 1558 486 1605 Trudes
538 1554 711 1604 amites
771 1564 885 1604 sunt
933 1571 1047 1603 cum
1096 1555 1266 1602 lunato
1315 1554 1454 1612 ferro,
1505 1567 1632 1614 quae
1681 1548 1858 1598 Graeci
1883 1570 1912 1616 3

112 1638 343 1703 aplustria
367 1638 552 1687 dicunt.
625 1640 703 1689 †A
736 1636 961 1685 trudibus
994 1645 1161 1685 autem
1192 1639 1392 1687 verum†
1418 1635 1555 1698 quod
1581 1633 1785 1681 trudunt
1811 1639 1859 1679 et

115 1721 395 1771 detrudunt.
468 1718 711 1782 Vergilius
735 1716 882 1783 (Aen.
905 1732 946 1780 5,
969 1716 1114 1781 208):

45 1826 94 1855 20
719 1801 1039 1862 Eferatasque
1059 1800 1241 1847 trudes.

116 1883 375 1932 Venabula
410 1882 542 1931 dicta
575 1883 713 1945 quasi
749 1881 944 1930 venatui
978 1880 1136 1940 abilia,
1166 1882 1242 1929 vel
1276 1879 1391 1943 quia
1427 1878 1708 1928 venientem
1739 1877 1861 1926 exci-
1885 1895 1917 1941 4

116 1965 269 2029 piunt,
298 1963 436 2028 quasi
462 1963 781 2026 excipiabula.
858 1963 1121 2026 Excipiunt
1154 1964 1287 2011 enim
1324 1978 1468 2025 apros
1503 1969 1862 2024 expectantque

118 2050 299 2106 leones,
328 2049 508 2095 intrant
533 2062 684 2105 ursos,
713 2045 774 2093 sit
798 2053 990 2093 tantum
1016 2046 1156 2092 firma
1182 2060 1355 2092 manus
1383 2042 1464 2108 (cf.
1493 2044 1638 2090 Mart.
1667 2059 1739 2102 14,
1761 2041 1861 2107 30).
1886 2057 1915 2105 5

121 2132 315 2178 Lancea
334 2137 406 2177 est
427 2129 565 2176 hasta
584 2135 835 2175 amentum
860 2127 1047 2176 habens
1068 2125 1119 2173 in
1136 2124 1301 2174 medio
1321 2144 1330 2174 ε
1356 2125 1488 2173 dicta
1507 2132 1674 2173 autem
1690 2125 1862 2173 lancea

178 2273 195 2298 1
227 2260 444 2298 irudineae
471 2256 525 2296 T:
560 2257 770 2295 irundinis
794 2256 828 2295 C
935 2256 1016 2296 cel·
1041 2256 1094 2297 C:
1127 2257 1406 2296 celidoniatus
1428 2255 1558 2294 ΒΚΤ
1733 2270 1757 2294 2
1787 2269 1861 2294 un-

121 2322 266 2355 tuntur
286 2313 331 2351 K
474 2327 498 2361 4
529 2311 753 2361 gladiatori
774 2310 860 2349 ΒΤ
1015 2322 1038 2359 5
1070 2311 1267 2350 emissum
1289 2311 1469 2360 gladium
1492 2316 1708 2350 curvatum
1734 2311 1862 2363 (-ba-)

122 2369 242 2408 BCT
384 2367 588 2417 procurrit
611 2365 689 2404 CK
877 2367 903 2403 6
934 2366 975 2404 id
995 2379 1075 2406 om.
1097 2365 1182 2404 KP
1202 2368 1302 2418 (non
1325 2367 1384 2417 E)
1550 2371 1580 2405 t.
1604 2366 1656 2404 ad
1678 2366 1744 2406 B:
1776 2371 1862 2404 tum

123 2438 146 2462 a
167 2423 251 2462 KP
387 2436 407 2471 7
440 2422 498 2460 sic
520 2422 573 2460 ha
593 2420 651 2458 Β2
673 2419 716 2470 (i.
734 2434 763 2460 e.
786 2421 863 2458 hac
882 2435 892 2470 ;
922 2422 971 2470 cf.
998 2421 1134 2459 Glotta
1157 2434 1195 2468 2,
1213 2423 1330 2470 300):
1359 2421 1445 2459 sica
1466 2420 1740 2460 KP1TM012.
1764 2435 1772 2458 :
1804 2421 1862 2458 sic

123 2479 199 2517 hac
216 2476 401 2515 B¹CFE2
421 2491 428 2514 :
455 2477 541 2514 sica
563 2476 637 2514 hac
659 2475 758 2512 ΒΕ]
776 2479 819 2512 ut
837 2475 919 2514 vid.
1069 2477 1094 2513 8
1123 2476 1338 2514 consulem
1356 2476 1399 2513 Κ
1546 2488 1573 2524 9
1602 2480 1810 2514 vocantur
1827 2475 1865 2511 Β

122 2533 191 2584 ea]
214 2545 288 2570 sea
309 2531 358 2570 Cl
468 2530 540 2582 ne]
564 2543 617 2569 na
637 2530 676 2568 Β
844 2542 892 2568 10
922 2531 1122 2578 perderet
1145 2529 1221 2570 C1:
1249 2530 1479 2579 perdiderit
1495 2529 1535 2567 Β
1646 2542 1803 2578 vagans
1825 2528 1869 2567 N

123 2588 316 2627 emiteret
337 2599 425 2636 asp.
455 2585 509 2624 U:
539 2598 625 2634 asp.
647 2585 888 2623 amitterent
908 2584 976 2623 N:
1005 2590 1180 2634 aspectu
1201 2584 1400 2623 amitterit
1422 2583 1468 2621 K
1634 2597 1681 2622 12
1712 2584 1865 2622 hastila

125 2642 178 2680 Β1
349 2653 396 2689 13
425 2638 611 2678 astutitia
638 2639 675 2677 T
798 2639 909 2678 ferro
931 2639 1020 2677 ΚΝ
1139 2639 1322 2691 tantum]
1343 2644 1427 2677 tam
1441 2639 1497 2676 Β1
1666 2652 1713 2688 14
1743 2643 1864 2677 acuta

133 2696 235 2734 TU:
265 2701 433 2744 agutum
458 2693 502 2732 N
776 2699 841 2732 est
862 2707 943 2732 om.
971 2693 1060 2731 KN
1076 2692 1178 2743 (non
1205 2693 1263 2744 U)
1467 2705 1514 2742 15
1546 2693 1810 2741 ferratasque
1833 2692 1868 2731 C

125 2751 256 2789 trides
278 2750 318 2787 Β
488 2750 534 2787 16
564 2748 735 2798 conum]
754 2754 924 2787 contum
946 2747 987 2785 Β
1155 2760 1200 2796 17
1232 2747 1382 2786 amites
1404 2747 1516 2798 (-tt-)
1538 2747 1687 2786 BCK:
1717 2753 1808 2785 aste
1836 2746 1873 2783 T

128 2805 171 2851 (i.
185 2818 217 2843 e.
240 2804 405 2851 hastae)
570 2815 680 2852 quea
708 2802 745 2840 T
761 2803 804 2854 (i.
821 2816 852 2842 e.
873 2816 982 2852 quae
1003 2816 1027 2840 a
1043 2804 1099 2854 3):
1129 2815 1232 2852 quas
1254 2801 1288 2840 C
1486 2804 1533 2840 18
1564 2802 1777 2852 aplustrea
1796 2801 1836 2839 Β
1855 2817 1863 2841 ;

126 2859 356 2908 aplaustria
383 2857 420 2895 T
692 2870 716 2895 a
737 2863 786 2898 tr.
810 2870 874 2897 au.
899 2857 964 2896 vel
986 2856 1050 2894 K:
1080 2858 1131 2895 ad
1153 2856 1324 2895 rubibus
1344 2870 1410 2897 au.
1433 2857 1499 2894 vel
1520 2857 1583 2897 N:
1614 2856 1776 2895 Trudes
1796 2868 1862 2895 au.

127 2913 281 2952 serrum
299 2912 450 2962 C(non
471 2910 566 2961 (JV)
587 2925 595 2949 ε
613 2911 717 2960 sort.
738 2917 762 2949 a
781 2912 826 2963 (i.
839 2925 870 2951 e.
894 2911 1115 2963 appellati)
1136 2917 1184 2949 tr.
1205 2924 1269 2949 au.
1287 2923 1388 2950 vero
1405 2910 1486 2960 (vel
1503 2911 1590 2960 vel)
1702 2923 1755 2949 20
1786 2909 1865 2949 ser-

132 2972 326 3016 ratasque
349 2966 384 3005 C
545 2978 592 3003 21
626 2965 692 3003 vel
713 2967 822 3015 quod
846 2965 882 3004 C
1042 2977 1094 3003 22
1124 2965 1364 3015 excipibilia
1384 2965 1466 3004 Blz
1497 2964 1776 3016 excipiabulia
1797 2965 1867 3004 K:

129 3020 246 3060 -bilia
266 3019 342 3062 CT
446 3021 557 3059 enirn
578 3033 659 3058 om.
684 3019 719 3058 C
826 3033 877 3069 23
907 3020 1048 3059 inti-an
1067 3021 1182 3070 (corr.
1198 3021 1295 3073 ans)
1311 3033 1458 3059 versus
1477 3018 1522 3058 K
1647 3033 1697 3068 24
1728 3018 1866 3070 hasta]

131 3076 276 3114 lancea
299 3074 342 3112 K
474 3074 655 3113 medium
679 3073 724 3110 K
