2176 3424
804 293 1017 342 LIBER
1066 293 1190 340 XIV

473 425 579 476 DE
631 422 907 475 TERRA
962 422 1063 473 ET
1120 420 1513 473 PARTIBVS

251 561 332 607 DE
372 574 559 608 TERRA.
635 562 786 608 Terra
824 565 897 606 est
935 558 985 605 in
1027 556 1193 606 media
1235 556 1410 606 mundi
1447 556 1646 621 regione
1686 555 1903 619 posita‚1

116 641 346 689 omnibus
395 640 612 703 partibus
656 639 777 689 caeli
819 638 869 686 in
916 640 1123 687 modum
1165 638 1319 687 centri
1366 638 1560 701 aequali
1607 639 1862 686 intervallo

115 724 388 772 consistens
411 742 424 783 3
481 738 607 785 quae
656 721 885 784 singulari
933 737 1140 769 numero
1179 729 1338 768 totum
1382 719 1555 768 orbem
1603 718 1859 783 significat,

115 805 287 867 plurali
311 821 427 853 vero
462 803 675 866 singulas
708 812 883 866 partes.
959 802 1115 852 Cuius
1141 801 1346 850 nomina
1370 801 1561 850 diversa
1589 802 1673 850 dat
1709 801 1862 862 ratio3

69 912 89 951 5
116 902 230 934 nam
267 895 392 934 terra
427 883 557 933 dicta
592 902 621 932 a
658 883 892 947 superiori
929 893 1079 947 parte,
1109 900 1205 947 qua
1242 883 1410 932 teritur
1427 901 1441 943 3
1476 885 1657 932 humus
1693 883 1757 931 ab
1794 882 1863 929 in-

115 967 275 1016 feriori
300 969 375 1016 vel
400 965 606 1015 humida
630 974 772 1027 terra,
791 975 844 1013 ut
869 966 960 1014 sub
979 964 1099 1013 mari
1118 983 1130 1026 3
1166 966 1309 1014 tellus
1333 974 1518 1026 autern,
1535 966 1650 1028 quia
1674 965 1859 1013 fructus

115 1049 219 1097 eius
244 1049 460 1097 tollimus
478 1067 491 1108 3
527 1050 649 1096 haec
676 1057 723 1096 et
750 1049 855 1110 Ops
882 1048 1028 1107 dicta,
1058 1064 1117 1096 eo
1142 1048 1279 1110 quod
1314 1063 1461 1111 opem
1496 1049 1586 1095 fert
1611 1046 1829 1110 frugibus
1850 1065 1861 1106 3

116 1132 289 1180 eadem
324 1140 371 1179 et
403 1147 527 1189 arva,
556 1131 619 1178 ab
652 1131 838 1179 arando
876 1140 922 1178 et
958 1131 1172 1178 colendo
1198 1139 1384 1178 vocata.
1461 1129 1662 1192 Proprie
1695 1138 1861 1177 autem
1889 1139 1919 1173 2

115 1223 239 1262 terra
263 1214 327 1262 ad
352 1212 720 1261 distinctionem
746 1229 904 1274 aquae
928 1211 1065 1260 arida
1100 1220 1423 1276 nuncupatur,
1454 1213 1580 1260 sicut
1613 1211 1862 1275 Scriptura

45 1321 92 1348 10
114 1295 180 1344 ait
229 1295 429 1360 (Genes.
455 1313 493 1354 1,
523 1294 633 1359 10):
705 1296 885 1356 ‘Quod
934 1293 1179 1342 vocaverit
1225 1297 1362 1343 Deus
1412 1303 1589 1343 terram
1642 1294 1862 1343 aridam.'

116 1377 362 1426 Naturalis
395 1375 526 1424 enim
561 1375 830 1439 proprietas
864 1375 1055 1424 siccitas
1094 1385 1166 1424 est
1204 1375 1370 1436 terris3
1424 1393 1539 1424 nam
1573 1386 1626 1424 ut
1656 1376 1862 1425 humida

116 1459 189 1519 sit,
218 1461 313 1507 hoc
338 1475 575 1521 aquarum
608 1457 843 1506 affinitate
876 1457 1085 1506 sortitur.
1158 1457 1313 1508 Cuius
1349 1468 1540 1507 motum
1575 1458 1657 1506 alii
1690 1458 1862 1507 dicunt

117 1549 318 1589 ventum
357 1557 462 1589 esse
499 1540 548 1588 in
586 1540 814 1588 concavis
849 1541 967 1602 eiuS,
1003 1541 1087 1604 qui
1122 1549 1286 1588 motus
1318 1556 1427 1588 eam
1461 1550 1641 1589 movet.
1714 1542 1863 1589 Sallu-

117 1622 236 1671 stius
262 1621 417 1687 (Hist.
443 1640 482 1682 2,
503 1624 554 1671 fr.
579 1622 661 1686 28)
684 1642 692 1670 :
727 1626 738 1646 ‘
755 1623 905 1671 Venti
930 1641 1016 1687 per
1033 1640 1153 1672 cava
1169 1632 1323 1672 terrae
1349 1622 1500 1670 citatu
1526 1624 1653 1685 rupti
1674 1622 1862 1686 aliquot

47 1729 93 1768 15
120 1713 311 1753 montes
349 1703 625 1766 tumulique
664 1705 865 1753 sedere!
934 1705 1032 1753 Alii
1070 1721 1251 1768 aquam
1291 1703 1464 1752 dicunt
1499 1705 1775 1767 genetalem
1813 1704 1862 1752 in
1889 1714 1918 1760 3

117 1787 252 1834 terris
273 1785 472 1846 moveri,
493 1794 540 1834 et
567 1802 648 1834 eas
670 1785 815 1834 simul
835 1796 1114 1846 concutere,
1134 1788 1259 1835 sicut
1280 1803 1376 1845 vas,
1400 1794 1453 1834 ut
1471 1785 1590 1834 dicit
1608 1785 1864 1834 Lucretius

117 1865 191 1931 (63
199 1883 223 1930 5
233 1883 256 1930 5
265 1866 329 1931 5).
371 1866 469 1915 Alii
487 1868 774 1934 σπογγοειδῆ
792 1877 967 1917 terram
985 1871 1171 1928 volunt,
1192 1868 1330 1916 cuius
1349 1870 1641 1931 plerumque
1658 1869 1864 1918 latentes

116 1948 284 1998 ruinae
320 1949 624 2012 superposita
655 1959 834 1998 cuncta
866 1952 1174 2000 concutiunt.
1246 1954 1426 1999 Terrae
1465 1967 1665 2013 quoque
1702 1950 1863 1998 hiatus

116 2040 200 2079 aut
226 2039 364 2079 motu
389 2047 547 2094 aquae
572 2031 810 2079 inferioris
838 2033 903 2092 fit,
932 2042 1015 2080 aut
1049 2031 1229 2081 crebris
1263 2031 1504 2091 tonitruis,
1531 2041 1616 2080 aut
1649 2033 1713 2080 de
1749 2048 1862 2081 con-

46 2136 97 2164 20
118 2112 248 2162 cavis
274 2121 428 2161 terrae
454 2113 824 2176 erumpentibus
850 2113 1022 2162 ventis.

254 2196 337 2242 DE
358 2209 507 2242 ORBE.
567 2194 714 2243 Orbis
729 2211 757 2242 a
773 2196 1074 2243 rotunditate
1090 2194 1256 2243 circuli
1277 2194 1453 2254 dictus,
1472 2194 1588 2257 quia
1604 2194 1729 2243 sicut
1749 2206 1854 2244 rota
1886 2199 1924 2238 ΙΙ

118 2284 190 2324 est
207 2294 221 2336 3
257 2276 390 2324 unde
415 2275 573 2324 brevis
605 2275 751 2324 etiam
777 2278 949 2325 rotella
982 2276 1232 2325 orbiculus
1265 2278 1554 2340 appellatur.
1627 2279 1862 2341 Vndique

117 2356 248 2406 enim
270 2358 500 2407 Oceanus
527 2357 870 2406 circumfluens
889 2358 1000 2407 eius>
1013 2357 1066 2407 in
1083 2357 1265 2407 circulo
1288 2358 1444 2407 ambit
1464 2360 1604 2407 fines.
1663 2359 1862 2408 Divisus

177 2490 195 2515 1
229 2490 319 2527 pos,
343 2490 429 2527 reg.
451 2477 492 2514 Β
602 2492 627 2526 4
657 2477 798 2529 cuius]
811 2478 876 2516 cui
897 2478 932 2517 C
1038 2489 1062 2526 5
1094 2477 1192 2529 ten]
1208 2478 1369 2527 regitur
1383 2477 1441 2515 Β1
1551 2481 1577 2518 6
1607 2479 1726 2532 quia]
1747 2482 1862 2530 quod
1884 2520 1886 2522 ,

119 2530 165 2569 Κ
348 2545 369 2581 7
402 2532 481 2571 dic.
499 2537 566 2570 est
579 2545 631 2570 eo
651 2531 697 2568 K
856 2534 880 2570 8
911 2533 1058 2571 eadam
1086 2532 1122 2570 T
1226 2538 1267 2571 et
1289 2533 1364 2574 col.
1391 2547 1473 2574 om.
1501 2533 1539 2572 T
1701 2549 1727 2584 9
1756 2549 1780 2573 a
1802 2536 1863 2574 di-

120 2586 347 2625 stinctione
365 2586 411 2624 K
516 2586 660 2624 aridae
681 2585 726 2623 K
910 2601 959 2626 10
990 2587 1124 2639 quod]
1145 2587 1243 2637 quia
1263 2586 1304 2624 Β
1490 2601 1534 2626 11
1567 2588 1767 2628 siccitatis
1791 2589 1869 2628 CT

121 2647 185 2680 est
204 2646 318 2679 terra
345 2641 382 2679 T
490 2654 537 2690 13
567 2640 696 2680 movit
714 2640 760 2678 K
870 2655 916 2691 14
947 2655 1132 2681 concava
1154 2641 1189 2680 G
1300 2643 1417 2681 citati
1438 2642 1830 2683 BCDFKMNOPl
1853 2660 1861 2684 :

121 2695 385 2746 praecipitati
408 2696 542 2746 (pre-)
568 2694 714 2734 GTU:
743 2696 1022 2746 praecipitata
1043 2695 1215 2735 XMon.
1368 2698 1477 2747 rupti
1501 2728 1511 2737 .
1535 2729 1544 2738 .
1569 2730 1577 2738 .
1602 2699 1754 2737 sedere
1775 2712 1857 2739 om.

122 2749 201 2789 M:
231 2750 388 2799 aliquot
409 2779 417 2788 .
443 2779 452 2789 .
477 2781 486 2789 .
509 2750 660 2788 sedere
680 2763 762 2790 om.
786 2750 832 2788 N
1027 2765 1074 2801 15
1103 2758 1270 2791 montes
1290 2765 1370 2791 om.
1394 2751 1573 2791 KOPC1
1598 2755 1698 2805 (non
1720 2752 1858 2802 Mon.)

121 2805 337 2855 tumilique
356 2805 393 2843 O
408 2805 509 2856 (non
525 2803 603 2855 P):
626 2805 859 2855 tumidique
875 2805 919 2844 D
939 2805 1038 2855 (non
1054 2806 1095 2843 F
1093 2805 1128 2844 G
1142 2805 1276 2856 Mon.)
1364 2808 1480 2846 venti
1500 2820 1578 2857 per
1598 2821 1699 2846 cava
1715 2813 1745 2849 t.
1764 2821 1859 2858 pre-

121 2859 283 2909 cipitati
304 2859 414 2909 rupti
435 2858 548 2899 codd.
569 2858 724 2898 Isidori
738 2859 787 2898 de
806 2866 892 2899 nat.
918 2874 991 2900 rer.
1015 2863 1081 2910 46,
1095 2873 1118 2898 2
1251 2862 1490 2910 generalem
1511 2862 1637 2901 Arev.
1657 2863 1724 2914 (ex
1741 2862 1858 2903 Serv.

121 2913 179 2952 ad
197 2913 339 2965 Georg.
363 2927 400 2963 2,
419 2912 517 2966 479)
536 2928 544 2954 ε
575 2914 818 2963 generalem
839 2915 952 2955 codd.
1122 2916 1170 2953 16
1199 2928 1250 2953 ea
1269 2916 1362 2957 sim.
1384 2914 1431 2953 K
1607 2930 1653 2966 17
1686 2919 1856 2970 σπογγ.]

121 2981 285 3018 spungo
304 2969 416 3007 idem
439 2967 496 3007 C:
525 2968 678 3018 sfungo
700 2969 803 3020 (sp-,
823 2969 911 3021 etc.)
935 2970 1113 3008 eandem
1133 2968 1218 3007 ΒΚ
1226 2969 1263 3007 T
1409 2971 1556 3010 volunt
1579 2970 1656 3010 CT
1672 2987 1680 3011 ε
1709 2979 1860 3011 vocant

120 3020 208 3059 ΒΚ
342 3023 568 3073 pleraeque
604 3022 722 3076 (-re-)
761 3022 838 3062 CT
1000 3026 1048 3063 18
1078 3037 1140 3064 ru.
1163 3025 1300 3064 ventis
1333 3038 1507 3076 quorum
1541 3033 1655 3066 motu
1692 3039 1783 3077 sup.
1809 3027 1856 3066 C¹

119 3078 414 3116 concutiuntur
436 3077 485 3116 C1
596 3089 644 3127 19
669 3090 733 3127 aq.
754 3077 795 3116 in
818 3079 890 3118 inf.
920 3077 957 3116 T
1074 3092 1126 3117 22
1155 3092 1224 3120 un.
1251 3086 1292 3119 et
1310 3080 1427 3120 brev.
1449 3081 1518 3121 eti.
1538 3079 1584 3118 K
1690 3082 1859 3122 orbicus

122 3129 171 3167 Cl
335 3144 386 3180 23
414 3131 565 3183 ambit]
587 3132 713 3172 habet
734 3131 780 3170 K
886 3133 1078 3173 diversos
1099 3133 1145 3171 K
