<?xml version="1.0" encoding="UTF-8"?>
<!DOCTYPE html PUBLIC "-//W3C//DTD XHTML 1.0 Transitional//EN"
    "http://www.w3.org/TR/xhtml1/DTD/xhtml1-transitional.dtd">
<html xmlns="http://www.w3.org/1999/xhtml" xml:lang="en" lang="en">
 <head>
  <title>
</title>
<meta http-equiv="Content-Type" content="text/html;charset=utf-8" />
  <meta name='ocr-system' content='tesseract 3.04.00' />
  <meta name='ocr-capabilities' content='ocr_page ocr_carea ocr_par ocr_line ocrx_word'/>
</head>
<body>
  <div class='ocr_page' id='page_1' title='image "./isidori01isiduoft/isidori01isiduoft_0787.png"; bbox 0 0 2176 3424; ppageno 0'>
   <div class='ocr_carea' id='block_1_1' title="bbox 415 93 1533 144">
    <p class='ocr_par' dir='ltr' id='par_1_1' title="bbox 415 93 1533 144">
     <span class='ocr_line' id='line_1_1' title="bbox 415 93 1533 144; baseline -0.004 0"><span class='ocrx_word' id='word_1_1' title='bbox 415 96 1044 144; x_wconf 86' lang='lat' dir='ltr'><strong>ETYMOLOGIARVM</strong></span> <span class='ocrx_word' id='word_1_2' title='bbox 1084 96 1212 142; x_wconf 89' lang='lat' dir='ltr'><strong>LIB.</strong></span> <span class='ocrx_word' id='word_1_3' title='bbox 1254 96 1362 141; x_wconf 91' lang='lat' dir='ltr'><strong>XX.</strong></span> <span class='ocrx_word' id='word_1_4' title='bbox 1403 93 1533 140; x_wconf 84' lang='lat' dir='ltr'><strong>vi—ix</strong></span> 
     </span>
    </p>
   </div>
   <div class='ocr_carea' id='block_1_2' title="bbox 20 222 1980 2410">
    <p class='ocr_par' dir='ltr' id='par_1_2' title="bbox 20 222 1907 439">
     <span class='ocr_line' id='line_1_2' title="bbox 20 222 1907 288; baseline -0.006 -10"><span class='ocrx_word' id='word_1_5' title='bbox 20 263 26 272; x_wconf 46' lang='grc' dir='ltr'><strong><em>ι</em></strong></span> <span class='ocrx_word' id='word_1_6' title='bbox 106 226 282 277; x_wconf 90' lang='lat' dir='ltr'><strong>Graeci</strong></span> <span class='ocrx_word' id='word_1_7' title='bbox 298 227 441 284; x_wconf 78' lang='grc' dir='ltr'>πύξου</span> <span class='ocrx_word' id='word_1_8' title='bbox 464 234 655 275; x_wconf 87' lang='lat' dir='ltr'><strong>vocant.</strong></span> <span class='ocrx_word' id='word_1_9' title='bbox 731 224 989 274; x_wconf 90' lang='lat' dir='ltr'><strong>Lenticula</strong></span> <span class='ocrx_word' id='word_1_10' title='bbox 1008 226 1260 273; x_wconf 88' lang='lat' dir='ltr'>vasculum</span> <span class='ocrx_word' id='word_1_11' title='bbox 1282 222 1534 282; x_wconf 88' lang='lat' dir='ltr'><strong>olearium,</strong></span> <span class='ocrx_word' id='word_1_12' title='bbox 1553 238 1611 271; x_wconf 88' lang='lat' dir='ltr'><strong>ex</strong></span> <span class='ocrx_word' id='word_1_13' title='bbox 1636 239 1748 270; x_wconf 93' lang='lat' dir='ltr'><strong>aere</strong></span> <span class='ocrx_word' id='word_1_14' title='bbox 1766 229 1851 268; x_wconf 89' lang='lat' dir='ltr'><strong>aut</strong></span> <span class='ocrx_word' id='word_1_15' title='bbox 1874 241 1907 288; x_wconf 93' lang='lat'>4</span> 
     </span>
     <span class='ocr_line' id='line_1_3' title="bbox 103 304 1850 372; baseline -0.004 -15"><span class='ocrx_word' id='word_1_16' title='bbox 103 317 306 372; x_wconf 91' lang='lat' dir='ltr'><strong>argento</strong></span> <span class='ocrx_word' id='word_1_17' title='bbox 323 309 520 367; x_wconf 87' lang='lat' dir='ltr'><strong>factum,</strong></span> <span class='ocrx_word' id='word_1_18' title='bbox 541 325 570 356; x_wconf 88' lang='lat' dir='ltr'><strong>a</strong></span> <span class='ocrx_word' id='word_1_19' title='bbox 595 306 816 356; x_wconf 89' lang='lat' dir='ltr'><strong>liniendo</strong></span> <span class='ocrx_word' id='word_1_20' title='bbox 833 307 1019 355; x_wconf 89' lang='lat' dir='ltr'><strong>dictum</strong></span> <span class='ocrx_word' id='word_1_21' title='bbox 1047 326 1055 355; x_wconf 91' lang='lat'>:</span> <span class='ocrx_word' id='word_1_22' title='bbox 1092 306 1168 353; x_wconf 89' lang='lat' dir='ltr'><strong>his</strong></span> <span class='ocrx_word' id='word_1_23' title='bbox 1194 306 1326 353; x_wconf 90' lang='lat' dir='ltr'><strong>enim</strong></span> <span class='ocrx_word' id='word_1_24' title='bbox 1347 321 1483 367; x_wconf 88' lang='lat' dir='ltr'><strong>reges</strong></span> <span class='ocrx_word' id='word_1_25' title='bbox 1501 312 1550 352; x_wconf 94' lang='lat' dir='ltr'><strong>et</strong></span> <span class='ocrx_word' id='word_1_26' title='bbox 1569 304 1850 352; x_wconf 83' lang='lat' dir='ltr'>sacerdotes</span> 
     </span>
     <span class='ocr_line' id='line_1_4' title="bbox 103 389 415 439; baseline -0.003 -2"><span class='ocrx_word' id='word_1_27' title='bbox 103 389 415 439; x_wconf 90' lang='lat' dir='ltr'><strong>liniebantur.</strong></span> 
     </span>
    </p>

    <p class='ocr_par' dir='ltr' id='par_1_3' title="bbox 242 467 1980 531">
     <span class='ocr_line' id='line_1_5' title="bbox 242 467 1980 531; baseline 0 -13"><span class='ocrx_word' id='word_1_28' title='bbox 242 474 323 519; x_wconf 83' lang='lat' dir='ltr'><strong>DE</strong></span> <span class='ocrx_word' id='word_1_29' title='bbox 343 485 484 518; x_wconf 83' lang='lat' dir='ltr'><strong>VAsls</strong></span> <span class='ocrx_word' id='word_1_30' title='bbox 504 479 855 526; x_wconf 75' lang='lat' dir='ltr'><strong>COQVINARIIS.</strong></span> <span class='ocrx_word' id='word_1_31' title='bbox 918 469 1102 518; x_wconf 86' lang='lat' dir='ltr'><strong>Omnia</strong></span> <span class='ocrx_word' id='word_1_32' title='bbox 1121 485 1236 517; x_wconf 89' lang='lat' dir='ltr'><strong>vasa</strong></span> <span class='ocrx_word' id='word_1_33' title='bbox 1252 467 1502 531; x_wconf 88' lang='lat' dir='ltr'><strong>coquendi</strong></span> <span class='ocrx_word' id='word_1_34' title='bbox 1523 484 1671 515; x_wconf 89' lang='lat' dir='ltr'><strong>causa</strong></span> <span class='ocrx_word' id='word_1_35' title='bbox 1686 474 1852 529; x_wconf 89' lang='lat' dir='ltr'><strong>parata</strong></span> <span class='ocrx_word' id='word_1_36' title='bbox 1875 480 1980 519; x_wconf 92' lang='lat' dir='ltr'>V111</span> 
     </span>
    </p>

    <p class='ocr_par' dir='ltr' id='par_1_4' title="bbox 57 550 1157 620">
     <span class='ocr_line' id='line_1_6' title="bbox 57 550 1157 620; baseline -0.005 -17"><span class='ocrx_word' id='word_1_37' title='bbox 57 580 78 620; x_wconf 85' lang='lat'>5</span> <span class='ocrx_word' id='word_1_38' title='bbox 105 555 277 602; x_wconf 90' lang='lat' dir='ltr'><strong>cocula</strong></span> <span class='ocrx_word' id='word_1_39' title='bbox 302 554 547 601; x_wconf 85' lang='lat' dir='ltr'><strong>dicuntur.</strong></span> <span class='ocrx_word' id='word_1_40' title='bbox 622 554 823 600; x_wconf 87' lang='lat' dir='ltr'><strong>Plautus</strong></span> <span class='ocrx_word' id='word_1_41' title='bbox 850 550 985 614; x_wconf 86' lang='lat' dir='ltr'><strong>(frag.</strong></span> <span class='ocrx_word' id='word_1_42' title='bbox 1010 550 1124 614; x_wconf 81' lang='lat'>181)</span> <span class='ocrx_word' id='word_1_43' title='bbox 1148 569 1157 598; x_wconf 78' lang='lat' dir='ltr'><em>z</em></span> 
     </span>
    </p>

    <p class='ocr_par' dir='ltr' id='par_1_5' title="bbox 227 630 1726 683">
     <span class='ocr_line' id='line_1_7' title="bbox 227 630 1726 683; baseline -0.003 0"><span class='ocrx_word' id='word_1_44' title='bbox 227 634 410 683; x_wconf 92' lang='lat' dir='ltr'><strong>Aeneis</strong></span> <span class='ocrx_word' id='word_1_45' title='bbox 448 633 632 683; x_wconf 87' lang='lat' dir='ltr'><strong>coculis</strong></span> <span class='ocrx_word' id='word_1_46' title='bbox 671 633 789 681; x_wconf 86' lang='lat' dir='ltr'><strong>mihi</strong></span> <span class='ocrx_word' id='word_1_47' title='bbox 829 642 1030 682; x_wconf 87' lang='lat' dir='ltr'><strong>excocta</strong></span> <span class='ocrx_word' id='word_1_48' title='bbox 1066 641 1140 681; x_wconf 90' lang='lat' dir='ltr'><strong>est</strong></span> <span class='ocrx_word' id='word_1_49' title='bbox 1176 631 1338 680; x_wconf 91' lang='lat' dir='ltr'><strong>omnis</strong></span> <span class='ocrx_word' id='word_1_50' title='bbox 1377 630 1726 680; x_wconf 81' lang='lat' dir='ltr'><strong>misericordia.</strong></span> 
     </span>
    </p>

    <p class='ocr_par' dir='ltr' id='par_1_6' title="bbox 104 712 1908 941">
     <span class='ocr_line' id='line_1_8' title="bbox 105 712 1908 778; baseline -0.001 -13"><span class='ocrx_word' id='word_1_51' title='bbox 105 719 218 766; x_wconf 91' lang='lat' dir='ltr'><strong>Olla</strong></span> <span class='ocrx_word' id='word_1_52' title='bbox 250 715 383 764; x_wconf 90' lang='lat' dir='ltr'><strong>dicta</strong></span> <span class='ocrx_word' id='word_1_53' title='bbox 418 732 506 778; x_wconf 91' lang='lat' dir='ltr'><strong>pro</strong></span> <span class='ocrx_word' id='word_1_54' title='bbox 543 731 603 763; x_wconf 90' lang='lat' dir='ltr'><strong>eo</strong></span> <span class='ocrx_word' id='word_1_55' title='bbox 639 716 775 777; x_wconf 87' lang='lat' dir='ltr'><strong>quod</strong></span> <span class='ocrx_word' id='word_1_56' title='bbox 813 714 1016 763; x_wconf 84' lang='lat' dir='ltr'><strong>ebulliat</strong></span> <span class='ocrx_word' id='word_1_57' title='bbox 1053 715 1102 762; x_wconf 89' lang='lat' dir='ltr'><strong>in</strong></span> <span class='ocrx_word' id='word_1_58' title='bbox 1133 730 1190 762; x_wconf 88' lang='lat' dir='ltr'><strong>ea</strong></span> <span class='ocrx_word' id='word_1_59' title='bbox 1225 729 1354 775; x_wconf 89' lang='lat' dir='ltr'><strong>aqua</strong></span> <span class='ocrx_word' id='word_1_60' title='bbox 1388 712 1489 776; x_wconf 84' lang='lat' dir='ltr'><strong>igni</strong></span> <span class='ocrx_word' id='word_1_61' title='bbox 1522 712 1762 772; x_wconf 87' lang='lat' dir='ltr'><strong>subiecto,</strong></span> <span class='ocrx_word' id='word_1_62' title='bbox 1799 722 1852 760; x_wconf 91' lang='lat' dir='ltr'><strong>ut</strong></span> <span class='ocrx_word' id='word_1_63' title='bbox 1877 730 1908 764; x_wconf 86' lang='lat'>2</span> 
     </span>
     <span class='ocr_line' id='line_1_9' title="bbox 104 793 1853 860; baseline -0.003 -13"><span class='ocrx_word' id='word_1_64' title='bbox 104 798 247 847; x_wconf 88' lang='lat' dir='ltr'><strong>altius</strong></span> <span class='ocrx_word' id='word_1_65' title='bbox 289 814 438 860; x_wconf 90' lang='lat' dir='ltr'><strong>vapor</strong></span> <span class='ocrx_word' id='word_1_66' title='bbox 478 795 726 845; x_wconf 86' lang='lat' dir='ltr'><strong>emittitur.</strong></span> <span class='ocrx_word' id='word_1_67' title='bbox 799 797 947 845; x_wconf 88' lang='lat' dir='ltr'><strong>Vnde</strong></span> <span class='ocrx_word' id='word_1_68' title='bbox 985 805 1032 844; x_wconf 92' lang='lat' dir='ltr'><strong>et</strong></span> <span class='ocrx_word' id='word_1_69' title='bbox 1074 797 1209 844; x_wconf 92' lang='lat' dir='ltr'><strong>bulla</strong></span> <span class='ocrx_word' id='word_1_70' title='bbox 1245 793 1437 854; x_wconf 90' lang='lat' dir='ltr'><strong>dicitur,</strong></span> <span class='ocrx_word' id='word_1_71' title='bbox 1475 811 1602 857; x_wconf 87' lang='lat' dir='ltr'><strong>quae</strong></span> <span class='ocrx_word' id='word_1_72' title='bbox 1638 793 1688 841; x_wconf 91' lang='lat' dir='ltr'><strong>in</strong></span> <span class='ocrx_word' id='word_1_73' title='bbox 1725 810 1853 857; x_wconf 88' lang='lat' dir='ltr'><strong>aqua</strong></span> 
     </span>
     <span class='ocr_line' id='line_1_10' title="bbox 105 876 1855 941; baseline -0.003 -12"><span class='ocrx_word' id='word_1_74' title='bbox 105 879 238 929; x_wconf 90' lang='lat' dir='ltr'><strong>venti</strong></span> <span class='ocrx_word' id='word_1_75' title='bbox 264 879 395 927; x_wconf 91' lang='lat' dir='ltr'><strong>intus</strong></span> <span class='ocrx_word' id='word_1_76' title='bbox 422 878 592 941; x_wconf 90' lang='lat' dir='ltr'><strong>spiritu</strong></span> <span class='ocrx_word' id='word_1_77' title='bbox 627 887 940 927; x_wconf 83' lang='lat' dir='ltr'><strong>sustentatur.</strong></span> <span class='ocrx_word' id='word_1_78' title='bbox 1015 879 1202 926; x_wconf 87' lang='lat' dir='ltr'><strong>Patella</strong></span> <span class='ocrx_word' id='word_1_79' title='bbox 1236 876 1375 939; x_wconf 89' lang='lat' dir='ltr'><strong>quasi</strong></span> <span class='ocrx_word' id='word_1_80' title='bbox 1410 878 1605 939; x_wconf 81' lang='lat' dir='ltr'><strong>patula3</strong></span> <span class='ocrx_word' id='word_1_81' title='bbox 1658 878 1757 924; x_wconf 92' lang='lat' dir='ltr'><strong>olla</strong></span> <span class='ocrx_word' id='word_1_82' title='bbox 1782 886 1855 924; x_wconf 90' lang='lat' dir='ltr'><strong>est</strong></span> 
     </span>
    </p>

    <p class='ocr_par' dir='ltr' id='par_1_7' title="bbox 35 958 1912 1342">
     <span class='ocr_line' id='line_1_11' title="bbox 35 958 1911 1026; baseline -0.003 -15"><span class='ocrx_word' id='word_1_83' title='bbox 35 988 83 1015; x_wconf 87' lang='lat'><strong>10</strong></span> <span class='ocrx_word' id='word_1_84' title='bbox 106 961 237 1011; x_wconf 87' lang='lat' dir='ltr'><strong>enirn</strong></span> <span class='ocrx_word' id='word_1_85' title='bbox 265 959 359 1008; x_wconf 90' lang='lat' dir='ltr'><strong>oris</strong></span> <span class='ocrx_word' id='word_1_86' title='bbox 386 959 756 1022; x_wconf 87' lang='lat' dir='ltr'><strong>patentioribus.</strong></span> <span class='ocrx_word' id='word_1_87' title='bbox 830 959 1089 1010; x_wconf 85' lang='lat' dir='ltr'><strong>Caccabus</strong></span> <span class='ocrx_word' id='word_1_88' title='bbox 1124 968 1172 1007; x_wconf 92' lang='lat' dir='ltr'><strong>et</strong></span> <span class='ocrx_word' id='word_1_89' title='bbox 1205 975 1416 1006; x_wconf 87' lang='lat' dir='ltr'><strong>cucuma</strong></span> <span class='ocrx_word' id='word_1_90' title='bbox 1441 975 1469 1005; x_wconf 91' lang='lat' dir='ltr'><strong>a</strong></span> <span class='ocrx_word' id='word_1_91' title='bbox 1506 974 1630 1006; x_wconf 92' lang='lat' dir='ltr'><strong>sono</strong></span> <span class='ocrx_word' id='word_1_92' title='bbox 1656 958 1856 1006; x_wconf 86' lang='lat' dir='ltr'><strong>fervoris</strong></span> <span class='ocrx_word' id='word_1_93' title='bbox 1882 980 1911 1026; x_wconf 85' lang='lat'>3</span> 
     </span>
     <span class='ocr_line' id='line_1_12' title="bbox 104 1038 1859 1104; baseline -0.002 -15"><span class='ocrx_word' id='word_1_94' title='bbox 104 1040 526 1104; x_wconf 87' lang='lat' dir='ltr'><strong>cognominantur.</strong></span> <span class='ocrx_word' id='word_1_95' title='bbox 590 1043 734 1090; x_wconf 90' lang='lat' dir='ltr'><strong>Haec</strong></span> <span class='ocrx_word' id='word_1_96' title='bbox 761 1042 809 1088; x_wconf 91' lang='lat' dir='ltr'><strong>in</strong></span> <span class='ocrx_word' id='word_1_97' title='bbox 836 1040 1037 1090; x_wconf 86' lang='lat' dir='ltr'><strong>Graecis</strong></span> <span class='ocrx_word' id='word_1_98' title='bbox 1064 1049 1110 1089; x_wconf 89' lang='lat' dir='ltr'><strong>et</strong></span> <span class='ocrx_word' id='word_1_99' title='bbox 1137 1039 1325 1088; x_wconf 88' lang='lat' dir='ltr'><strong>Latinis</strong></span> <span class='ocrx_word' id='word_1_100' title='bbox 1350 1038 1635 1087; x_wconf 85' lang='lat' dir='ltr'><strong>communia</strong></span> <span class='ocrx_word' id='word_1_101' title='bbox 1655 1038 1859 1087; x_wconf 90' lang='lat' dir='ltr'><strong>nomina</strong></span> 
     </span>
     <span class='ocr_line' id='line_1_13' title="bbox 106 1120 1857 1181; baseline -0.001 -11"><span class='ocrx_word' id='word_1_102' title='bbox 106 1123 290 1171; x_wconf 88' lang='lat' dir='ltr'><strong>habent</strong></span> <span class='ocrx_word' id='word_1_103' title='bbox 310 1141 321 1181; x_wconf 81' lang='lat'><em>3</em></span> <span class='ocrx_word' id='word_1_104' title='bbox 374 1124 461 1171; x_wconf 91' lang='lat' dir='ltr'><strong>sed</strong></span> <span class='ocrx_word' id='word_1_105' title='bbox 487 1131 649 1170; x_wconf 90' lang='lat' dir='ltr'><strong>utrum</strong></span> <span class='ocrx_word' id='word_1_106' title='bbox 677 1122 841 1171; x_wconf 91' lang='lat' dir='ltr'><strong>Latini</strong></span> <span class='ocrx_word' id='word_1_107' title='bbox 875 1140 903 1170; x_wconf 86' lang='lat' dir='ltr'><strong>a</strong></span> <span class='ocrx_word' id='word_1_108' title='bbox 929 1122 1131 1172; x_wconf 86' lang='lat' dir='ltr'><strong>Graecis</strong></span> <span class='ocrx_word' id='word_1_109' title='bbox 1164 1139 1228 1170; x_wconf 89' lang='lat' dir='ltr'><strong>an</strong></span> <span class='ocrx_word' id='word_1_110' title='bbox 1255 1121 1432 1170; x_wconf 88' lang='lat' dir='ltr'><strong>Graeci</strong></span> <span class='ocrx_word' id='word_1_111' title='bbox 1456 1139 1485 1169; x_wconf 90' lang='lat' dir='ltr'><strong>a</strong></span> <span class='ocrx_word' id='word_1_112' title='bbox 1520 1120 1708 1169; x_wconf 89' lang='lat' dir='ltr'><strong>Latinis</strong></span> <span class='ocrx_word' id='word_1_113' title='bbox 1733 1122 1857 1169; x_wconf 89' lang='lat' dir='ltr'><strong>haec</strong></span> 
     </span>
     <span class='ocr_line' id='line_1_14' title="bbox 106 1203 1912 1267; baseline -0.002 -14"><span class='ocrx_word' id='word_1_114' title='bbox 106 1205 347 1253; x_wconf 90' lang='lat' dir='ltr'><strong>vocabula</strong></span> <span class='ocrx_word' id='word_1_115' title='bbox 399 1214 707 1253; x_wconf 89' lang='lat' dir='ltr'><strong>mutuassent</strong></span> <span class='ocrx_word' id='word_1_116' title='bbox 763 1204 1003 1253; x_wconf 90' lang='lat' dir='ltr'><strong>incertum</strong></span> <span class='ocrx_word' id='word_1_117' title='bbox 1053 1214 1140 1252; x_wconf 91' lang='lat' dir='ltr'><strong>est.</strong></span> <span class='ocrx_word' id='word_1_118' title='bbox 1226 1203 1445 1252; x_wconf 84' lang='lat' dir='ltr'><strong>Lebetae</strong></span> <span class='ocrx_word' id='word_1_119' title='bbox 1504 1219 1688 1252; x_wconf 89' lang='lat' dir='ltr'><strong>aeneae</strong></span> <span class='ocrx_word' id='word_1_120' title='bbox 1745 1212 1858 1251; x_wconf 91' lang='lat' dir='ltr'><strong>sunt</strong></span> <span class='ocrx_word' id='word_1_121' title='bbox 1881 1221 1912 1267; x_wconf 88' lang='lat'>4</span> 
     </span>
     <span class='ocr_line' id='line_1_15' title="bbox 110 1284 1854 1342; baseline -0.002 -7"><span class='ocrx_word' id='word_1_122' title='bbox 110 1289 302 1335; x_wconf 88' lang='lat' dir='ltr'><strong>Graeco</strong></span> <span class='ocrx_word' id='word_1_123' title='bbox 338 1303 565 1335; x_wconf 92' lang='lat' dir='ltr'><strong>sermone</strong></span> <span class='ocrx_word' id='word_1_124' title='bbox 596 1296 834 1342; x_wconf 86' lang='lat' dir='ltr'><strong>vocatae;</strong></span> <span class='ocrx_word' id='word_1_125' title='bbox 886 1295 999 1334; x_wconf 91' lang='lat' dir='ltr'><strong>sunt</strong></span> <span class='ocrx_word' id='word_1_126' title='bbox 1037 1285 1171 1334; x_wconf 90' lang='lat' dir='ltr'><strong>enirn</strong></span> <span class='ocrx_word' id='word_1_127' title='bbox 1210 1287 1336 1333; x_wconf 85' lang='lat' dir='ltr'><strong>ollae</strong></span> <span class='ocrx_word' id='word_1_128' title='bbox 1374 1284 1590 1333; x_wconf 89' lang='lat' dir='ltr'><strong>minores</strong></span> <span class='ocrx_word' id='word_1_129' title='bbox 1622 1284 1674 1332; x_wconf 92' lang='lat' dir='ltr'><strong>in</strong></span> <span class='ocrx_word' id='word_1_130' title='bbox 1710 1301 1854 1333; x_wconf 92' lang='lat' dir='ltr'><strong>usum</strong></span> 
     </span>
    </p>

    <p class='ocr_par' dir='ltr' id='par_1_8' title="bbox 42 1366 1921 1759">
     <span class='ocr_line' id='line_1_16' title="bbox 42 1366 1912 1433; baseline -0.003 -13"><span class='ocrx_word' id='word_1_131' title='bbox 42 1394 86 1433; x_wconf 87' lang='lat'><strong>¹5</strong></span> <span class='ocrx_word' id='word_1_132' title='bbox 111 1369 360 1431; x_wconf 85' lang='lat' dir='ltr'><strong>coquendi</strong></span> <span class='ocrx_word' id='word_1_133' title='bbox 403 1378 615 1431; x_wconf 87' lang='lat' dir='ltr'><strong>paratae.</strong></span> <span class='ocrx_word' id='word_1_134' title='bbox 688 1371 890 1431; x_wconf 88' lang='lat' dir='ltr'><strong>Sartago</strong></span> <span class='ocrx_word' id='word_1_135' title='bbox 920 1368 984 1416; x_wconf 91' lang='lat' dir='ltr'><strong>ab</strong></span> <span class='ocrx_word' id='word_1_136' title='bbox 1015 1366 1220 1430; x_wconf 89' lang='lat' dir='ltr'><strong>strepitu</strong></span> <span class='ocrx_word' id='word_1_137' title='bbox 1258 1383 1408 1415; x_wconf 90' lang='lat' dir='ltr'><strong>sonus</strong></span> <span class='ocrx_word' id='word_1_138' title='bbox 1446 1376 1620 1415; x_wconf 90' lang='lat' dir='ltr'><strong>vocata</strong></span> <span class='ocrx_word' id='word_1_139' title='bbox 1656 1367 1858 1428; x_wconf 85' lang='lat' dir='ltr'><strong>quando</strong></span> <span class='ocrx_word' id='word_1_140' title='bbox 1881 1374 1912 1423; x_wconf 91' lang='lat'>5</span> 
     </span>
     <span class='ocr_line' id='line_1_17' title="bbox 110 1446 1859 1513; baseline -0.001 -16"><span class='ocrx_word' id='word_1_141' title='bbox 110 1451 248 1498; x_wconf 90' lang='lat' dir='ltr'><strong>ardet</strong></span> <span class='ocrx_word' id='word_1_142' title='bbox 286 1449 335 1497; x_wconf 90' lang='lat' dir='ltr'><strong>in</strong></span> <span class='ocrx_word' id='word_1_143' title='bbox 369 1466 426 1498; x_wconf 88' lang='lat' dir='ltr'><strong>ea</strong></span> <span class='ocrx_word' id='word_1_144' title='bbox 456 1452 636 1498; x_wconf 92' lang='lat' dir='ltr'><strong>oleum.</strong></span> <span class='ocrx_word' id='word_1_145' title='bbox 711 1452 754 1497; x_wconf 92' lang='lat' dir='ltr'>T</span> <span class='ocrx_word' id='word_1_146' title='bbox 759 1449 951 1513; x_wconf 90' lang='lat' dir='ltr'><strong>ripedes</strong></span> <span class='ocrx_word' id='word_1_147' title='bbox 982 1451 1257 1512; x_wconf 88' lang='lat' dir='ltr'><strong>appellatae</strong></span> <span class='ocrx_word' id='word_1_148' title='bbox 1287 1449 1425 1511; x_wconf 87' lang='lat' dir='ltr'><strong>quod</strong></span> <span class='ocrx_word' id='word_1_149' title='bbox 1462 1447 1616 1496; x_wconf 90' lang='lat' dir='ltr'><strong>tribus</strong></span> <span class='ocrx_word' id='word_1_150' title='bbox 1647 1446 1859 1510; x_wconf 89' lang='lat' dir='ltr'><strong>pedibus</strong></span> 
     </span>
     <span class='ocr_line' id='line_1_18' title="bbox 113 1528 1921 1594; baseline 0.001 -13"><span class='ocrx_word' id='word_1_151' title='bbox 113 1540 369 1581; x_wconf 85' lang='lat' dir='ltr'><strong>constent:</strong></span> <span class='ocrx_word' id='word_1_152' title='bbox 407 1533 494 1580; x_wconf 91' lang='lat' dir='ltr'><strong>has</strong></span> <span class='ocrx_word' id='word_1_153' title='bbox 522 1531 699 1581; x_wconf 87' lang='lat' dir='ltr'><strong>Graeci</strong></span> <span class='ocrx_word' id='word_1_154' title='bbox 726 1531 944 1594; x_wconf 89' lang='lat' dir='ltr'><strong>tripodas</strong></span> <span class='ocrx_word' id='word_1_155' title='bbox 972 1539 1163 1579; x_wconf 89' lang='lat' dir='ltr'><strong>vocant.</strong></span> <span class='ocrx_word' id='word_1_156' title='bbox 1239 1531 1380 1578; x_wconf 91' lang='lat' dir='ltr'><strong>Mola</strong></span> <span class='ocrx_word' id='word_1_157' title='bbox 1404 1546 1433 1576; x_wconf 87' lang='lat' dir='ltr'><strong>a</strong></span> <span class='ocrx_word' id='word_1_158' title='bbox 1459 1529 1533 1578; x_wconf 90' lang='lat' dir='ltr'><strong>sui</strong></span> <span class='ocrx_word' id='word_1_159' title='bbox 1558 1528 1861 1578; x_wconf 89' lang='lat' dir='ltr'><strong>rotunditate</strong></span> <span class='ocrx_word' id='word_1_160' title='bbox 1886 1535 1921 1582; x_wconf 88' lang='lat'>6</span> 
     </span>
     <span class='ocr_line' id='line_1_19' title="bbox 114 1610 1863 1677; baseline -0.002 -15"><span class='ocrx_word' id='word_1_161' title='bbox 114 1624 299 1673; x_wconf 88' lang='lat' dir='ltr'><strong>vocata,</strong></span> <span class='ocrx_word' id='word_1_162' title='bbox 328 1623 381 1662; x_wconf 93' lang='lat' dir='ltr'><strong>ut</strong></span> <span class='ocrx_word' id='word_1_163' title='bbox 408 1615 536 1662; x_wconf 90' lang='lat' dir='ltr'><strong>mala</strong></span> <span class='ocrx_word' id='word_1_164' title='bbox 560 1631 821 1677; x_wconf 90' lang='lat' dir='ltr'><strong>pomorum</strong></span> <span class='ocrx_word' id='word_1_165' title='bbox 845 1633 853 1662; x_wconf 87' lang='lat'><strong>:</strong></span> <span class='ocrx_word' id='word_1_166' title='bbox 909 1612 978 1661; x_wconf 87' lang='lat' dir='ltr'><strong>sic</strong></span> <span class='ocrx_word' id='word_1_167' title='bbox 1005 1622 1053 1661; x_wconf 92' lang='lat' dir='ltr'><strong>et</strong></span> <span class='ocrx_word' id='word_1_168' title='bbox 1084 1611 1278 1662; x_wconf 88' lang='lat' dir='ltr'><strong>Graeci.</strong></span> <span class='ocrx_word' id='word_1_169' title='bbox 1349 1610 1594 1670; x_wconf 90' lang='lat' dir='ltr'><strong>Cribrum‚</strong></span> <span class='ocrx_word' id='word_1_170' title='bbox 1625 1612 1762 1673; x_wconf 86' lang='lat' dir='ltr'><strong>quod</strong></span> <span class='ocrx_word' id='word_1_171' title='bbox 1795 1610 1863 1660; x_wconf 90' lang='lat' dir='ltr'><strong>ibi</strong></span> 
     </span>
     <span class='ocr_line' id='line_1_20' title="bbox 116 1691 1865 1759; baseline -0.003 -16"><span class='ocrx_word' id='word_1_172' title='bbox 116 1704 274 1744; x_wconf 87' lang='lat' dir='ltr'><strong>currat</strong></span> <span class='ocrx_word' id='word_1_173' title='bbox 300 1696 616 1754; x_wconf 90' lang='lat' dir='ltr'><strong>frumentum,</strong></span> <span class='ocrx_word' id='word_1_174' title='bbox 637 1694 778 1759; x_wconf 89' lang='lat' dir='ltr'><strong>quasi</strong></span> <span class='ocrx_word' id='word_1_175' title='bbox 804 1694 1073 1743; x_wconf 89' lang='lat' dir='ltr'><strong>currifrum.</strong></span> <span class='ocrx_word' id='word_1_176' title='bbox 1150 1693 1459 1742; x_wconf 89' lang='lat' dir='ltr'><strong>Rutabulum</strong></span> <span class='ocrx_word' id='word_1_177' title='bbox 1488 1691 1678 1741; x_wconf 90' lang='lat' dir='ltr'><strong>dictum</strong></span> <span class='ocrx_word' id='word_1_178' title='bbox 1705 1708 1732 1739; x_wconf 86' lang='lat' dir='ltr'><strong>a</strong></span> <span class='ocrx_word' id='word_1_179' title='bbox 1759 1706 1865 1753; x_wconf 89' lang='lat' dir='ltr'><strong>pro-</strong></span> 
     </span>
    </p>

    <p class='ocr_par' dir='ltr' id='par_1_9' title="bbox 41 1774 1515 1840">
     <span class='ocr_line' id='line_1_21' title="bbox 41 1774 1515 1840; baseline -0.001 -16"><span class='ocrx_word' id='word_1_180' title='bbox 41 1796 92 1824; x_wconf 63' lang='grc' dir='ltr'><strong>πο</strong></span> <span class='ocrx_word' id='word_1_181' title='bbox 117 1778 307 1827; x_wconf 91' lang='lat' dir='ltr'><strong>ruendo</strong></span> <span class='ocrx_word' id='word_1_182' title='bbox 333 1786 559 1837; x_wconf 89' lang='lat' dir='ltr'><strong>stercora,</strong></span> <span class='ocrx_word' id='word_1_183' title='bbox 589 1776 689 1826; x_wconf 90' lang='lat' dir='ltr'><strong>sive</strong></span> <span class='ocrx_word' id='word_1_184' title='bbox 715 1776 879 1840; x_wconf 87' lang='lat' dir='ltr'><strong>ignem</strong></span> <span class='ocrx_word' id='word_1_185' title='bbox 907 1775 1047 1839; x_wconf 91' lang='lat' dir='ltr'><strong>panis</strong></span> <span class='ocrx_word' id='word_1_186' title='bbox 1073 1774 1325 1838; x_wconf 89' lang='lat' dir='ltr'><strong>coquendi</strong></span> <span class='ocrx_word' id='word_1_187' title='bbox 1350 1774 1515 1838; x_wconf 87' lang='lat' dir='ltr'><strong>gratia.</strong></span> 
     </span>
    </p>

    <p class='ocr_par' dir='ltr' id='par_1_10' title="bbox 114 1852 1952 2167">
     <span class='ocr_line' id='line_1_22' title="bbox 253 1852 1952 1920; baseline -0.006 -12"><span class='ocrx_word' id='word_1_188' title='bbox 253 1862 336 1908; x_wconf 84' lang='lat' dir='ltr'><strong>DE</strong></span> <span class='ocrx_word' id='word_1_189' title='bbox 362 1874 503 1908; x_wconf 86' lang='lat' dir='ltr'>VASIS</span> <span class='ocrx_word' id='word_1_190' title='bbox 524 1873 898 1907; x_wconf 81' lang='lat' dir='ltr'><strong>REPOSITORHS.</strong></span> <span class='ocrx_word' id='word_1_191' title='bbox 962 1855 1383 1920; x_wconf 83' lang='lat' dir='ltr'><strong>Gazophylacium</strong></span> <span class='ocrx_word' id='word_1_192' title='bbox 1404 1873 1516 1904; x_wconf 87' lang='lat' dir='ltr'><strong>arca</strong></span> <span class='ocrx_word' id='word_1_193' title='bbox 1536 1867 1608 1904; x_wconf 88' lang='lat' dir='ltr'><strong>est</strong></span> <span class='ocrx_word' id='word_1_194' title='bbox 1629 1854 1714 1903; x_wconf 89' lang='lat' dir='ltr'><strong>ubi</strong></span> <span class='ocrx_word' id='word_1_195' title='bbox 1735 1852 1866 1902; x_wconf 89' lang='lat' dir='ltr'><strong>colli-</strong></span> <span class='ocrx_word' id='word_1_196' title='bbox 1891 1858 1952 1896; x_wconf 87' lang='lat' dir='ltr'><strong>IX</strong></span> 
     </span>
     <span class='ocr_line' id='line_1_23' title="bbox 114 1936 1866 2004; baseline -0.004 -14"><span class='ocrx_word' id='word_1_197' title='bbox 114 1951 293 2004; x_wconf 86' lang='lat' dir='ltr'><strong>guntur</strong></span> <span class='ocrx_word' id='word_1_198' title='bbox 318 1941 368 1989; x_wconf 93' lang='lat' dir='ltr'><strong>in</strong></span> <span class='ocrx_word' id='word_1_199' title='bbox 394 1942 582 2004; x_wconf 91' lang='lat' dir='ltr'><strong>templo</strong></span> <span class='ocrx_word' id='word_1_200' title='bbox 609 1957 667 1989; x_wconf 92' lang='lat' dir='ltr'><strong>ea</strong></span> <span class='ocrx_word' id='word_1_201' title='bbox 692 1957 819 2003; x_wconf 88' lang='lat' dir='ltr'><strong>quae</strong></span> <span class='ocrx_word' id='word_1_202' title='bbox 846 1941 911 1989; x_wconf 92' lang='lat' dir='ltr'><strong>ad</strong></span> <span class='ocrx_word' id='word_1_203' title='bbox 938 1938 1263 2002; x_wconf 88' lang='lat' dir='ltr'><strong>indigentiam</strong></span> <span class='ocrx_word' id='word_1_204' title='bbox 1290 1955 1563 2001; x_wconf 91' lang='lat' dir='ltr'><strong>pauperum</strong></span> <span class='ocrx_word' id='word_1_205' title='bbox 1592 1936 1866 1985; x_wconf 89' lang='lat' dir='ltr'><strong>mittuntur.</strong></span> 
     </span>
     <span class='ocr_line' id='line_1_24' title="bbox 115 2022 1872 2087; baseline -0.004 -14"><span class='ocrx_word' id='word_1_206' title='bbox 115 2022 463 2087; x_wconf 89' lang='lat' dir='ltr'><strong>Compositum</strong></span> <span class='ocrx_word' id='word_1_207' title='bbox 484 2032 557 2071; x_wconf 88' lang='lat' dir='ltr'><strong>est</strong></span> <span class='ocrx_word' id='word_1_208' title='bbox 576 2031 741 2070; x_wconf 91' lang='lat' dir='ltr'><strong>autem</strong></span> <span class='ocrx_word' id='word_1_209' title='bbox 768 2038 953 2070; x_wconf 91' lang='lat' dir='ltr'><strong>nomen</strong></span> <span class='ocrx_word' id='word_1_210' title='bbox 971 2022 1033 2070; x_wconf 94' lang='lat' dir='ltr'><strong>de</strong></span> <span class='ocrx_word' id='word_1_211' title='bbox 1053 2022 1220 2084; x_wconf 91' lang='lat' dir='ltr'><strong>lingua</strong></span> <span class='ocrx_word' id='word_1_212' title='bbox 1246 2023 1396 2069; x_wconf 89' lang='lat' dir='ltr'><strong>Persa</strong></span> <span class='ocrx_word' id='word_1_213' title='bbox 1424 2029 1471 2068; x_wconf 92' lang='lat' dir='ltr'><strong>et</strong></span> <span class='ocrx_word' id='word_1_214' title='bbox 1499 2022 1689 2070; x_wconf 89' lang='lat' dir='ltr'><strong>Graeca</strong></span> <span class='ocrx_word' id='word_1_215' title='bbox 1707 2037 1719 2079; x_wconf 77' lang='lat'><em>3</em></span> <span class='ocrx_word' id='word_1_216' title='bbox 1755 2034 1872 2082; x_wconf 85' lang='lat' dir='ltr'><strong>gaza</strong></span> 
     </span>
     <span class='ocr_line' id='line_1_25' title="bbox 117 2101 1870 2167; baseline -0.003 -13"><span class='ocrx_word' id='word_1_217' title='bbox 117 2105 249 2155; x_wconf 91' lang='lat' dir='ltr'><strong>enim</strong></span> <span class='ocrx_word' id='word_1_218' title='bbox 287 2104 453 2167; x_wconf 85' lang='lat' dir='ltr'><strong>lingua</strong></span> <span class='ocrx_word' id='word_1_219' title='bbox 501 2107 757 2153; x_wconf 88' lang='lat' dir='ltr'><strong>Persarum</strong></span> <span class='ocrx_word' id='word_1_220' title='bbox 801 2104 1101 2162; x_wconf 90' lang='lat' dir='ltr'><strong>thesaurum,</strong></span> <span class='ocrx_word' id='word_1_221' title='bbox 1144 2104 1376 2164; x_wconf 79' lang='grc' dir='ltr'>φυλάκων</span> <span class='ocrx_word' id='word_1_222' title='bbox 1414 2103 1603 2151; x_wconf 87' lang='lat' dir='ltr'><strong>Graece</strong></span> <span class='ocrx_word' id='word_1_223' title='bbox 1644 2101 1870 2149; x_wconf 87' lang='lat' dir='ltr'><strong>custodia</strong></span> 
     </span>
    </p>

    <p class='ocr_par' dir='ltr' id='par_1_11' title="bbox 45 2182 1922 2410">
     <span class='ocr_line' id='line_1_26' title="bbox 45 2182 1922 2251; baseline -0.004 -14"><span class='ocrx_word' id='word_1_224' title='bbox 45 2210 66 2240; x_wconf 81' lang='lat'>2</span> <span class='ocrx_word' id='word_1_225' title='bbox 74 2212 96 2251; x_wconf 85' lang='lat'>5</span> <span class='ocrx_word' id='word_1_226' title='bbox 119 2187 473 2251; x_wconf 90' lang='lat' dir='ltr'><strong>interpretatur.</strong></span> <span class='ocrx_word' id='word_1_227' title='bbox 546 2189 676 2234; x_wconf 91' lang='lat' dir='ltr'><strong>Arca</strong></span> <span class='ocrx_word' id='word_1_228' title='bbox 701 2185 834 2234; x_wconf 90' lang='lat' dir='ltr'><strong>dicta</strong></span> <span class='ocrx_word' id='word_1_229' title='bbox 866 2186 1002 2247; x_wconf 91' lang='lat' dir='ltr'><strong>quod</strong></span> <span class='ocrx_word' id='word_1_230' title='bbox 1027 2194 1189 2233; x_wconf 86' lang='lat' dir='ltr'><strong>arceat</strong></span> <span class='ocrx_word' id='word_1_231' title='bbox 1225 2183 1385 2232; x_wconf 91' lang='lat' dir='ltr'><strong>visum</strong></span> <span class='ocrx_word' id='word_1_232' title='bbox 1418 2193 1566 2247; x_wconf 89' lang='lat' dir='ltr'><strong>atque</strong></span> <span class='ocrx_word' id='word_1_233' title='bbox 1592 2182 1864 2246; x_wconf 88' lang='lat' dir='ltr'><strong>prohibeat.</strong></span> <span class='ocrx_word' id='word_1_234' title='bbox 1891 2201 1922 2235; x_wconf 83' lang='lat'><em>2</em></span> 
     </span>
     <span class='ocr_line' id='line_1_27' title="bbox 120 2263 1867 2327; baseline -0.004 -9"><span class='ocrx_word' id='word_1_235' title='bbox 120 2269 257 2317; x_wconf 93' lang='lat' dir='ltr'><strong>Hinc</strong></span> <span class='ocrx_word' id='word_1_236' title='bbox 282 2279 330 2318; x_wconf 91' lang='lat' dir='ltr'><strong>et</strong></span> <span class='ocrx_word' id='word_1_237' title='bbox 354 2267 585 2327; x_wconf 89' lang='lat' dir='ltr'><strong>arcivum,</strong></span> <span class='ocrx_word' id='word_1_238' title='bbox 613 2269 729 2315; x_wconf 91' lang='lat' dir='ltr'><strong>hinc</strong></span> <span class='ocrx_word' id='word_1_239' title='bbox 755 2277 801 2316; x_wconf 94' lang='lat' dir='ltr'><strong>et</strong></span> <span class='ocrx_word' id='word_1_240' title='bbox 826 2283 1075 2326; x_wconf 90' lang='lat' dir='ltr'><strong>arcanum,</strong></span> <span class='ocrx_word' id='word_1_241' title='bbox 1098 2266 1148 2316; x_wconf 93' lang='lat' dir='ltr'><strong>id</strong></span> <span class='ocrx_word' id='word_1_242' title='bbox 1174 2275 1248 2315; x_wconf 91' lang='lat' dir='ltr'><strong>est</strong></span> <span class='ocrx_word' id='word_1_243' title='bbox 1274 2275 1530 2326; x_wconf 90' lang='lat' dir='ltr'><strong>secretum,</strong></span> <span class='ocrx_word' id='word_1_244' title='bbox 1559 2267 1693 2314; x_wconf 91' lang='lat' dir='ltr'><strong>unde</strong></span> <span class='ocrx_word' id='word_1_245' title='bbox 1719 2263 1867 2313; x_wconf 86' lang='lat' dir='ltr'><strong>ceteri</strong></span> 
     </span>
     <span class='ocr_line' id='line_1_28' title="bbox 117 2349 1921 2410; baseline -0.003 -11"><span class='ocrx_word' id='word_1_246' title='bbox 117 2359 358 2400; x_wconf 90' lang='lat' dir='ltr'><strong>arcentur.</strong></span> <span class='ocrx_word' id='word_1_247' title='bbox 430 2349 670 2400; x_wconf 89' lang='lat' dir='ltr'><strong>Cibutum</strong></span> <span class='ocrx_word' id='word_1_248' title='bbox 720 2351 967 2399; x_wconf 89' lang='lat' dir='ltr'><strong>Graecum</strong></span> <span class='ocrx_word' id='word_1_249' title='bbox 1015 2365 1201 2396; x_wconf 93' lang='lat' dir='ltr'><strong>nomen</strong></span> <span class='ocrx_word' id='word_1_250' title='bbox 1249 2357 1334 2407; x_wconf 81' lang='lat' dir='ltr'><strong>est,</strong></span> <span class='ocrx_word' id='word_1_251' title='bbox 1377 2349 1513 2410; x_wconf 89' lang='lat' dir='ltr'><strong>quod</strong></span> <span class='ocrx_word' id='word_1_252' title='bbox 1562 2364 1652 2396; x_wconf 92' lang='lat' dir='ltr'><strong>nos</strong></span> <span class='ocrx_word' id='word_1_253' title='bbox 1702 2362 1864 2410; x_wconf 87' lang='lat' dir='ltr'><strong>arcam</strong></span> <span class='ocrx_word' id='word_1_254' title='bbox 1891 2357 1921 2403; x_wconf 90' lang='lat'><strong>3</strong></span> 
     </span>
    </p>
   </div>
   <div class='ocr_carea' id='block_1_3' title="bbox 123 2475 1872 2630">
    <p class='ocr_par' dir='ltr' id='par_1_12' title="bbox 123 2475 1872 2630">
     <span class='ocr_line' id='line_1_29' title="bbox 177 2475 1871 2528; baseline -0.004 -8"><span class='ocrx_word' id='word_1_255' title='bbox 177 2495 201 2520; x_wconf 89' lang='lat'><em>2</em></span> <span class='ocrx_word' id='word_1_256' title='bbox 230 2496 254 2521; x_wconf 90' lang='lat' dir='ltr'><strong>a</strong></span> <span class='ocrx_word' id='word_1_257' title='bbox 274 2481 345 2520; x_wconf 86' lang='lat' dir='ltr'><strong>lin.</strong></span> <span class='ocrx_word' id='word_1_258' title='bbox 372 2480 468 2520; x_wconf 90' lang='lat' dir='ltr'><strong>CT:</strong></span> <span class='ocrx_word' id='word_1_259' title='bbox 498 2480 744 2520; x_wconf 90' lang='lat' dir='ltr'><strong>obliniendo</strong></span> <span class='ocrx_word' id='word_1_260' title='bbox 768 2479 854 2517; x_wconf 89' lang='grc' dir='ltr'><em>ΒΚ</em></span> <span class='ocrx_word' id='word_1_261' title='bbox 977 2492 1002 2528; x_wconf 83' lang='grc'>3</span> <span class='ocrx_word' id='word_1_262' title='bbox 1032 2478 1298 2517; x_wconf 84' lang='lat' dir='ltr'><strong>leniebantur</strong></span> <span class='ocrx_word' id='word_1_263' title='bbox 1318 2476 1364 2515; x_wconf 90' lang='lat' dir='ltr'><em>K</em></span> <span class='ocrx_word' id='word_1_264' title='bbox 1489 2480 1515 2516; x_wconf 91' lang='lat'>6</span> <span class='ocrx_word' id='word_1_265' title='bbox 1543 2489 1692 2516; x_wconf 88' lang='lat' dir='ltr'><strong>omnes</strong></span> <span class='ocrx_word' id='word_1_266' title='bbox 1710 2475 1800 2516; x_wconf 86' lang='lat' dir='ltr'><strong>mis.</strong></span> <span class='ocrx_word' id='word_1_267' title='bbox 1824 2475 1871 2514; x_wconf 90' lang='lat' dir='ltr'><em>K</em></span> 
     </span>
     <span class='ocr_line' id='line_1_30' title="bbox 123 2530 1867 2587; baseline -0.003 -12"><span class='ocrx_word' id='word_1_268' title='bbox 123 2536 226 2587; x_wconf 86' lang='lat' dir='ltr'><strong>(non</strong></span> <span class='ocrx_word' id='word_1_269' title='bbox 249 2535 368 2574; x_wconf 89' lang='lat' dir='ltr'><strong>FPU</strong></span> <span class='ocrx_word' id='word_1_270' title='bbox 383 2536 520 2585; x_wconf 83' lang='lat' dir='ltr'><strong>Mon.)</strong></span> <span class='ocrx_word' id='word_1_271' title='bbox 646 2547 667 2583; x_wconf 93' lang='lat'><strong>7</strong></span> <span class='ocrx_word' id='word_1_272' title='bbox 700 2541 746 2573; x_wconf 86' lang='lat' dir='ltr'><strong>ut</strong></span> <span class='ocrx_word' id='word_1_273' title='bbox 765 2533 914 2573; x_wconf 83' lang='lat' dir='ltr'><strong>BCK:</strong></span> <span class='ocrx_word' id='word_1_274' title='bbox 945 2540 987 2572; x_wconf 89' lang='lat' dir='ltr'><strong>et</strong></span> <span class='ocrx_word' id='word_1_275' title='bbox 1014 2532 1052 2571; x_wconf 93' lang='lat' dir='ltr'><em>T</em></span> <span class='ocrx_word' id='word_1_276' title='bbox 1173 2534 1199 2571; x_wconf 89' lang='lat'>8</span> <span class='ocrx_word' id='word_1_277' title='bbox 1228 2533 1444 2571; x_wconf 85' lang='lat' dir='ltr'><strong>emittatur</strong></span> <span class='ocrx_word' id='word_1_278' title='bbox 1463 2532 1585 2571; x_wconf 89' lang='lat' dir='ltr'><strong>BCK</strong></span> <span class='ocrx_word' id='word_1_279' title='bbox 1707 2545 1734 2581; x_wconf 92' lang='lat'>9</span> <span class='ocrx_word' id='word_1_280' title='bbox 1764 2530 1867 2580; x_wconf 88' lang='lat' dir='ltr'><strong>olla]</strong></span> 
     </span>
     <span class='ocr_line' id='line_1_31' title="bbox 124 2584 1872 2630; baseline -0.004 0"><span class='ocrx_word' id='word_1_281' title='bbox 124 2591 206 2630; x_wconf 90' lang='lat' dir='ltr'><strong>ulla</strong></span> <span class='ocrx_word' id='word_1_282' title='bbox 225 2591 271 2628; x_wconf 92' lang='lat' dir='ltr'><em>K</em></span> <span class='ocrx_word' id='word_1_283' title='bbox 482 2603 531 2629; x_wconf 87' lang='lat'><strong>10</strong></span> <span class='ocrx_word' id='word_1_284' title='bbox 561 2590 781 2628; x_wconf 89' lang='lat' dir='ltr'><strong>Coccabus</strong></span> <span class='ocrx_word' id='word_1_285' title='bbox 808 2588 863 2627; x_wconf 90' lang='lat' dir='ltr'><strong>T:</strong></span> <span class='ocrx_word' id='word_1_286' title='bbox 895 2588 1087 2627; x_wconf 81' lang='lat' dir='ltr'><strong>cacabus</strong></span> <span class='ocrx_word' id='word_1_287' title='bbox 1108 2586 1150 2624; x_wconf 88' lang='grc' dir='ltr'><em>Β</em></span> <span class='ocrx_word' id='word_1_288' title='bbox 1167 2601 1177 2626; x_wconf 86' lang='lat'>:</span> <span class='ocrx_word' id='word_1_289' title='bbox 1207 2588 1394 2626; x_wconf 84' lang='lat' dir='ltr'><strong>Cacavus</strong></span> <span class='ocrx_word' id='word_1_290' title='bbox 1417 2585 1453 2625; x_wconf 88' lang='lat' dir='ltr'><em>C</em></span> <span class='ocrx_word' id='word_1_291' title='bbox 1632 2599 1804 2626; x_wconf 90' lang='lat' dir='ltr'><strong>cocuma</strong></span> <span class='ocrx_word' id='word_1_292' title='bbox 1825 2584 1872 2623; x_wconf 89' lang='lat' dir='ltr'><em>K</em></span> 
     </span>
    </p>
   </div>
   <div class='ocr_carea' id='block_1_4' title="bbox 123 2640 1870 2858">
    <p class='ocr_par' dir='ltr' id='par_1_13' title="bbox 123 2640 1870 2858">
     <span class='ocr_line' id='line_1_32' title="bbox 125 2640 1869 2694; baseline -0.003 -10"><span class='ocrx_word' id='word_1_293' title='bbox 125 2658 172 2694; x_wconf 82' lang='lat'><strong>13</strong></span> <span class='ocrx_word' id='word_1_294' title='bbox 205 2645 363 2684; x_wconf 87' lang='lat' dir='ltr'><strong>Labete</strong></span> <span class='ocrx_word' id='word_1_295' title='bbox 385 2644 435 2684; x_wconf 87' lang='lat' dir='ltr'><strong>C1</strong></span> <span class='ocrx_word' id='word_1_296' title='bbox 457 2659 466 2683; x_wconf 73' lang='grc' dir='ltr'>ε</span> <span class='ocrx_word' id='word_1_297' title='bbox 496 2645 679 2683; x_wconf 85' lang='lat' dir='ltr'><strong>Lebetes</strong></span> <span class='ocrx_word' id='word_1_298' title='bbox 692 2644 782 2682; x_wconf 83' lang='lat' dir='ltr'><em>dett.</em></span> <span class='ocrx_word' id='word_1_299' title='bbox 899 2655 947 2692; x_wconf 88' lang='lat'><strong>14</strong></span> <span class='ocrx_word' id='word_1_300' title='bbox 978 2641 1145 2681; x_wconf 89' lang='lat' dir='ltr'><strong>ullaeK</strong></span> <span class='ocrx_word' id='word_1_301' title='bbox 1253 2655 1331 2681; x_wconf 88' lang='lat' dir='ltr'><strong>usu</strong></span> <span class='ocrx_word' id='word_1_302' title='bbox 1346 2641 1434 2680; x_wconf 90' lang='grc' dir='ltr'><em>ΒΚ</em></span> <span class='ocrx_word' id='word_1_303' title='bbox 1546 2653 1592 2691; x_wconf 87' lang='lat'><strong>15</strong></span> <span class='ocrx_word' id='word_1_304' title='bbox 1622 2640 1811 2690; x_wconf 87' lang='lat' dir='ltr'><strong>strepido</strong></span> <span class='ocrx_word' id='word_1_305' title='bbox 1827 2640 1869 2679; x_wconf 89' lang='lat' dir='ltr'><strong><em>B</em></strong></span> 
     </span>
     <span class='ocr_line' id='line_1_33' title="bbox 123 2695 1866 2750; baseline -0.003 -11"><span class='ocrx_word' id='word_1_306' title='bbox 123 2699 218 2739; x_wconf 89' lang='lat' dir='ltr'><strong>soni</strong></span> <span class='ocrx_word' id='word_1_307' title='bbox 242 2699 276 2739; x_wconf 91' lang='lat' dir='ltr'><em>C</em></span> <span class='ocrx_word' id='word_1_308' title='bbox 475 2698 664 2750; x_wconf 87' lang='lat' dir='ltr'><strong>quando]</strong></span> <span class='ocrx_word' id='word_1_309' title='bbox 698 2698 898 2748; x_wconf 88' lang='lat' dir='ltr'><strong>quoniam</strong></span> <span class='ocrx_word' id='word_1_310' title='bbox 920 2697 965 2735; x_wconf 92' lang='lat' dir='ltr'><em>K</em></span> <span class='ocrx_word' id='word_1_311' title='bbox 1146 2698 1196 2735; x_wconf 90' lang='lat'><strong>16</strong></span> <span class='ocrx_word' id='word_1_312' title='bbox 1223 2696 1423 2747; x_wconf 87' lang='lat' dir='ltr'><strong>Tripides</strong></span> <span class='ocrx_word' id='word_1_313' title='bbox 1455 2696 1534 2735; x_wconf 88' lang='lat' dir='ltr'><strong>BC</strong></span> <span class='ocrx_word' id='word_1_314' title='bbox 1734 2695 1866 2745; x_wconf 89' lang='lat' dir='ltr'><strong>quod]</strong></span> 
     </span>
     <span class='ocr_line' id='line_1_34' title="bbox 123 2749 1870 2804; baseline -0.003 -10"><span class='ocrx_word' id='word_1_315' title='bbox 123 2768 232 2804; x_wconf 88' lang='lat' dir='ltr'><strong>quae</strong></span> <span class='ocrx_word' id='word_1_316' title='bbox 273 2753 320 2793; x_wconf 91' lang='lat' dir='ltr'><strong>C¹</strong></span> <span class='ocrx_word' id='word_1_317' title='bbox 438 2755 486 2792; x_wconf 90' lang='lat'><strong>18</strong></span> <span class='ocrx_word' id='word_1_318' title='bbox 515 2753 628 2803; x_wconf 91' lang='lat' dir='ltr'><strong>quod</strong></span> <span class='ocrx_word' id='word_1_319' title='bbox 667 2766 717 2792; x_wconf 83' lang='lat' dir='ltr'><strong>ex</strong></span> <span class='ocrx_word' id='word_1_320' title='bbox 751 2765 878 2801; x_wconf 88' lang='lat' dir='ltr'><strong>quam</strong></span> <span class='ocrx_word' id='word_1_321' title='bbox 907 2751 947 2790; x_wconf 89' lang='grc' dir='ltr'><em>Β</em></span> <span class='ocrx_word' id='word_1_322' title='bbox 1060 2763 1108 2802; x_wconf 94' lang='lat'><strong>19</strong></span> <span class='ocrx_word' id='word_1_323' title='bbox 1139 2750 1396 2790; x_wconf 88' lang='lat' dir='ltr'><strong>Rotabulum</strong></span> <span class='ocrx_word' id='word_1_324' title='bbox 1434 2749 1571 2790; x_wconf 87' lang='lat' dir='ltr'><em>B¹CN</em></span> <span class='ocrx_word' id='word_1_325' title='bbox 1578 2749 1657 2789; x_wconf 91' lang='lat' dir='ltr'><strong>TU</strong></span> <span class='ocrx_word' id='word_1_326' title='bbox 1669 2764 1678 2789; x_wconf 79' lang='lat' dir='ltr'><em>z</em></span> <span class='ocrx_word' id='word_1_327' title='bbox 1727 2750 1870 2789; x_wconf 87' lang='lat' dir='ltr'><strong>Roda-</strong></span> 
     </span>
     <span class='ocr_line' id='line_1_35' title="bbox 124 2805 1870 2858; baseline -0.002 -11"><span class='ocrx_word' id='word_1_328' title='bbox 124 2808 266 2849; x_wconf 86' lang='lat' dir='ltr'><strong>bulum</strong></span> <span class='ocrx_word' id='word_1_329' title='bbox 287 2807 333 2847; x_wconf 93' lang='lat' dir='ltr'><em>K</em></span> <span class='ocrx_word' id='word_1_330' title='bbox 513 2808 731 2858; x_wconf 90' lang='lat' dir='ltr'><strong>provendo</strong></span> <span class='ocrx_word' id='word_1_331' title='bbox 752 2807 797 2844; x_wconf 91' lang='lat' dir='ltr'><em>K</em></span> <span class='ocrx_word' id='word_1_332' title='bbox 818 2806 918 2858; x_wconf 81' lang='lat' dir='ltr'><strong>(pro</strong></span> <span class='ocrx_word' id='word_1_333' title='bbox 937 2806 1218 2856; x_wconf 90' lang='lat' dir='ltr'><strong>provehendo</strong></span> <span class='ocrx_word' id='word_1_334' title='bbox 1232 2808 1266 2855; x_wconf 72' lang='lat'><strong>2&gt;</strong></span> <span class='ocrx_word' id='word_1_335' title='bbox 1290 2807 1393 2858; x_wconf 81' lang='lat' dir='ltr'><strong>(non</strong></span> <span class='ocrx_word' id='word_1_336' title='bbox 1412 2806 1475 2852; x_wconf 84' lang='grc' dir='ltr'><strong>Ν)</strong></span> <span class='ocrx_word' id='word_1_337' title='bbox 1688 2817 1741 2843; x_wconf 89' lang='grc' dir='ltr'><strong>2ο</strong></span> <span class='ocrx_word' id='word_1_338' title='bbox 1770 2805 1870 2854; x_wconf 89' lang='lat' dir='ltr'><strong>igne</strong></span> 
     </span>
    </p>
   </div>
   <div class='ocr_carea' id='block_1_5' title="bbox 126 2859 1880 3066">
    <p class='ocr_par' dir='ltr' id='par_1_14' title="bbox 126 2859 1880 3066">
     <span class='ocr_line' id='line_1_36' title="bbox 129 2859 1872 2914; baseline -0.003 -11"><span class='ocrx_word' id='word_1_339' title='bbox 129 2862 271 2903; x_wconf 83' lang='lat' dir='ltr'>CTU:</span> <span class='ocrx_word' id='word_1_340' title='bbox 300 2863 389 2914; x_wconf 86' lang='lat' dir='ltr'><strong>igni</strong></span> <span class='ocrx_word' id='word_1_341' title='bbox 405 2863 446 2901; x_wconf 90' lang='grc' dir='ltr'><em>Β</em></span> <span class='ocrx_word' id='word_1_342' title='bbox 465 2876 475 2902; x_wconf 73' lang='lat' dir='ltr'><strong><em>z</em></strong></span> <span class='ocrx_word' id='word_1_343' title='bbox 503 2863 626 2912; x_wconf 88' lang='lat' dir='ltr'><strong>ignes</strong></span> <span class='ocrx_word' id='word_1_344' title='bbox 639 2861 731 2900; x_wconf 90' lang='lat' dir='ltr'><strong>KN</strong></span> <span class='ocrx_word' id='word_1_345' title='bbox 863 2874 928 2910; x_wconf 89' lang='lat' dir='ltr'><strong>pa.</strong></span> <span class='ocrx_word' id='word_1_346' title='bbox 945 2874 1010 2900; x_wconf 91' lang='lat' dir='ltr'><strong>co.</strong></span> <span class='ocrx_word' id='word_1_347' title='bbox 1028 2859 1210 2899; x_wconf 84' lang='lat' dir='ltr'><em>BCTU:</em></span> <span class='ocrx_word' id='word_1_348' title='bbox 1241 2873 1304 2900; x_wconf 88' lang='lat' dir='ltr'><strong>co.</strong></span> <span class='ocrx_word' id='word_1_349' title='bbox 1320 2873 1385 2911; x_wconf 90' lang='lat' dir='ltr'><strong>pa.</strong></span> <span class='ocrx_word' id='word_1_350' title='bbox 1403 2860 1494 2898; x_wconf 92' lang='lat' dir='ltr'><strong>KN</strong></span> <span class='ocrx_word' id='word_1_351' title='bbox 1655 2872 1703 2898; x_wconf 87' lang='lat'><strong>21</strong></span> <span class='ocrx_word' id='word_1_352' title='bbox 1738 2859 1872 2898; x_wconf 88' lang='lat' dir='ltr'><strong>Gazo-</strong></span> 
     </span>
     <span class='ocr_line' id='line_1_37' title="bbox 126 2913 1870 2968; baseline -0.003 -10"><span class='ocrx_word' id='word_1_353' title='bbox 126 2916 354 2968; x_wconf 87' lang='lat' dir='ltr'><strong>philacium</strong></span> <span class='ocrx_word' id='word_1_354' title='bbox 370 2918 416 2958; x_wconf 90' lang='lat' dir='ltr'><em>K</em></span> <span class='ocrx_word' id='word_1_355' title='bbox 431 2931 440 2957; x_wconf 79' lang='lat' dir='ltr'><strong><em>z</em></strong></span> <span class='ocrx_word' id='word_1_356' title='bbox 461 2917 764 2957; x_wconf 87' lang='lat' dir='ltr'><strong>Gazofilacium</strong></span> <span class='ocrx_word' id='word_1_357' title='bbox 779 2915 856 2955; x_wconf 89' lang='lat' dir='ltr'><strong>BC</strong></span> <span class='ocrx_word' id='word_1_358' title='bbox 860 2915 898 2954; x_wconf 93' lang='lat' dir='ltr'><em>T</em></span> <span class='ocrx_word' id='word_1_359' title='bbox 973 2929 1026 2954; x_wconf 89' lang='grc'><strong>22</strong></span> <span class='ocrx_word' id='word_1_360' title='bbox 1048 2915 1323 2955; x_wconf 83' lang='lat' dir='ltr'><strong>mutanturN</strong></span> <span class='ocrx_word' id='word_1_361' title='bbox 1334 2914 1438 2966; x_wconf 85' lang='lat' dir='ltr'><strong>(non</strong></span> <span class='ocrx_word' id='word_1_362' title='bbox 1453 2913 1560 2966; x_wconf 89' lang='lat' dir='ltr'><strong>FU)</strong></span> <span class='ocrx_word' id='word_1_363' title='bbox 1644 2926 1696 2963; x_wconf 85' lang='lat'><strong>23</strong></span> <span class='ocrx_word' id='word_1_364' title='bbox 1715 2927 1870 2953; x_wconf 86' lang='lat' dir='ltr'><strong>nomen</strong></span> 
     </span>
     <span class='ocr_line' id='line_1_38' title="bbox 128 2968 1873 3022; baseline -0.003 -10"><span class='ocrx_word' id='word_1_365' title='bbox 128 2984 210 3012; x_wconf 83' lang='lat' dir='ltr'><strong>om.</strong></span> <span class='ocrx_word' id='word_1_366' title='bbox 236 2970 325 3010; x_wconf 90' lang='lat' dir='ltr'><strong>KN</strong></span> <span class='ocrx_word' id='word_1_367' title='bbox 341 2971 443 3022; x_wconf 82' lang='lat' dir='ltr'><strong>(non</strong></span> <span class='ocrx_word' id='word_1_368' title='bbox 469 2970 529 3022; x_wconf 76' lang='lat' dir='ltr'><strong>U)</strong></span> <span class='ocrx_word' id='word_1_369' title='bbox 670 2982 721 3020; x_wconf 85' lang='lat'><strong>25</strong></span> <span class='ocrx_word' id='word_1_370' title='bbox 751 2968 891 3009; x_wconf 88' lang='lat' dir='ltr'><strong>Archa</strong></span> <span class='ocrx_word' id='word_1_371' title='bbox 913 2968 958 3007; x_wconf 93' lang='lat' dir='ltr'><em>K</em></span> <span class='ocrx_word' id='word_1_372' title='bbox 1091 2970 1200 3020; x_wconf 89' lang='lat' dir='ltr'><strong>quod</strong></span> <span class='ocrx_word' id='word_1_373' title='bbox 1219 2981 1270 3008; x_wconf 83' lang='lat' dir='ltr'><strong>ex</strong></span> <span class='ocrx_word' id='word_1_374' title='bbox 1293 2981 1415 3019; x_wconf 85' lang='lat' dir='ltr'><strong>quam</strong></span> <span class='ocrx_word' id='word_1_375' title='bbox 1438 2969 1478 3007; x_wconf 90' lang='grc' dir='ltr'><em>Β</em></span> <span class='ocrx_word' id='word_1_376' title='bbox 1626 2969 1679 3006; x_wconf 88' lang='grc'><strong>26</strong></span> <span class='ocrx_word' id='word_1_377' title='bbox 1708 2968 1808 3007; x_wconf 90' lang='lat' dir='ltr'><strong>hinc</strong></span> <span class='ocrx_word' id='word_1_378' title='bbox 1830 2974 1873 3007; x_wconf 91' lang='lat' dir='ltr'><strong>et</strong></span> 
     </span>
     <span class='ocr_line' id='line_1_39' title="bbox 129 3021 1880 3066; baseline -0.003 -1"><span class='ocrx_word' id='word_1_379' title='bbox 129 3025 226 3066; x_wconf 83' lang='lat' dir='ltr'><strong>arci.</strong></span> <span class='ocrx_word' id='word_1_380' title='bbox 248 3038 328 3064; x_wconf 84' lang='lat' dir='ltr'><strong>om.</strong></span> <span class='ocrx_word' id='word_1_381' title='bbox 356 3024 391 3064; x_wconf 91' lang='lat' dir='ltr'>C</span> <span class='ocrx_word' id='word_1_382' title='bbox 506 3025 691 3064; x_wconf 85' lang='lat' dir='ltr'><strong>arcibum</strong></span> <span class='ocrx_word' id='word_1_383' title='bbox 722 3024 776 3064; x_wconf 87' lang='lat' dir='ltr'><strong>T:</strong></span> <span class='ocrx_word' id='word_1_384' title='bbox 809 3025 964 3063; x_wconf 85' lang='lat' dir='ltr'><strong>arcium</strong></span> <span class='ocrx_word' id='word_1_385' title='bbox 986 3022 1026 3062; x_wconf 88' lang='grc' dir='ltr'><em>Β</em></span> <span class='ocrx_word' id='word_1_386' title='bbox 1173 3023 1400 3063; x_wconf 87' lang='lat' dir='ltr'><strong>archanum</strong></span> <span class='ocrx_word' id='word_1_387' title='bbox 1423 3023 1462 3062; x_wconf 88' lang='grc' dir='ltr'><em>Β</em></span> <span class='ocrx_word' id='word_1_388' title='bbox 1583 3034 1650 3061; x_wconf 87' lang='lat' dir='ltr'><strong>un.</strong></span> <span class='ocrx_word' id='word_1_389' title='bbox 1675 3027 1718 3061; x_wconf 90' lang='lat' dir='ltr'><strong>et</strong></span> <span class='ocrx_word' id='word_1_390' title='bbox 1736 3027 1813 3061; x_wconf 90' lang='lat' dir='ltr'><strong>cet.</strong></span> <span class='ocrx_word' id='word_1_391' title='bbox 1843 3021 1880 3060; x_wconf 94' lang='lat' dir='ltr'><em>T</em></span> 
     </span>
    </p>
   </div>
  </div>
 </body>
</html>
