2228 3444
486 157 1119 206 ETYMOLOGIARVM
1161 159 1286 205 LIB.
1330 159 1427 205 III.
1457 175 1499 216 v,
1529 158 1575 206 vi

153 291 378 338 tudinem
415 303 555 336 suam
595 287 856 344 excedunt,
893 294 948 334 ut
984 294 1102 349 puta
1136 284 1485 334 duodenarius.
1561 285 1731 334 Habet
1767 285 1899 334 enim

155 379 316 434 partes
334 369 577 433 quinque:
598 369 964 426 duodecimam,
977 367 1114 429 quod
1131 375 1369 415 estunum
1382 384 1396 426 3
1415 368 1899 428 sextam,quodduo3

152 462 389 515 quartam,
419 451 556 513 quod
586 448 676 498 tria
695 467 707 509 3
744 448 951 507 tertiam,
986 449 1123 510 quod
1158 455 1390 510 quattuor
1407 467 1420 509 3
1457 447 1728 506 dimidiam,
1762 450 1899 510 quod

151 550 248 582 sex.
312 536 481 580 Vnum
503 531 636 580 enim
662 539 709 579 et
735 532 850 590 duo,
874 540 922 578 et
942 531 1044 588 tria,
1065 538 1113 577 et
1139 538 1388 592 quattuor,
1403 539 1451 578 et
1472 546 1556 578 sex
1580 531 1727 577 simul
1752 531 1900 577 ducta
1933 546 1943 549 *

104 637 124 674 5
151 630 240 663 XVI
268 613 453 663 faciunt
479 622 526 662 et
552 614 698 675 longe
723 629 752 660 a
778 610 1087 660 duodenario
1121 612 1368 659 excedunt
1389 631 1397 659 :
1436 610 1505 659 sic
1531 619 1580 659 et
1604 609 1684 658 alii
1715 609 1897 658 similes

148 695 359 759 plurimi,
385 704 438 743 ut
465 692 912 752 duodevicesimus,
942 701 989 740 et
1016 691 1157 740 multi
1183 693 1318 740 tales.
1383 691 1678 739 Diminutivi
1706 693 1896 741 numeri
1922 707 1979 740 10

148 787 277 837 sunt,
307 778 389 840 qui
416 775 635 839 partibus
670 775 769 822 suis
803 773 1077 836 computati
1113 773 1354 822 minorem
1383 790 1628 821 summam
1663 772 1893 831 efficiunt,

149 867 322 922 utputa
339 858 581 915 denarius,
602 857 740 904 cuius
760 864 922 918 partes
941 864 1055 902 sunt
1076 863 1171 903 tres
1193 874 1200 903 :
1233 854 1445 915 decima,
1463 856 1599 917 quod
1618 862 1690 902 est
1711 871 1864 901 unum
1886 873 1896 913 3

151 939 336 1003 quinta,
376 939 512 1002 quod
549 939 650 986 duo
670 956 681 997 3
725 936 944 995 dimidia,
985 938 1123 998 quod
1160 938 1397 999 quinque.
1469 938 1639 983 Vnum
1677 935 1810 983 enim
1848 945 1895 984 et

77 1038 124 1068 10
147 1023 248 1071 duo
274 1030 322 1071 et
347 1020 568 1084 quinque
588 1020 734 1068 simul
754 1020 903 1068 ducta
922 1020 1229 1067 octonarium
1251 1019 1449 1078 faciunt,
1468 1019 1615 1079 longe
1639 1034 1668 1064 a
1692 1016 1896 1065 denario

147 1103 403 1152 minorem.
477 1100 658 1151 Similis
691 1109 766 1149 est
798 1099 915 1148 huic
948 1099 1244 1159 octonarius,
1274 1101 1350 1148 vel
1383 1101 1464 1148 alii
1498 1100 1695 1163 plurimi
1727 1098 1811 1161 qui
1846 1100 1895 1146 in

146 1194 306 1248 partes
332 1185 516 1233 redacti
540 1183 664 1230 infra
689 1183 980 1230 consistunt.
1045 1182 1295 1230 Perfectus
1321 1197 1555 1230 numerus
1576 1189 1665 1240 est,
1686 1179 1770 1242 qui
1798 1179 1895 1229 suis
1926 1189 1966 1221 11

146 1266 364 1330 partibus
389 1264 683 1327 adimpletur,
703 1272 757 1312 ut
778 1261 995 1312 senarius
1015 1281 1026 1322 3
1052 1263 1202 1311 habet
1223 1262 1355 1311 enim
1377 1272 1472 1311 tres
1492 1271 1667 1326 partes,
1692 1272 1893 1322 sextam,

145 1350 352 1408 tertiam,
378 1345 466 1413 [et]
488 1346 745 1395 dimidiam
768 1364 777 1394 ε
815 1354 949 1393 sexta
975 1346 1079 1393 eius
1100 1362 1255 1393 unum
1282 1354 1370 1405 est,
1389 1344 1530 1394 tertia
1555 1345 1670 1403 duo,
1691 1343 1897 1392 dimidia

75 1447 119 1487 15
145 1439 254 1479 tres,
331 1432 474 1481 Haec
499 1437 659 1491 partes
686 1427 735 1474 in
761 1443 1008 1475 summam
1035 1427 1227 1486 ductae,
1257 1426 1307 1474 id
1342 1436 1415 1476 est
1441 1443 1596 1475 unum
1631 1434 1679 1474 et
1713 1426 1815 1474 duo
1849 1436 1896 1473 et

144 1511 234 1560 tria
260 1513 405 1560 simul
431 1511 647 1559 eundem
673 1517 1023 1557 consummant
1050 1508 1410 1571 perficiuntque
1437 1507 1699 1557 senarium.
1772 1508 1896 1555 Sunt

145 1603 309 1642 autem
349 1591 551 1657 perfecti
591 1593 782 1639 numeri
822 1591 948 1638 intra
988 1591 1246 1638 denarium
1288 1605 1352 1647 vl,
1395 1589 1519 1638 intra
1557 1587 1894 1638 centenarium

146 1690 331 1735 xxvm,
359 1674 484 1723 intra
511 1671 838 1721 millenarium
865 1685 1132 1720 ccccxcv1.

284 1759 367 1804 DE
393 1770 632 1804 SECVNDA
663 1767 935 1801 DlvlsloNE
963 1767 1145 1801 TOT1vs
1172 1767 1394 1800 NVMERI.
1459 1751 1635 1802 Omnis
1663 1768 1896 1800 numerus
1922 1761 1979 1798 VI

73 1857 123 1885 20
149 1837 223 1903 (Ι)
247 1847 330 1886 aut
357 1838 632 1886 secundum
660 1852 712 1883 se
736 1835 1088 1892 consideratur,
1117 1832 1194 1898 (2)
1218 1843 1302 1881 aut
1325 1835 1390 1881 ad
1411 1832 1610 1895 aliquid.
1687 1833 1759 1897 (1)
1799 1834 1898 1881 Iste

147 1919 381 1968 dividitur
407 1918 505 1967 sic:
543 1917 622 1966 alii
645 1918 778 1965 enim
801 1925 915 1964 sunt
941 1917 1186 1978 aequaleS,
1204 1916 1285 1962 alii
1312 1915 1609 1976 inaequales.
1685 1914 1757 1977 (2)
1798 1916 1898 1962 Iste

147 2001 381 2050 dividitur
418 2000 517 2049 sic:
568 1998 649 2047 alii
689 2007 803 2046 sunt
844 1999 1066 2056 maiores,
1106 1996 1186 2044 alii
1225 2005 1338 2044 sunt
1377 1995 1606 2044 minores.
1681 1996 1896 2043 Maiores

149 2082 436 2132 dividuntur
471 2082 568 2129 sic:
609 2080 920 2141 multiplices,
959 2077 1436 2140 superparticulares,
1467 2076 1892 2139 superpartientes,

148 2163 444 2228 multiplices
477 2160 955 2225 superparticulares,
985 2159 1281 2222 multiplices
1316 2158 1741 2222 superpartientes.
1805 2158 1897 2206 Mi-

71 2263 121 2304 25
147 2262 290 2295 nores
317 2244 603 2294 dividuntur
623 2242 720 2291 sic:
754 2240 1162 2304 submultipliceS,
1185 2240 1762 2303 subsuperparticulares,
1787 2241 1896 2289 sub-

146 2326 577 2391 superpartientes,
612 2323 1004 2386 submultiplices
1039 2321 1612 2385 subsuperparticulares,
1640 2322 1896 2370 submulti-

146 2408 298 2473 plices
316 2405 840 2470 subsuperpartientes.
899 2408 991 2453 Per
1008 2421 1059 2453 se
1077 2421 1310 2452 numerus
1331 2413 1421 2465 est,
1436 2406 1520 2467 qui
1538 2403 1642 2452 sine
1659 2403 1894 2452 relatione
1921 2414 1949 2447 2

144 2490 309 2554 aliqua
342 2488 534 2548 dicitur,
567 2497 620 2536 ut
659 2503 732 2536 111.
772 2503 836 2536 1v.
875 2503 919 2535 v.
954 2502 1020 2547 VI,
1054 2496 1102 2536 et
1136 2485 1285 2534 ceteri
1318 2486 1515 2534 similes.
1590 2486 1671 2533 Ad
1707 2484 1894 2548 aliquid

202 2631 226 2656 2
254 2618 368 2666 quod
390 2623 455 2656 est
477 2616 655 2667 primum
677 2629 708 2656 s.
728 2630 767 2666 q.
792 2622 856 2654 est
877 2616 1108 2654 secundam
1131 2619 1279 2663 quarta
1299 2614 1411 2663 quod
1433 2618 1499 2651 est
1519 2613 1644 2651 tertia
1661 2618 1757 2652 tert.
1773 2626 1812 2661 q.
1829 2618 1895 2651 est

147 2678 296 2722 quarta
317 2673 430 2722 quod
455 2677 519 2711 est
537 2677 660 2710 sexta
681 2669 727 2707 K
866 2685 890 2720 4
920 2670 1018 2720 sex]
1041 2675 1204 2708 sextam
1225 2667 1281 2707 Β1
1301 2683 1308 2706 :
1338 2673 1460 2706 sexta
1480 2667 1537 2704 B2
1675 2669 1700 2704 6
1730 2667 1894 2716 plurimi

146 2727 306 2766 similes
329 2727 365 2764 T
443 2724 804 2764 DiminutiviBC:
831 2723 1135 2763 DiminutiKT
1214 2736 1236 2772 7
1258 2735 1463 2760 summam
1481 2734 1562 2760 om.
1587 2721 1623 2759 T
1700 2723 1725 2758 8
1746 2721 1892 2772 unum]

149 2781 282 2831 prima
301 2780 347 2818 K
451 2794 478 2830 9
506 2781 616 2830 quod
638 2788 735 2819 sunt
757 2781 839 2818 duo
861 2779 907 2816 K
969 2804 973 2808 »
1029 2791 1077 2816 12
1109 2777 1236 2827 infra]
1259 2778 1301 2815 in
1322 2789 1483 2814 summa
1502 2775 1547 2812 K
1676 2788 1723 2824 13
1754 2781 1896 2824 partes

147 2842 236 2874 tres
251 2834 297 2872 K
407 2847 454 2884 14
483 2841 524 2874 et
545 2835 638 2874 hab.
661 2834 762 2872 BC:
791 2847 872 2873 om.
897 2833 984 2871 KT
1090 2845 1216 2870 unum
1238 2837 1338 2870 sunt
1365 2831 1402 2868 T
1511 2832 1560 2870 16
1589 2829 1896 2879 perficiuntque

148 2902 367 2929 numerum
389 2890 603 2928 senarium
617 2889 661 2927 K
771 2901 826 2927 20
844 2890 897 2927 ad
914 2888 1070 2938 aliquid
1091 2918 1099 2927 .
1122 2916 1131 2926 .
1154 2918 1162 2928 .
1181 2886 1380 2936 aequales
1401 2898 1483 2924 om.
1503 2884 1630 2923 AKL
1742 2896 1790 2922 21
1814 2882 1895 2922 iste

149 2943 284 2995 (alt.)]
306 2945 380 2984 sed
408 2944 445 2982 T
460 2944 562 2994 (non
588 2943 631 2982 U
632 2947 646 2994 >
784 2956 836 2981 22
866 2943 935 2981 alii
956 2943 1142 2980 minores
1162 2940 1204 2978 Β
1333 2951 1382 2989 25
1413 2937 1895 2989 subsuperparticulares

144 2998 704 3050 ‚(pn·us)]subparticu1ares
728 2997 776 3037 T:
799 2997 1207 3047 superparticulares
1227 2995 1267 3033 Β
1377 3007 1427 3043 27
1451 2991 1895 3042 subsuperpartientes

149 3053 281 3105 (alt.)]
302 3053 668 3104 superpartientes
688 3052 729 3090 Β

218 3130 320 3168 1182
682 3152 685 3163 ν
1004 3143 1038 3174 K
