2176 3424
460 129 1091 178 ETYMOLOGIARVM
1131 131 1258 177 LIB.
1298 131 1446 177 VIII.
1487 133 1533 177 xi

123 276 247 321 quae
281 268 543 319 contexat,
579 258 784 318 tertiam,
822 276 947 322 quae
982 269 1190 323 rumpat.
1278 259 1552 323 Incipimus
1587 260 1719 310 enim
1746 278 1859 310 cum

121 340 379 401 nascimur,
410 358 578 390 sumus
604 357 717 388 eum
747 339 967 401 vivimus,
997 341 1233 391 desiimus
1260 359 1373 391 cum
1394 341 1663 392 interimus.
1751 346 1862 391 For·
1889 349 1957 396 94

127 431 296 471 tunam
327 440 357 481 a
387 423 596 473 fortuitis
624 442 808 475 nomen
841 425 1022 474 habere
1055 424 1238 484 dicunt,
1268 423 1407 488 quasi
1431 425 1577 473 deam
1603 425 1854 488 quandam

126 520 200 552 res
238 506 475 554 humanas
513 506 653 555 variis
691 507 885 557 casibus
921 515 969 555 et
1004 506 1214 555 fortuitis
1249 506 1592 567 inludentem;
1639 507 1773 555 unde
1809 516 1858 554 et

74 607 95 646 5
121 602 318 634 caecam
355 589 615 650 appellant,
643 605 703 637 eo
737 590 873 652 quod
906 587 1087 651 passim
1118 587 1168 636 in
1195 587 1442 651 quoslibet
1475 588 1728 637 incurrens
1759 587 1864 637 sine

121 668 221 715 ullo
247 668 470 718 examine
490 671 787 732 meritorum,
811 680 859 719 et
883 671 947 719 ad
973 670 1132 719 bonos
1159 679 1207 718 et
1231 672 1295 719 ad
1316 672 1472 718 malos
1492 670 1640 719 venit.
1684 673 1862 719 Fatum

120 754 285 793 autem
311 763 339 794 a
363 749 557 796 fortuna
582 759 837 811 separant:
887 758 934 797 et
964 750 1158 797 fortuna
1183 747 1323 812 quasi
1349 748 1410 796 sit
1435 747 1485 796 in
1517 750 1592 797 his
1619 765 1745 813 quae
1771 750 1864 797 for-

122 826 247 875 tuitu
281 827 494 888 veniunt,
527 832 659 878 nulla
698 833 861 894 palam
895 848 1042 879 causa
1059 849 1071 891 3
1108 832 1263 879 fatum
1298 847 1412 879 vero
1449 830 1732 893 adpositum
1770 830 1864 879 sin-

121 908 244 971 gulis
270 918 317 957 et
342 918 576 959 statutum
602 911 752 961 aiunt.
827 912 981 961 Aiunt
1015 921 1063 961 et
1096 922 1193 961 tres
1228 912 1396 960 Furias
1429 914 1637 960 feminas
1663 911 1861 960 crinitas
1887 930 1953 977 95

50 1006 98 1034 10
121 990 442 1054 serpentibus,
480 1004 678 1057 propter
726 1005 819 1043 tres
861 997 1077 1054 affectuS‚
1123 1011 1250 1058 quae
1289 996 1339 1042 in
1380 994 1557 1043 animis
1601 993 1861 1043 hominum

121 1074 296 1122 multas
332 1076 724 1137 perturbationes
761 1078 979 1140 gignunt,
1018 1087 1065 1125 et
1102 1076 1349 1126 interdum
1388 1086 1571 1140 cogunt
1608 1076 1675 1125 ita
1712 1078 1864 1125 delin-

119 1171 281 1217 quere,
312 1166 363 1204 ut
396 1174 488 1206 nec
522 1160 681 1207 famae
711 1176 803 1207 nec
829 1159 1031 1222 periculi
1058 1158 1132 1207 sui
1152 1169 1430 1222 respectum
1457 1160 1638 1208 habere
1664 1158 1864 1222 permit-

122 1246 239 1285 tant.
332 1240 423 1299 Ira,
463 1257 590 1302 quae
626 1240 894 1289 vindictam
932 1240 1099 1304 cupit:
1154 1240 1412 1304 cupiditas,
1453 1257 1580 1304 quae
1616 1240 1863 1290 desiderat

123 1336 240 1383 opes
270 1339 278 1368 :
332 1319 500 1381 libido,
553 1339 679 1385 quae
726 1322 913 1385 appetit
961 1324 1250 1385 voluptates
1341 1325 1483 1384 Quae
1526 1324 1640 1371 ideo
1691 1323 1864 1371 Furiae

48 1424 95 1464 15
121 1403 440 1464 appellantur,
470 1406 606 1466 quod
633 1404 841 1453 stimulis
868 1407 966 1454 suis
993 1415 1212 1454 mentem
1239 1404 1413 1453 feriant
1440 1415 1487 1454 et
1512 1404 1731 1468 quietam
1757 1421 1863 1453 esse

121 1500 221 1531 non
238 1485 413 1533 sinant.
487 1487 744 1549 Nymphas
771 1489 888 1535 deas
913 1504 1152 1550 aquarum
1179 1480 1366 1550 putant,
1395 1486 1551 1536 dictas
1576 1504 1605 1534 a
1631 1487 1860 1535 nubibus
1888 1489 1960 1546 96

124 1566 252 1613 Nam
279 1583 336 1615 ex
366 1567 582 1616 nubibus
614 1585 786 1631 aquae,
816 1571 949 1618 unde
976 1569 1250 1618 derivatum
1287 1579 1373 1618 est.
1448 1570 1707 1633 Nymphas
1745 1570 1862 1618 deas

122 1663 373 1709 aquarum,
401 1651 539 1712 quasi
578 1650 783 1699 numina
819 1653 1143 1714 lympharum.
1227 1654 1366 1713 Ipsas
1402 1660 1570 1699 autem
1606 1650 1779 1700 dicunt
1816 1660 1864 1699 et

127 1729 296 1777 Musas
333 1747 453 1792 quas
496 1741 544 1780 et
581 1734 835 1796 nymphas,
877 1750 968 1782 nec
1006 1732 1248 1782 inmerito.
1336 1736 1466 1782 Nam
1504 1750 1662 1796 aquae
1700 1742 1863 1782 motus

48 1834 99 1860 20
122 1810 343 1859 musicen
363 1813 523 1861 efficit.
596 1816 938 1877 Nympharum
958 1818 1091 1878 apud
1107 1817 1313 1879 gentiles
1329 1815 1459 1864 varia
1475 1825 1588 1863 sunt
1608 1816 1863 1864 vocabula.
1887 1824 1954 1874 97

124 1893 378 1956 Nymphas
409 1894 590 1958 quippe
626 1895 869 1944 montium
904 1898 1125 1946 Oreades
1151 1897 1338 1957 dicunt,
1367 1899 1594 1946 silvarum
1625 1899 1861 1960 Dryades,

121 1973 331 2022 fontium
390 1976 782 2040 Hamadryades,
826 1995 1115 2041 camporum
1165 1978 1366 2038 Naides,
1414 1981 1557 2026 maris
1608 1980 1862 2028 Nereides.

124 2057 318 2104 Heroas
353 2056 524 2105 dicunt
560 2075 589 2105 a
623 2060 818 2107 Iunone
856 2059 1055 2108 traxisse
1084 2076 1285 2108 nomen.
1360 2061 1548 2109 Graece
1574 2059 1707 2110 enim
1736 2063 1864 2109 Iuno
1891 2063 1958 2123 98

112 2136 240 2200 ‘'Hpa
281 2140 565 2201 appellatur.
641 2142 705 2189 Et
746 2139 859 2189 ideo
902 2141 1070 2190 nescio
1113 2142 1221 2205 quis
1261 2141 1387 2190 filius
1435 2142 1539 2191 eius
1588 2144 1864 2192 secundum

49 2241 98 2280 25
122 2221 425 2269 Graecorum
451 2221 668 2270 fabulam
703 2224 821 2286 ἥρως
853 2223 944 2272 fuit
973 2233 1287 2287 nuncupatus
1307 2243 1320 2285 3
1356 2226 1451 2272 hoc
1477 2224 1708 2274 videlicet
1727 2227 1862 2274 velut

123 2301 381 2364 mysticum
421 2302 725 2366 significante
759 2305 938 2364 fabula,
968 2307 1105 2368 quod
1142 2323 1223 2355 aer
1254 2308 1437 2355 Iunoni
1474 2308 1755 2369 deputetur,
1780 2307 1865 2355 ubi

121 2385 291 2431 volunt
317 2385 490 2432 heroas
515 2384 748 2434 habitare.
825 2387 941 2447 Quo
968 2387 1170 2436 nomine
1194 2389 1444 2452 appellant
1467 2388 1674 2437 alieuius
1704 2388 1864 2437 meriti

121 2464 307 2514 animas
334 2467 696 2527 defunctorum,
726 2468 866 2530 quasi
891 2472 1083 2532 ἀηρωας,
1113 2469 1163 2519 id
1198 2479 1270 2518 est
1303 2469 1431 2519 viros
1465 2470 1621 2519 aerios
1653 2481 1700 2519 et
1726 2472 1863 2519 caelo

175 2603 199 2627 2
230 2589 415 2628 desimus
450 2589 537 2628 KT
557 2605 566 2629 :
605 2591 805 2630 desumus
827 2591 904 2630 BC
921 2606 930 2631 ε
971 2592 1202 2632 desinimus
1237 2594 1328 2633 dett.
1365 2594 1475 2646 (cum
1511 2594 1621 2632 codd.
1659 2593 1870 2633 Lactantz'i

117 2643 212 2683 inst.
236 2657 272 2694 2,
301 2657 362 2694 10,
385 2645 457 2691 20)
696 2659 720 2694 4
750 2647 914 2685 casibus
952 2661 1035 2686 om.
1078 2646 1125 2684 K
1159 2649 1262 2700 (non
1299 2648 1361 2699 A)
1519 2650 1790 2687 inducentem
1827 2648 1873 2686 K

124 2698 226 2747 (non
244 2697 310 2750 A)
435 2700 462 2736 6
492 2705 534 2738 et
553 2699 606 2738 ad
627 2713 705 2739 ma.
733 2706 774 2739 et
795 2702 847 2739 ad
867 2701 935 2740 bo.
956 2701 998 2739 Β
1120 2703 1145 2740 8
1178 2703 1350 2742 veniant
1372 2704 1407 2743 C
1531 2717 1626 2743 ven.
1651 2710 1696 2742 ut
1717 2705 1800 2743 nul.
1834 2703 1870 2740 T

121 2752 275 2790 factum
303 2753 340 2791 T
512 2767 538 2803 9
567 2759 723 2792 statum
746 2754 844 2793 OT
1011 2757 1128 2795 aiunt
1148 2771 1231 2796 om.
1258 2757 1303 2794 K
1469 2770 1519 2796 10
1548 2759 1725 2797 effectus
1746 2757 1871 2797 BCT

123 2807 189 2847 aff.
211 2807 282 2856 qui
311 2807 400 2846 dett.
518 2822 566 2858 13
588 2809 671 2860 ira]
692 2810 750 2848 ita
774 2809 820 2847 K
930 2823 977 2859 15
999 2811 1073 2850 ser.
1099 2825 1213 2851 men.
1239 2811 1286 2849 K
1305 2813 1407 2864 (non
1428 2812 1490 2857 A)
1609 2825 1656 2861 17
1688 2825 1784 2850 nam
1807 2825 1861 2850 ex

125 2862 219 2900 nub.
239 2875 320 2901 om.
339 2862 395 2899 Β1
415 2863 517 2912 (non
533 2863 598 2915 A)
717 2864 764 2901 18
783 2865 954 2904 nomina
970 2865 1064 2903 BC1
1179 2878 1226 2915 19
1245 2879 1350 2916 quas
1367 2874 1408 2906 et
1423 2866 1518 2905 BC:
1541 2881 1643 2917 quas
1659 2866 1721 2906 K:
1743 2868 1863 2916 quasi

131 2915 169 2953 T
307 2930 486 2967 namque
508 2932 588 2959 mo,
616 2918 665 2958 Cl
830 2933 884 2958 2ο
904 2920 1044 2959 effecit
1061 2920 1102 2958 Β
1249 2934 1299 2958 22
1329 2935 1463 2971 camp.
1486 2922 1610 2961 Ham,
1635 2922 1738 2961 sont.
1766 2921 1860 2960 Nai.

123 2969 246 3009 Arev.
270 2971 372 3022 (non
393 2971 457 3023 A)
682 2973 806 3024 Nen]
827 2974 1022 3014 naraides
1043 2973 1112 3013 K:
1143 2975 1289 3014 naides
1310 2976 1429 3015 BCT
1683 2989 1734 3025 24
1756 2975 1862 3025 *Ἥρα

125 3037 209 3063 om.
230 3024 275 3062 K
435 3040 484 3076 25
517 3028 677 3068 sabolas
697 3026 743 3064 K
762 3029 864 3076 (non
882 3029 946 3079 A)
1058 3029 1193 3081 velut]
1214 3030 1283 3068 vel
1307 3031 1342 3070 C
1521 3044 1571 3079 27
1593 3043 1742 3070 aeroas
1761 3030 1859 3071 Isid.

125 3092 206 3127 quo
228 3079 340 3118 mine
361 3081 411 3120 Cl
576 3085 628 3121 28
657 3082 798 3134 quasi]
821 3096 926 3132 quos
954 3083 990 3122 T
1149 3084 1265 3136 ἀηρ.]
1289 3099 1411 3126 eroas
1434 3084 1542 3125 codd.
