2176 3424
1091 119 1363 167 ISIDORI

355 262 501 295 sucus
528 262 635 296 esse
662 256 709 295 et
735 247 800 296 ob
827 249 877 297 id
904 250 1132 297 sucinum
1157 248 1406 312 appellari.
1482 251 1732 298 Electrum
1752 258 1917 298 autem
1938 250 2099 299 vocari

354 328 578 377 fabulosa
613 330 972 392 argumentatio
1015 330 1167 379 dedit.
1260 332 1492 394 Namque
1536 333 1847 380 Phaethonte
1883 332 2100 382 fulminis

355 407 454 456 ictu
481 410 778 472 interempto
804 426 994 458 sorores
1020 409 1125 459 eius
1154 411 1289 459 luctu
1320 419 1532 459 mutatas
1569 410 1620 459 in
1649 411 1847 474 arbores
1874 413 2098 474 populos,

353 489 564 538 lacrimis
607 492 842 539 electrum
900 491 1132 540 omnibus
1184 492 1325 540 annis
1383 494 1587 541 fundere
1643 492 1775 542 iuxta
1828 492 2100 542 Eridanum

355 588 590 632 amnem,
642 582 690 621 et
733 574 967 622 electrum
1016 575 1317 636 appellatum
1367 575 1602 637 quoniam
1646 576 1719 623 sol
1756 574 1997 624 vocitatus
2040 575 2100 624 sit
2123 598 2144 637 5

356 656 554 703 Elector
580 654 775 718 plurimi
801 664 978 718 poetae
1011 654 1191 704 dixere.
1267 657 1476 705 Constat
1511 667 1674 705 autem
1708 673 1821 705 eum
1859 674 1959 705 non
1993 673 2100 706 esse

353 753 526 784 sucum
554 736 738 799 populi,
768 738 855 785 sed
876 736 1051 799 pineae
1076 737 1261 786 arboris
1280 756 1292 797 ,-
1327 755 1442 786 nam
1468 754 1704 787 accensus
1731 739 1903 786 taedae
1928 737 2099 787 nidore

300 824 329 873 7
353 819 539 881 fragrat.
618 818 847 867 Nascitur
871 828 1035 867 autem
1063 819 1114 867 in
1139 819 1309 868 insulis
1341 819 1529 869 Oceani
1555 819 1949 884 septentrionalis
1975 819 2100 869 sicut

351 900 578 963 gummis,
607 902 941 964 densaturque
968 910 1020 949 ut
1047 903 1326 965 crystallum
1353 901 1508 966 rigore
1533 904 1610 952 vel
1635 913 1868 965 tempore.
1943 905 2017 951 Ex
2042 920 2099 951 ea

352 983 475 1031 fiunt
524 982 715 1032 decoris
763 985 914 1047 gratia
961 983 1224 1047 agrestium
1273 986 1565 1033 feminarum
1614 984 1828 1033 monilia.
1918 981 2098 1032 Vocari
2129 1006 2175 1034 ιο

350 1074 513 1113 autem
541 1081 569 1112 a
595 1065 893 1127 quibusdam
921 1067 1146 1129 harpaga,
1170 1082 1231 1115 eo
1257 1068 1391 1130 quod
1412 1066 1593 1116 adtritu
1613 1066 1878 1130 digitorum
1897 1074 2100 1128 accepta

351 1146 523 1195 caloris
549 1146 714 1195 anima
747 1147 862 1196 folia
896 1149 1159 1211 paleasque
1197 1158 1245 1197 et
1281 1148 1491 1198 vestium
1525 1149 1742 1197 fimbrias
1772 1148 1938 1212 rapiat,
1976 1148 2100 1196 sicut

353 1245 553 1291 magnes
592 1229 784 1277 ferrum.
878 1231 1212 1293 Quocumque
1248 1241 1413 1280 autem
1453 1233 1605 1280 modo
1641 1231 1790 1280 libeat
1832 1229 2067 1295 tinguitur
2087 1249 2100 1291 3

300 1311 329 1357 8
353 1328 468 1359 nam
520 1313 770 1360 anchusae
818 1313 982 1361 radice
1031 1313 1393 1377 conchylioque
1440 1313 1736 1363 inficiuntur.
1827 1312 2099 1376 Lyncurius

352 1402 554 1442 vocatus
575 1395 712 1456 quod
738 1395 821 1442 fiat
847 1410 905 1443 ex
931 1394 1068 1444 urina
1094 1394 1247 1459 lyncis
1268 1395 1454 1445 bestiae
1479 1405 1700 1459 tempore
1719 1396 1959 1445 indurata.
2011 1397 2099 1444 Est
2127 1413 2172 1453 15

351 1484 530 1535 autem,
575 1475 699 1524 sicut
742 1485 790 1525 et
832 1477 1073 1537 sucinum,
1120 1479 1264 1538 fulva,
1307 1479 1570 1527 adtrahens
1619 1476 1788 1540 spiritu
1837 1479 1952 1526 folia
1994 1493 2099 1540 pro-

353 1558 654 1623 pinquantia.

266 1652 328 1691 IX
490 1643 574 1690 DE
623 1656 924 1691 PVRPVREIS.
1014 1644 1149 1692 Inter
1190 1659 1457 1707 purpureas
1500 1659 1720 1706 gemmas
1768 1641 2098 1706 principatum

351 1725 656 1787 amethystus
685 1723 887 1773 Indicus
914 1733 1063 1775 tenet.
1121 1727 1443 1789 Amethystus
1470 1741 1742 1789 purpureus
1762 1733 1834 1774 est
1859 1723 2099 1788 permixto

353 1805 561 1855 violacio
587 1807 752 1855 colore
776 1824 784 1863 ;
819 1815 867 1855 et
893 1806 1031 1869 quasi
1069 1823 1207 1856 rosae
1245 1807 1385 1867 nitor,
1415 1816 1462 1856 et
1496 1806 1668 1856 leniter
1701 1807 1941 1870 quasdam
1968 1808 2100 1855 flam-
2126 1824 2176 1851 20

353 1890 511 1937 mulas
553 1889 780 1937 fundens.
856 1890 1079 1938 Alterum
1113 1888 1216 1938 eius
1255 1905 1408 1952 genus
1448 1890 1706 1938 descendit
1741 1890 1805 1938 ad
1843 1890 2097 1937 iacinthos.

355 1972 570 2021 Causam
609 1969 823 2018 nominis
861 1970 964 2019 eius
1008 1973 1215 2020 afferunt
1255 1972 1371 2034 quia
1409 1972 1470 2019 sit
1513 1972 1750 2033 quiddam
1796 1972 1842 2018 in
1871 1970 2100 2034 'purpura

353 2052 479 2102 illius
507 2069 608 2101 non
635 2069 693 2102 ex
718 2060 824 2100 toto
850 2051 1063 2115 igneum,
1089 2054 1175 2102 sed
1202 2051 1299 2101 vini
1326 2054 1541 2102 colorem
1567 2052 1768 2101 habens.
1822 2054 1911 2100 Est
1934 2060 2099 2101 autern

300 2149 330 2183 2
354 2136 615 2197 sculpturis
653 2133 839 2183 facilis:
876 2151 1057 2197 genera
1093 2134 1197 2183 eius
1237 2133 1471 2198 quinque.
1545 2134 1812 2198 Sapphirus
1849 2136 2100 2183 caeruleus

354 2226 427 2267 est
453 2234 566 2266 cum
584 2233 811 2280 purpura,
830 2217 1020 2266 habens
1037 2219 1261 2280 pulveres
1281 2233 1454 2266 aureos
1473 2232 1664 2279 sparsos
1682 2235 1694 2277 3
1732 2217 1947 2280 optimus
1967 2217 2100 2280 apud
2127 2232 2176 2272 25

303 2310 333 2356 3
358 2301 553 2359 Medos,
584 2315 827 2362 nusquam
854 2308 1021 2348 tamen
1054 2299 1348 2362 perlucidus.
1425 2298 1680 2348 Iacinthus
1706 2316 1764 2348 ex
1787 2298 2001 2348 nominis
2027 2298 2101 2347 sui

356 2384 475 2430 flore
501 2390 716 2430 vocatuS.
793 2381 894 2429 Hic
920 2381 970 2429 in
996 2380 1262 2445 Aethiopia
1297 2380 1555 2441 invenitur,
1581 2383 1859 2431 caeruleum
1885 2383 2100 2430 colorem

356 2463 561 2512 habens.
635 2462 882 2525 Optimus,
916 2463 1000 2526 qui
1030 2480 1122 2512 nec
1160 2480 1292 2512 rarus
1329 2473 1401 2512 est
1435 2480 1526 2512 nec
1563 2463 1806 2513 densitate
1842 2463 2098 2523 obtunsus,

417 2608 432 2632 1
466 2594 584 2645 app.]
605 2594 747 2633 vocari
771 2593 805 2633 C
904 2607 928 2632 2
959 2595 1145 2633 fluminis
1173 2592 1312 2632 Tante
1332 2606 1430 2633 corr.
1455 2592 1503 2633 C1
1575 2607 1600 2643 3
1630 2594 1702 2634 int.
1728 2594 1776 2633 ic.
1802 2594 1837 2633 C
1939 2607 1963 2644 4
1993 2594 2099 2633 beri-

358 2651 515 2688 danum
536 2648 582 2686 K
731 2651 757 2687 6
788 2663 848 2688 su.
872 2663 958 2688 non
979 2662 1076 2688 esse
1095 2648 1141 2686 K
1289 2662 1310 2698 7
1341 2649 1484 2699 piniae
1504 2648 1545 2686 B
1563 2663 1572 2688 :
1601 2648 1688 2700 pini
1708 2648 1755 2686 K
1874 2649 2012 2687 nitore
2039 2647 2099 2687 T:

361 2705 542 2744 nitorem
562 2703 608 2742 K
761 2705 785 2741 8
815 2704 968 2754 fraglat
991 2704 1087 2744 CT:
1119 2706 1266 2753 flagrat
1286 2703 1332 2742 K
1459 2703 1499 2741 in
1522 2717 1604 2743 om.
1632 2703 1682 2743 C1
1836 2717 1863 2754 9
1892 2701 2045 2753 gummi
2069 2703 2103 2741 C

359 2767 508 2810 tepore
531 2756 651 2797 CKT
738 2771 785 2796 12
816 2759 970 2798 coloris
995 2758 1043 2798 C1
1136 2771 1183 2808 14
1214 2758 1401 2797 inficitur
1422 2756 1457 2796 C
1538 2770 1585 2808 15
1615 2764 1763 2808 tepore
1786 2757 1820 2797 C
1914 2760 1963 2796 16
1991 2758 2099 2796 sicut

359 2829 442 2854 om.
471 2813 521 2852 Tl
632 2812 820 2863 spiritum
851 2814 888 2851 T
1046 2827 1098 2853 20
1126 2813 1254 2852 nitior
1272 2811 1329 2850 B1
1491 2826 1538 2851 21
1573 2814 1782 2863 iaquintos
1801 2812 1932 2850 BKT
1947 2813 2096 2863 (-tus):

361 2871 540 2909 iacintos
564 2868 599 2907 C
707 2881 757 2907 22
789 2869 880 2907 eius
896 2882 978 2908 om.
1004 2868 1045 2905 Β
1127 2868 1337 2918 quoddam
1367 2867 1404 2906 T
1509 2881 1560 2918 23
1590 2868 1663 2906 uni
1689 2867 1727 2906 T
1831 2879 1884 2916 25
1914 2867 2099 2917 optimos

359 2924 415 2961 Β1
585 2924 637 2961 26
665 2936 889 2972 numquam
918 2923 955 2961 T
1090 2922 1348 2973 perlucidum
1370 2923 1411 2960 Β
1551 2922 1794 2962 Iachinthus
1811 2921 1857 2959 K
1872 2937 1882 2961 ε
1913 2921 2098 2961 Iacintus

359 2979 427 3018 B:
474 2979 679 3017 Yacintus
715 2976 762 3017 C¹
785 2992 793 3016 :
846 2978 1064 3027 Iaquintus
1107 2977 1145 3016 T
1344 2990 1395 3027 27
1440 2977 1602 3027 fulgore
1641 2976 1676 3016 C
1847 2981 2023 3016 vocatur
2059 2975 2103 3013 Β

359 3034 410 3071 28
441 3033 581 3085 rarus]
604 3046 750 3072 russus
777 3031 837 3071 T:
867 3033 1004 3072 clarus
1024 3032 1218 3072 Schwarz
