2228 3444
563 178 836 226 ISIDORI
890 181 1524 231 ETYMOLOGIARVM
1565 185 1693 233 LIB.
1735 186 1802 232 II.
1842 186 1947 234 xxxi

372 308 614 354 contraria
636 316 707 355 est
734 316 786 355 ut
813 325 913 356 non
940 307 1164 357 eiusdem
1191 309 1403 360 iustitiae
1430 311 1660 375 iniquitas
1692 315 1766 371 sit,
1793 324 1876 363 aut
1901 317 1964 364 ad
1991 317 2120 364 illam

314 385 348 431 6
372 387 433 435 sit
449 388 696 452 iniquitas.
741 390 964 438 Tertium
982 407 1137 453 genus
1154 401 1227 440 est
1247 395 1587 457 oppositorum
1605 396 1801 445 habitus
1819 399 1895 446 vel
1915 398 2120 447 orbatio,

372 471 525 532 Quod
568 488 723 534 genus
770 468 947 522 Cicero
984 472 1312 536 privationem
1349 485 1507 535 vocat,
1547 495 1645 540 qua
1681 478 1898 528 ostendit
1935 479 2122 543 aliquid

372 552 659 616 quempiam
698 554 945 612 habuisse,
984 555 1119 603 unde
1156 555 1370 619 privatus
1408 568 1495 607 est.
1587 559 1742 610 Cuius
1781 562 1970 624 species
2007 571 2121 610 sunt

367 642 463 682 tres
489 656 497 684 :
536 652 744 698 quarum
771 638 929 698 prima
960 645 1034 684 est
1064 638 1114 685 in
1148 654 1214 695 re,
1241 641 1462 688 secunda
1498 642 1548 688 in
1585 643 1710 701 loco,
1738 641 1878 691 tertia
1916 645 1965 690 in
2001 653 2121 692 tem·
2145 663 2167 701 5

366 733 485 779 pore
511 734 745 781 congruo.
823 720 884 766 In
922 735 987 778 re,
1015 728 1067 767 ut
1093 720 1304 769 caecitas
1330 721 1465 770 visio.
1543 725 1603 770 In
1638 725 1764 782 loco,
1792 733 1845 772 ut
1870 725 2119 773 caecitatis

366 808 414 846 et
441 798 642 847 visionis
670 799 718 847 in
747 800 902 848 oculis
940 802 1079 849 locus
1110 812 1197 851 est.
1273 805 1333 851 In
1364 813 1586 867 tempore
1619 822 1853 869 congruo,
1881 815 1934 854 ut
1966 807 2119 855 infan-

365 889 464 928 tem
487 898 589 929 non
610 881 776 931 dicere
797 882 903 930 sine
925 882 1159 932 dentibus
1181 902 1309 946 eum,
1329 885 1407 933 cui
1428 888 1603 936 dentes
1628 889 1792 937 adhuc
1818 898 1951 937 aetas
1971 906 2118 952 parva

363 964 573 1026 negavit.
626 965 744 1012 Non
761 964 895 1013 enim
917 974 990 1013 est
1015 965 1233 1028 privatus
1260 967 1508 1027 dentibus,
1529 986 1654 1032 quos
1681 972 1905 1019 nondum
1928 971 2114 1020 habuit.

309 1051 338 1100 7
365 1046 609 1106 Quartum
645 1062 761 1095 vero
794 1063 951 1110 genus
978 1063 1037 1096 ex
1062 1050 1444 1099 confirmatione
1471 1060 1518 1099 et
1544 1051 1808 1114 negatione
1834 1054 2113 1115 opponitur,
2144 1070 2191 1098 10

363 1136 415 1174 ut
442 1129 667 1176 Socrates
695 1129 927 1191 disputat,
949 1131 1174 1179 Socrates
1201 1148 1303 1179 non
1330 1131 1560 1196 disputat.
1638 1136 1782 1183 Haec
1808 1151 1835 1183 a
1862 1135 2115 1198 superiori-

361 1208 454 1257 bus
493 1208 606 1258 ideo
644 1210 822 1270 differt,
858 1213 994 1274 quod
1030 1213 1111 1260 illa
1149 1213 1431 1276 singillatim
1469 1216 1565 1264 dici
1604 1226 1826 1279 possunt,
1861 1219 1984 1266 haec
2020 1218 2113 1267 nisi

360 1307 548 1340 conexe
568 1292 666 1340 dici
687 1309 788 1340 non
805 1304 1028 1356 possunt.
1077 1296 1229 1357 Quod
1245 1313 1400 1360 genus
1422 1307 1648 1360 quartum
1667 1301 1800 1362 apud
1813 1299 2113 1349 Dialecticos

360 1375 571 1422 multum
598 1375 748 1424 habet
775 1376 1078 1435 conflictum,
1102 1387 1149 1427 et
1169 1381 1445 1442 appellatur
1469 1380 1532 1428 ab
1559 1379 1628 1429 eis
1655 1382 1796 1430 valde
1812 1384 2112 1445 oppositum,

303 1455 333 1501 8
358 1457 603 1518 siquidem
625 1467 672 1506 et
690 1457 888 1506 tertium
915 1476 1016 1508 non
1042 1462 1227 1524 recipit.
1303 1464 1433 1511 Nam
1461 1479 1519 1510 ex
1545 1462 1636 1512 illis
1664 1466 1909 1526 quaedam
1930 1466 2111 1515 habere
2139 1479 2184 1519 15

357 1541 554 1588 tertium
580 1551 806 1603 possunt,
830 1551 882 1590 ut
908 1542 958 1590 in
979 1543 1234 1592 contrariis
1255 1544 1526 1594 candidum
1548 1555 1595 1594 et
1622 1547 1829 1610 nigrum.
1887 1547 2107 1597 Tertium

356 1621 460 1670 eius
489 1638 580 1670 nec
607 1623 878 1672 candidum
914 1641 1006 1674 nec
1038 1625 1247 1689 nigrum,
1277 1628 1364 1676 sed
1399 1628 1591 1676 fuscum
1618 1631 1694 1677 vel
1719 1631 1974 1692 pallidum.
2047 1633 2107 1678 In

357 1703 568 1752 relativis
606 1721 822 1768 quoque,
850 1717 903 1755 ut
938 1709 1093 1756 multa
1123 1718 1170 1758 et
1196 1726 1367 1772 pauca.
1442 1711 1666 1759 Tertium
1694 1712 1796 1760 eius
1823 1729 1916 1760 nec
1953 1715 2108 1761 multa

357 1803 450 1835 nec
475 1803 645 1850 pauca,
678 1790 767 1837 sed
787 1789 1069 1839 mediocria.
1146 1793 1207 1840 In
1233 1793 1405 1841 habitu
1432 1795 1507 1841 vel
1534 1793 1805 1855 orbatione,
1833 1804 1886 1843 ut
1911 1794 2033 1843 visio
2059 1805 2106 1843 et

356 1869 581 1917 caecitas.
657 1870 882 1919 Tertium
917 1871 1035 1929 eius,
1063 1888 1156 1921 nec
1189 1873 1401 1922 caecitas
1434 1890 1527 1923 nec
1559 1875 1693 1936 visio,
1722 1878 1810 1925 sed
1843 1876 2102 1940 lippitudo.
2132 1899 2182 1927 20

357 1950 458 1999 Hic
485 1968 599 2015 ergo
619 1954 747 2016 legit,
779 1970 881 2002 non
906 1954 1022 2017 legit
1046 1975 1054 2004 ε
1092 1954 1289 2003 tertium
1317 1955 1439 2003 nihil
1465 1957 1627 2005 habet.

410 2095 425 2119 1
460 2083 511 2121 ad
533 2096 616 2122 om.
648 2082 684 2119 T
790 2097 815 2132 3
845 2097 941 2133 qua.
965 2091 1043 2124 ost.
1067 2085 1119 2124 al.
1138 2099 1221 2125 om.
1238 2085 1330 2124 AK
1446 2086 1549 2138 qua]
1572 2088 1669 2136 quia
1699 2087 1736 2126 T
1814 2090 2014 2129 ostendet
2032 2090 2110 2130 CT

352 2151 373 2186 4
408 2137 670 2189 quempiam]
694 2138 892 2188 quiddam
910 2139 980 2177 K:
1011 2140 1177 2189 quidam
1192 2140 1233 2177 A
1319 2141 1537 2180 habuisset
1553 2142 1594 2179 A
1705 2145 1731 2180 6
1761 2142 1802 2180 in
1825 2156 1871 2181 re
1888 2151 1933 2183 ut
1949 2146 2103 2185 cecitas

353 2197 397 2230 et
417 2192 594 2231 visionis
615 2193 658 2230 in
679 2193 808 2232 clusis
828 2193 947 2232 locus
970 2200 1034 2232 est
1052 2194 1150 2245 (rell.
1170 2196 1273 2247 om.)
1300 2195 1346 2233 K
1365 2196 1467 2246 (non
1489 2195 1552 2246 A)
1661 2198 1842 2236 caecitas
1861 2229 1871 2238 .
1888 2231 1896 2238 .
1916 2229 1926 2238 .
1945 2199 2038 2238 loco
2059 2208 2102 2239 ut

353 2260 436 2286 om.
456 2245 506 2285 Cl
601 2247 642 2285 in
665 2247 758 2286 loco
782 2248 970 2287 cecitatis
987 2249 1028 2286 Β
1142 2264 1162 2299 7
1194 2255 1236 2288 et
1252 2250 1328 2290 vis.
1347 2263 1428 2289 om.
1447 2250 1504 2288 Β1
1588 2251 1629 2289 in
1654 2252 1739 2303 oc.]
1759 2265 1823 2293 oe.
1842 2253 1884 2290 A
1901 2268 1909 2293 z
1940 2267 2022 2294 om.
2042 2255 2100 2293 B1

353 2303 378 2339 8
409 2303 525 2341 dent.
545 2314 638 2340 cum
661 2315 756 2341 eum
778 2303 823 2341 K
933 2303 1070 2341 adhuc
1092 2317 1176 2344 om.
1191 2304 1239 2342 K
1386 2318 1412 2354 9
1442 2305 1555 2343 enim
1576 2318 1658 2345 om.
1683 2306 1730 2343 K
1883 2321 1932 2346 10
1962 2308 2037 2358 ex]
2058 2317 2100 2348 et

356 2355 434 2395 C¹:
463 2362 527 2395 est
549 2370 603 2395 ex
631 2357 669 2396 T
815 2370 858 2395 11
893 2358 1012 2398 Socr.
1037 2371 1121 2397 non
1145 2359 1253 2408 disp.
1276 2373 1359 2399 om.
1382 2359 1428 2397 K
1447 2360 1548 2411 (non
1569 2360 1632 2407 A)
1780 2375 1826 2400 12
1858 2361 1976 2414 ideo]
2001 2365 2041 2403 id
2069 2366 2106 2403 T

357 2423 404 2459 13
435 2424 597 2449 conexa
619 2412 666 2450 K
778 2424 824 2461 14
852 2413 1005 2452 habeat
1027 2414 1255 2453 confictum
1277 2414 1324 2452 K
1403 2415 1455 2452 ab
1478 2415 1569 2453 eius
1591 2415 1637 2452 K
1750 2428 1796 2465 15
1828 2418 1997 2466 quidam
2017 2418 2102 2457 BT

356 2467 406 2503 16
435 2466 600 2505 tertiam
623 2466 669 2504 K
759 2468 882 2507 cand.
904 2474 947 2506 et
972 2469 1082 2517 nigr.
1100 2475 1165 2507 est
1187 2470 1245 2508 T:
1276 2469 1486 2507 canditum
1509 2470 1630 2518 nigro
1647 2470 1692 2508 K
1805 2484 1852 2520 17
1883 2471 1974 2523 vel]
1995 2479 2038 2511 et
2059 2474 2100 2511 Β

354 2521 402 2558 18
423 2526 465 2558 et
485 2522 613 2561 multa
629 2521 716 2559 ΒΚ
825 2535 878 2561 20
898 2523 1058 2574 lippido
1075 2523 1120 2561 J<
1229 2536 1276 2562 21
1303 2524 1415 2573 leget
1433 2525 1526 2576 (his)
1541 2523 1707 2564 ABCT
1787 2526 1911 2579 nihil]
1930 2541 2040 2566 nunc
2054 2529 2094 2566 A
