2176 3424
1079 102 1351 151 ISIDORI

337 231 568 292 veritate,
630 230 745 279 hinc
808 241 855 280 et
914 248 1071 280 verax.
1158 232 1321 281 Maior
1379 241 1451 280 est
1499 235 1674 282 veritas
1725 250 1873 296 quam
1927 250 2082 294 verus,

211 310 312 370 276
337 312 454 375 quia
478 329 578 360 non
614 314 790 361 veritas
822 330 851 361 a
877 329 1010 373 ver0,
1035 314 1122 361 sed
1148 330 1289 362 verus
1315 330 1342 361 a
1372 313 1574 363 veritate
1607 314 1878 364 descendit.
1954 315 2087 363 Veri-

336 393 490 454 dicus,
520 395 636 457 quia
661 410 830 443 verum
856 393 976 443 dicit
1001 403 1050 443 et
1086 394 1299 443 veritatis
1333 396 1553 444 adsertor
1586 405 1673 444 est.
1745 398 2084 455 Verecundus,

219 487 313 537 277
336 478 451 539 quia
484 492 653 525 verum
685 478 868 524 factum
900 476 1159 525 erubescit.
1232 479 1499 537 Venustus,
1531 479 1748 540 pulcher,
1782 495 1812 526 a
1849 479 1997 538 venis,
2036 479 2087 526 id

335 568 408 607 est
451 558 702 621 sanguine.
790 557 1007 623 [Viridis,
1052 560 1098 607 vi
1142 569 1190 608 et
1233 576 1353 608 suco
1392 561 1585 622 plenus,
1633 562 1772 622 quasi
1819 561 1867 609 vi
1914 559 2086 627 rudis.]
2111 587 2133 626 5

336 638 558 706 [Vivens‚
604 638 781 705 vivus]
850 642 1047 699 Varius,
1089 640 1229 703 quasi
1271 658 1373 689 non
1415 640 1559 689 unius
1593 640 1713 701 viae,
1748 643 1836 690 sed
1871 642 2087 691 incertae

335 724 615 785 mixtaeque
658 721 945 770 sententiae.
1020 724 1274 781 Versutus,
1305 739 1365 771 eo
1401 724 1536 785 quod
1571 722 1675 771 eius
1702 740 1842 772 mens
1882 723 1933 771 in
1970 740 2088 786 quo-

332 805 454 853 libet
483 814 597 853 actu
635 806 699 853 ad
728 803 1003 866 quamlibet
1037 806 1261 853 fraudem
1295 805 1436 854 facile
1470 805 1704 866 vertitur,
1741 806 1875 854 unde
1909 814 1956 853 et
1988 822 2088 853 ver-

213 886 311 944 278
335 886 460 935 sutia
486 885 664 936 dieitur
689 894 915 934 contorta
941 885 1200 935 sententia.
1250 888 1452 934 Plautus
1480 886 1648 950 (Epid.
1669 887 1815 951 371):

709 967 965 1016 Versutior
1003 966 1117 1034 [est]
1156 985 1306 1031 quam
1343 978 1450 1016 rota
1485 969 1713 1032 figularis.
2115 996 2164 1022 10

211 1061 314 1111 279
341 1050 501 1117 [Vilis,
523 1068 552 1099 a
571 1052 683 1099 villa
699 1069 712 1111 3
737 1049 919 1098 nullius
936 1049 1069 1098 enim
1088 1049 1379 1098 urbanitatis
1399 1048 1510 1116 est.]
1550 1050 1848 1113 Versipellis,
1871 1068 1931 1100 eo
1952 1053 2088 1114 quod

339 1130 390 1178 in
406 1130 597 1179 diversa
617 1132 807 1178 vultum
826 1138 874 1177 et
891 1138 1111 1178 mentem
1128 1138 1296 1177 vertat.
1341 1130 1469 1178 Inde
1489 1138 1537 1178 et
1557 1139 1779 1178 versutus
1800 1138 1848 1178 et
1863 1129 2084 1179 callidus.

335 1212 614 1272 Violentus,
640 1213 756 1274 quia
781 1210 880 1259 vim
908 1211 1066 1259 infert.
1153 1213 1354 1269 Vecors,
1385 1210 1502 1258 mali
1527 1210 1690 1259 cordis
1716 1220 1764 1260 et
1791 1213 1949 1260 malae
1974 1228 2088 1260 con-

204 1303 307 1350 280
333 1293 582 1343 scientiae.
645 1295 826 1355 Vagus,
857 1291 972 1355 quia
998 1292 1104 1341 sine
1130 1294 1221 1341 via.
1264 1295 1435 1341 Vanus
1461 1310 1489 1340 a
1518 1295 1710 1341 Venere
1736 1295 2085 1356 etymologiam

333 1375 492 1425 trahit.
570 1378 699 1424 Item
725 1391 881 1422 vanus
908 1374 1082 1434 inanis,
1112 1376 1356 1435 falsus,eo
1383 1377 1518 1438 quod
1544 1374 1783 1424 memoria
1807 1385 2080 1424 evanescat.
2115 1404 2164 1445 15

219 1467 308 1514 281
332 1462 574 1518 Vesanus,
603 1472 705 1505 non
741 1457 896 1520 probe
922 1473 1086 1506 sanus.
1177 1456 1489 1518 Vinolentus,
1519 1457 1603 1520 qui
1638 1467 1686 1506 et
1723 1458 1838 1506 satis
1874 1456 2000 1505 bibit
2037 1467 2085 1506 et

332 1540 530 1590 difficile
566 1539 847 1588 inebriatur.
923 1541 1154 1598 Vexatus‚
1184 1539 1235 1588 id
1273 1549 1346 1587 est
1375 1548 1595 1603 portatus
1619 1559 1632 1600 ,-
1668 1540 1731 1588 ab
1765 1556 1826 1588 eo
1852 1540 1989 1603 quod
2013 1548 2085 1588 est

333 1624 475 1682 veho,
503 1631 662 1681 vecto,
691 1637 830 1682 vexo,
859 1630 911 1669 ut
938 1637 1138 1670 vexasse
1165 1621 1226 1669 sit
1251 1630 1487 1684 portasse.
1550 1623 1833 1683 Veneficus,
1862 1638 1923 1670 eo
1949 1622 2085 1684 quod

206 1713 305 1761 282
330 1722 578 1754 venenum
635 1703 806 1752 mortis
854 1721 1003 1752 causa
1045 1706 1243 1767 paravit,
1289 1714 1372 1752 aut
1420 1704 1671 1767 praestitit,
1713 1714 1798 1752 aut
1845 1702 2084 1752 vendidit.

331 1791 528 1848 Vector,
558 1786 698 1849 quasi
734 1785 937 1834 vehitor.
1016 1788 1105 1834 Est
1141 1795 1309 1834 autem
1349 1795 1516 1834 vector
1551 1796 1598 1834 et
1632 1786 1716 1848 qui
1751 1786 1883 1835 vehit
1917 1795 1964 1834 et
1998 1785 2082 1848 qui
2109 1813 2158 1841 20

331 1870 534 1919 vehitur.
609 1871 842 1927 Venator,
871 1867 1011 1931 quasi
1037 1867 1371 1927 venabulator,
1400 1885 1430 1916 a
1455 1869 1717 1916 venatione
1755 1867 1955 1927 scilicet,
1983 1884 2083 1930 quo

330 1951 513 2002 bestias
540 1949 731 2014 premit.
796 1952 1044 2011 Quattuor
1067 1958 1233 1998 autem
1261 1959 1375 1997 sunt
1394 1959 1684 1998 venatorum
1711 1949 1871 1998 officia
1895 1969 1904 1997 2
1941 1950 2082 1998 vesti-

329 2045 534 2099 gatores,
563 2034 889 2095 indagatoreS‚
916 2034 1139 2091 alatores,
1169 2048 1432 2094 pressores.

384 2177 407 2201 2
440 2177 464 2202 a
485 2163 577 2201 viro
598 2163 642 2201 K
826 2163 971 2201 Verid.
997 2192 1005 2200 .
1032 2193 1039 2200 .
1060 2193 1068 2202 .
1095 2162 1211 2202 erub.
1243 2176 1325 2201 om.
1350 2162 1391 2199 Β
1416 2163 1518 2214 (non
1544 2161 1584 2215 I)
1772 2163 2011 2202 Veridietus
2033 2163 2082 2202 C¹

328 2230 353 2267 5
389 2224 455 2256 est
483 2231 508 2257 a
537 2231 655 2267 sang.
680 2217 725 2254 K
745 2218 847 2268 (non
866 2218 930 2265 A)
1065 2216 1222 2255 Viridis
1244 2249 1252 2257 .
1275 2249 1284 2258 .
1312 2247 1321 2257 .
1347 2217 1461 2256 rudis
1479 2219 1571 2257 hab.
1604 2217 1744 2268 T(qu.
1765 2219 1803 2256 vi
1831 2231 1891 2257 ru.
1913 2219 1957 2256 in
1978 2219 2082 2270 raS.)

333 2271 474 2311 UVW
487 2277 523 2311 et
543 2274 664 2324 (post
681 2271 821 2321 vivus)
849 2271 949 2310 CX:
980 2285 1062 2310 om.
1087 2271 1244 2309 ABJK
1332 2273 1373 2310 vi
1395 2272 1534 2324 rudis]
1555 2273 1702 2312 viridis
1725 2272 1760 2311 C
1866 2275 1893 2312 6
1920 2272 2082 2320 Vivens

327 2328 449 2367 vivus
470 2327 561 2366 hab.
588 2327 842 2367 ABCIUV:
875 2340 958 2365 om.
982 2325 1071 2364 ΚΤ
1222 2340 1243 2375 7
1276 2327 1402 2366 huius
1422 2327 1463 2366 A
1632 2341 1659 2377 9
1698 2334 1808 2367 torta
1829 2326 1876 2364 K
1894 2328 1996 2378 (non
2016 2328 2080 2367 Al

332 2396 381 2421 10
419 2387 483 2420 est
511 2382 605 2421 hab.
636 2380 946 2420 BCIT1U2W:
988 2394 1070 2420 om.
1104 2381 1303 2419 AKUlV
1459 2383 1647 2432 figuralis
1675 2382 1789 2421 AT:
1833 2381 2014 2432 figulalis
2042 2382 2083 2420 Β

329 2438 434 2489 (non
460 2437 504 2486 I)
676 2450 721 2475 11
753 2436 859 2475 Vilis
884 2467 892 2476 .
917 2468 925 2476 .
951 2467 959 2475 .
992 2436 1079 2475 urb.
1113 2443 1178 2475 est
1206 2437 1299 2476 hab.
1332 2436 1366 2475 C
1392 2437 1507 2486 (ante
1529 2437 1693 2487 Varius,
1721 2441 1740 2484 ξ
1773 2439 1869 2488 277)
1906 2436 1959 2476 T:
1995 2450 2079 2475 om.

327 2489 616 2530 ABIKUVX
777 2492 864 2530 urb.
888 2497 953 2530 est
973 2491 1105 2529 Vivus
1127 2491 1162 2529 C
1354 2504 1402 2540 13
1432 2491 1536 2543 vim]
1558 2492 1668 2530 viam
1698 2491 1735 2529 T
1873 2491 2017 2530 inferit
2038 2491 2084 2529 K

328 2546 425 2585 mali
443 2559 584 2585 conse.
620 2545 658 2583 T
767 2546 1029 2585 conscientia
1049 2545 1096 2584 K
1260 2557 1307 2595 15
1338 2546 1449 2584 idem
1471 2545 1518 2584 K
1637 2546 1865 2585 memoriae
1889 2545 1987 2596 (-ie)
2011 2558 2074 2584 ev.

327 2600 439 2640 KT:
473 2602 595 2639 —riam
626 2614 692 2641 ev.
722 2600 764 2638 Β
795 2601 898 2653 (non
926 2600 969 2653 I)
1126 2602 1174 2638 16
1213 2613 1298 2639 non
1328 2613 1459 2649 prove
1498 2600 1575 2639 TI:
1615 2614 1700 2639 non
1733 2613 1810 2651 pro
1844 2600 1911 2639 U:
1949 2613 2077 2650 porro

327 2653 532 2695 AC¹KB2
553 2655 626 2706 (Β1
649 2668 688 2694 n.
705 2656 755 2703 l.)
839 2655 937 2706 quia
958 2661 1000 2694 et
1022 2655 1072 2694 C1
1186 2656 1235 2694 18
1263 2661 1388 2693 vecto
1407 2668 1488 2695 om.
1513 2655 1554 2693 Β
1577 2656 1679 2706 (non
1699 2656 1742 2707 I>
1861 2668 1910 2703 19
1940 2655 2077 2704 paruit

336 2710 374 2748 T
511 2722 565 2748 20
594 2723 661 2759 qu.
682 2711 836 2749 veitior
858 2709 907 2749 C1
1055 2710 1153 2759 quia
1174 2710 1287 2748 vehit
1309 2708 1356 2746 K
1498 2723 1547 2748 21
1579 2710 1681 2761 quo]
1710 2710 1822 2759 quod
1844 2708 1890 2747 K
1909 2713 2010 2759 (non
2031 2709 2080 2759 I).

328 2779 380 2805 22
409 2764 569 2803 bectias
593 2763 642 2803 C¹
755 2770 977 2803 ventorum
997 2765 1066 2804 off.
1094 2764 1145 2803 Cl
