2176 3424
498 68 1129 121 ETVMOLOGIARVM
1171 66 1300 112 LIB.
1343 64 1433 111 XI.
1477 58 1491 107 i

121 208 183 256 ab
209 224 306 267 ore,
335 222 394 255 eo
419 206 554 268 quod
580 202 648 252 ibi
682 210 894 265 pateant.
968 200 1099 246 Nam
1131 195 1316 258 ubique
1347 202 1461 242 cute
1491 189 1862 252 visceribusque

121 289 321 337 obtecta
353 289 583 336 celantur.
660 284 884 332 Medulla
913 280 1173 343 appellata,
1204 277 1340 340 quod
1368 272 1698 323 madefaciant
1724 288 1834 320 ossa
1854 287 1866 329 3
1890 271 1959 335 87

121 369 329 434 inrigant
355 367 487 417 enim
521 375 569 416 et
600 366 890 414 confortant.
966 360 1223 410 Vertibula
1254 366 1367 406 sunt
1399 372 1622 405 summae
1660 369 1862 403 ossuum
1930 345 1933 349 ’

122 461 279 514 partes
322 449 467 499 nodis
506 446 819 497 crassioribus
860 443 1199 506 conglobatae,
1228 439 1390 489 dictae
1426 437 1493 486 ita
1535 453 1595 486 eo
1629 436 1766 498 quod
1802 434 1866 482 ad

77 558 98 597 5
120 531 434 582 inflexionem
498 529 831 579 membrorum
890 527 971 573 illa
1019 531 1282 572 vertantur.
1377 516 1702 580 Cartilagines
1756 531 1866 563 ossa
1890 509 1954 556 88

122 613 289 662 mollia
314 624 361 662 et
388 613 492 662 sine
519 612 746 670 medulla,
776 609 911 671 quod
941 622 1096 670 genus
1122 603 1368 653 auriculae
1399 610 1447 650 et
1481 598 1672 648 narium
1705 595 1868 646 discri-

122 713 237 744 men
265 706 312 744 et
349 704 594 744 costarum
629 689 959 740 extremitates
993 687 1180 735 habent
1200 705 1212 746 3
1249 687 1349 733 sive
1385 683 1617 746 opercula
1647 696 1864 736 ossuum,

122 794 248 839 quae
309 785 579 825 moventur.
671 775 734 821 Et
794 771 955 820 dictae
1004 767 1310 830 cartilagines
1359 766 1496 828 quod
1544 764 1641 811 leni
1701 759 1866 809 attritu

122 868 287 907 carent
313 859 534 907 dolorem
560 858 679 905 dum
715 855 990 902 flectuntur.
1055 852 1231 900 Costas
1269 844 1503 912 appellari
1541 843 1743 907 quidam
1783 859 1867 906 pu·
1893 843 1962 902 89

55 962 99 989 ιο
122 949 226 988 tant
251 941 387 1003 quod
412 939 475 987 ab
501 940 617 1001 ipsis
643 936 872 984 interiora
911 931 1266 988 custodiantur,
1297 938 1344 977 et
1372 937 1476 977 tota
1503 924 1730 975 mollities
1757 941 1868 972 ven-

121 1020 202 1069 tris
246 1023 421 1069 vallata
461 1022 684 1068 salvetur.
759 1019 923 1076 Latus,
958 1014 1072 1078 quia
1114 1011 1388 1061 iacentibus
1430 1008 1574 1057 nobis
1609 1009 1755 1056 latet:
1795 1016 1867 1054 est
1895 1015 1966 1063 90

121 1104 252 1151 enim
279 1104 415 1152 laeva
449 1119 556 1166 pars
583 1099 814 1164 corporis.
890 1100 1076 1145 Dextro
1110 1104 1277 1144 autem
1304 1091 1441 1141 lateri
1468 1089 1678 1139 habilior
1704 1098 1867 1136 motus

121 1194 194 1233 est
216 1203 228 1244 ,·
265 1187 402 1233 laevo
428 1183 610 1241 fortior,
639 1192 686 1230 et
720 1178 856 1230 oneri
887 1179 1092 1228 ferendo
1117 1172 1563 1225 adcommodatior.
1636 1171 1784 1219 Vnde
1821 1179 1868 1218 et

121 1269 257 1316 laeva
283 1275 578 1329 nuncupata,
609 1265 743 1327 quod
774 1261 931 1325 aptior
969 1259 1028 1308 sit
1059 1260 1122 1308 ad
1160 1258 1426 1306 levandum
1464 1254 1652 1317 aliquid
1686 1261 1734 1302 et
1764 1269 1870 1315 por-

50 1367 95 1407 15
122 1350 343 1397 tandum.
420 1350 534 1410 Ipsa
566 1345 697 1394 enim
737 1352 894 1407 gestat
927 1341 1155 1404 clipeum,
1194 1355 1377 1397 ensem,
1416 1338 1642 1400 pharetra
1681 1343 1728 1382 et
1766 1332 1869 1382 reli—

122 1447 218 1493 qua
244 1446 404 1488 onera,
434 1438 486 1476 ut
512 1426 738 1491 expedita
765 1425 824 1473 sit
850 1426 1049 1473 dextera
1070 1423 1134 1470 ad
1160 1422 1422 1484 agendum.
1499 1420 1715 1464 Dorsum
1742 1424 1815 1464 est
1840 1433 1868 1462 a
1894 1430 1954 1476 91

121 1513 307 1561 cervice
334 1528 489 1574 usque
514 1511 578 1558 ad
604 1524 757 1558 renes.
818 1505 1021 1554 Dictum
1048 1513 1213 1552 autem
1236 1502 1438 1550 dorsum
1467 1499 1604 1561 quod
1630 1497 1689 1546 sit
1707 1513 1869 1560 super-

123 1595 255 1642 ficies
282 1592 447 1641 durior
472 1590 690 1655 corporis
716 1590 766 1637 in
797 1589 1003 1636 modum
1031 1584 1145 1644 saxi,
1168 1582 1304 1632 fortis
1331 1591 1378 1631 et
1404 1581 1468 1630 ad
1494 1580 1793 1643 portandum
1821 1590 1868 1627 et

122 1676 185 1724 ad
212 1673 600 1738 perpetiendum.
674 1674 844 1734 Terga,
875 1668 989 1732 quia
1021 1667 1071 1714 in
1106 1683 1163 1714 ea
1193 1662 1355 1727 supini
1390 1662 1607 1711 iacemus
1644 1660 1695 1708 in
1728 1670 1866 1720 terra,
1895 1674 1964 1721 92

50 1780 100 1807 20
125 1757 259 1820 quod
294 1757 426 1805 solus
453 1757 604 1803 homo
631 1762 805 1816 potest.
895 1752 1025 1799 Nam
1056 1757 1194 1796 muta
1219 1746 1452 1794 animalia
1480 1752 1671 1792 tantum
1698 1752 1781 1790 aut
1818 1741 1867 1789 in

123 1847 289 1887 ventre
336 1847 420 1885 aut
468 1837 517 1884 in
566 1838 714 1884 latere
755 1834 930 1882 iacent.
1004 1831 1153 1878 Vnde
1203 1837 1251 1877 et
1300 1827 1350 1875 in
1398 1824 1695 1874 animalibus
1736 1833 1869 1886 terga

121 1919 322 1969 abusive
347 1918 592 1968 dicuntur.
680 1917 904 1979 Scapula.
934 1952 943 1961 .
975 1951 983 1960 .
1013 1950 1022 1959 .
1051 1909 1447 1971 Interscapilium
1475 1905 1705 1970 spatium,
1732 1906 1867 1968 quod
1891 1919 1958 1965 93

121 2003 246 2050 inter
266 2003 487 2064 scapulas
507 2010 595 2059 est,
618 2000 750 2047 unde
778 2007 824 2046 et
850 1996 1176 2044 nominatum.
1231 1992 1377 2039 Palae
1403 1998 1516 2037 sunt
1543 1986 1674 2037 dorsi
1700 1989 1868 2036 dextra
1894 2003 1964 2050 94

120 2083 356 2146 laevaque
382 2080 650 2131 eminentia
676 2078 910 2137 membra,
932 2076 1064 2126 dicta
1084 2075 1221 2137 quod
1246 2071 1296 2120 in
1322 2071 1560 2120 luctando
1587 2086 1668 2118 eas
1695 2068 1869 2132 premi-

48 2185 96 2226 25
122 2181 229 2212 mus
249 2183 261 2225 3
297 2165 433 2227 quod
477 2162 652 2213 Graeci
694 2164 852 2224 πάλην
890 2158 1078 2208 dicunt.
1165 2151 1317 2218 Spina
1355 2163 1426 2202 est
1460 2152 1686 2200 iunctura
1719 2149 1864 2209 dorsi,
1892 2159 1962 2209 95

121 2245 252 2294 dicta
268 2262 328 2294 6ο
345 2246 481 2308 quod
493 2246 678 2307 ,habeat
703 2242 916 2292 radiolos
936 2249 1108 2289 acutos
1130 2256 1144 2299 3
1180 2236 1319 2285 cuius
1340 2235 1595 2283 iuncturae
1622 2231 1868 2296 spondilia

119 2329 426 2390 appellantur
461 2336 657 2389 propter
691 2334 877 2388 partem
908 2319 1108 2379 cerebri,
1137 2335 1263 2382 quae
1298 2319 1447 2366 fertur
1483 2333 1569 2379 per
1602 2332 1687 2364 eos
1718 2316 1868 2378 longo

120 2418 274 2458 tractu
300 2409 362 2457 ad
389 2418 574 2456 ceteras
591 2405 808 2469 corporis
834 2413 1010 2468 partes.
1067 2403 1215 2450 Sacra
1232 2399 1373 2462 spina
1393 2408 1463 2447 est
1485 2397 1582 2445 ima
1602 2406 1868 2459 perpetuae
1895 2401 1967 2460 96

179 2550 195 2577 ζ
229 2548 410 2588 namque
432 2538 496 2577 ub.
521 2537 554 2575 C
663 2549 686 2572 2
717 2540 827 2573 tecta
849 2531 893 2571 K
1004 2530 1250 2569 madefaciat
1267 2528 1300 2567 C
1409 2541 1432 2576 4
1466 2525 1638 2566 notisK
1748 2537 1867 2574 gros-

119 2594 297 2634 sioribus
319 2593 360 2632 Β
484 2591 563 2642 ita]
586 2591 724 2640 itaque
745 2589 784 2626 Β
909 2586 1043 2637 quod]
1067 2598 1174 2635 quae
1195 2585 1234 2622 Β
1404 2596 1423 2631 7
1455 2583 1583 2621 habet
1613 2580 1649 2618 T
1752 2579 1863 2629 sive]

121 2649 199 2688 sibi
220 2647 266 2686 K
399 2658 426 2695 9
456 2646 574 2697 dum]
597 2658 678 2694 quo
698 2644 738 2681 Β
880 2656 922 2680 11
957 2646 1151 2680 servetur
1171 2638 1215 2677 K
1327 2639 1417 2676 Lat.
1443 2637 1556 2686 quod
1577 2635 1806 2674 latentibus
1825 2633 1866 2671 Β

126 2713 174 2742 12
194 2704 344 2742 dextra
366 2701 434 2739 ΤΒ
543 2701 675 2738 latere
695 2699 734 2736 Β
849 2709 896 2745 13
919 2697 1040 2734 laevo
1060 2694 1155 2744 (le-)
1173 2692 1270 2732 CT:
1292 2694 1410 2732 laeva
1429 2691 1526 2741 (le-)
1542 2690 1629 2729 ΒΚ
1711 2688 1864 2726 honori

121 2755 161 2796 Β
244 2757 436 2796 feriendo
459 2755 495 2792 T
600 2765 647 2802 15
667 2753 908 2803 pharetram
926 2751 960 2790 C
1072 2762 1118 2798 17
1140 2749 1278 2787 dictus
1299 2761 1364 2786 au.
1383 2748 1532 2786 dorsus
1554 2743 1642 2782 KT
1753 2744 1800 2781 18
1820 2742 1863 2779 in

123 2826 203 2851 om.
222 2811 267 2849 K
351 2824 398 2860 19
419 2824 487 2859 qu.
506 2809 547 2847 in
562 2808 712 2857 supino
730 2807 803 2846 iac.
822 2806 866 2844 K
880 2806 983 2855 (non
998 2803 1057 2853 D>
1144 2815 1197 2841 20
1212 2801 1364 2853 anim.]
1380 2801 1460 2840 alia
1474 2800 1514 2838 Β
1596 2808 1643 2836 21
1664 2797 1760 2836 etin
1776 2809 1860 2836 om.

133 2864 186 2905 T:
213 2873 256 2905 et
272 2879 354 2904 om.
370 2864 458 2902 ΒΚ
474 2867 574 2915 gnon
596 2862 655 2912 D)
770 2874 820 2898 22
853 2858 1203 2908 Interscapulium
1232 2855 1286 2895 T:
1311 2854 1635 2903 luten-scaplium
1655 2851 1772 2890 BK:
1795 2851 1868 2889 In-

126 2920 406 2969 terscapilium
424 2919 458 2957 C
593 2930 644 2965 23
675 2915 804 2966 Palpe
822 2914 867 2953 K
1002 2926 1051 2961 24
1083 2911 1214 2962 quod]
1236 2910 1333 2960 quia
1352 2910 1392 2948 Β
1529 2919 1582 2958 25
1612 2906 1726 2956 palin
1747 2905 1860 2945 codd.

127 2973 228 3013 Sina
249 2973 294 3012 K
401 2975 453 3012 26
484 2970 717 3023 spondolae
739 2967 783 3007 K
891 2981 940 3016 27
970 2979 1047 3017 per
1068 2979 1116 3005 os
1137 2965 1206 3004 K:
1235 2978 1319 3004 om.
1339 2964 1378 3003 Β
1490 2964 1543 3000 28
1573 2965 1778 3013 perpetua
1795 2960 1840 2999 K

954 3065 1028 3097 132
