2228 3444
118 614 148 662 „5

103 1031 152 1058 10

106 1848 155 1876 20

418 143 1054 192 ETYMOLOGIARVM
1095 141 1221 189 LIB.
1261 142 1360 188 ΙΙΙ.
1398 139 1670 188 xxxiv—xliii

309 278 392 324 DE
417 288 625 323 GEMINA
653 287 803 321 FACIE
827 286 992 320 CAELI.
1069 272 1240 320 Facies
1260 270 1383 319 caeli
1402 272 1479 319 vel
1497 279 1646 334 caput
1672 271 1919 319 orientalis
1945 283 2042 322 XLI

173 359 319 420 regio,
347 357 521 404 ultima
547 352 956 417 septentrionalis.
1033 355 1111 401 De
1137 369 1234 415 qua
1262 353 1492 400 Lucanus
1520 351 1585 416 (4,
1611 351 1753 416 106):

344 438 456 486 -Sic
493 435 667 484 mundi
703 451 814 498 pars
851 436 950 482 ima
986 433 1125 494 iacet,
1165 450 1315 496 quam
1352 436 1488 481 Zona
1525 432 1696 480 nivalis

374 526 741 581 perpetuaeque
778 524 1009 579 premunt
1046 514 1249 564 hiemes.

311 601 392 648 DE
435 613 712 656 QVATTvoR
757 611 1006 645 PARTIBVS
1055 611 1223 646 CAELI.
1297 595 1512 645 Climata
1560 594 1696 654 caeli,
1749 596 1799 642 id
1848 603 1921 643 est
1946 608 2066 646 XLII

173 684 344 746 plagae
370 683 446 730 vel
471 690 645 743 partes,
675 688 906 742 quattuor
931 687 1056 738 sunt,
1082 695 1140 727 ex
1165 677 1345 740 quibus
1364 677 1520 740 prima
1539 694 1649 740 pars
1675 675 1922 725 orientalis

175 774 264 824 est,
294 765 429 811 unde
463 763 657 824 aliquae
693 763 861 810 stellae
896 760 1131 808 oriuntur.
1206 761 1437 808 Secunda
1470 758 1813 817 occidentalis,
1837 758 1922 805 ubi

174 846 320 895 nobis
345 844 539 907 aliquae
570 845 739 892 stellae
771 842 1020 891 occidunt.
1094 843 1263 890 Tertia
1293 838 1708 904 septentrionalis,
1728 840 1814 887 ubi
1849 841 1922 886 sol

174 926 395 992 pervenit
430 925 480 972 in
518 925 695 973 diebus
733 923 1015 972 maioribus.
1093 925 1281 984 Quarta
1316 923 1553 981 australis,
1590 921 1676 970 ubi
1710 922 1784 969 sol
1821 937 1925 983 per-

176 1008 308 1058 venit
343 1006 575 1055 noctibus
615 1005 895 1054 maioribus.
969 1004 1146 1054 Oriens
1184 1014 1350 1053 autern
1389 1004 1452 1052 ab
1490 1013 1660 1051 exortu
1698 1003 1814 1051 solis
1852 1012 1924 1052 est
1948 1019 1976 1052 2

175 1098 502 1153 nuncupatus⁸
600 1087 863 1147 Occidens,
916 1089 1052 1150 quod
1112 1086 1244 1136 diem
1294 1086 1439 1134 faciat
1494 1087 1722 1134 occidere
1776 1094 1924 1147 atque

174 1171 382 1220 interire.
458 1170 738 1218 Abscondit
764 1169 897 1217 enim
932 1171 1100 1217 lumen
1135 1170 1325 1217 mundo
1363 1177 1410 1217 et
1444 1166 1672 1215 tenebras
1710 1166 1926 1230 superin-

175 1252 325 1300 ducit.
398 1253 678 1315 Septentrio
715 1260 882 1300 autem
919 1268 948 1298 a
985 1260 1173 1313 septem
1213 1249 1364 1298 stellis
1401 1249 1502 1297 axis
1540 1257 1757 1307 vocatus,
1797 1265 1924 1310 quae

175 1334 226 1381 in
265 1336 371 1397 ipso
408 1335 657 1383 revolutae
694 1342 930 1381 rotantur.
1003 1332 1105 1380 Hic
1138 1331 1332 1395 proprie
1370 1340 1418 1379 et
1451 1340 1616 1379 vertex
1652 1329 1830 1378 dicitur
1864 1347 1923 1377 eo

177 1417 312 1478 quod
349 1415 564 1464 vertitur.
638 1414 875 1463 Meridies
912 1424 1078 1463 autem
1113 1423 1300 1472 vocata,
1334 1415 1410 1462 vel
1448 1414 1563 1475 quia
1599 1412 1667 1460 ibi
1701 1414 1774 1460 sol
1808 1414 1922 1460 facit
1946 1433 1975 1478 3

178 1498 399 1546 medium
419 1497 552 1546 diem
573 1498 713 1559 quasi
735 1496 990 1554 medidies,
1013 1498 1090 1544 vel
1111 1497 1226 1558 quia
1246 1505 1364 1543 tunc
1384 1494 1552 1557 purius
1575 1493 1722 1541 micat
1739 1495 1919 1542 aether.

178 1583 375 1629 Merum
424 1579 556 1628 enim
600 1595 776 1641 purum
820 1578 1012 1626 dicitur.
1088 1579 1212 1626 Sunt
1261 1587 1308 1625 et
1351 1575 1446 1624 alia
1488 1586 1676 1638 septem
1727 1575 1974 1640 climata4

178 1661 314 1721 caeli,
342 1661 482 1724 quasi
508 1670 698 1723 septem
724 1659 884 1708 lineae
909 1660 972 1707 ab
993 1658 1182 1708 oriente
1208 1658 1258 1705 in
1279 1658 1606 1718 occidentem,
1627 1657 1719 1705 sub
1746 1657 1926 1720 quibus

179 1753 227 1792 et
252 1759 412 1791 mores
446 1741 706 1789 hominum
738 1740 956 1803 dispares
993 1750 1143 1803 atque
1172 1739 1404 1787 animalia
1437 1738 1713 1801 specialiter
1737 1738 1928 1787 diversa

179 1834 461 1884 nascuntur,
480 1840 608 1887 quae
624 1832 798 1872 vocata
815 1832 928 1871 sunt
945 1840 973 1870 a
989 1824 1109 1870 locis
1127 1822 1427 1885 quibusdam
1450 1822 1647 1868 famosis
1667 1839 1678 1880 3
1716 1837 1925 1882 quorum

179 1908 391 1970 primurn
425 1916 498 1954 est
533 1907 733 1964 Merois,
771 1906 1047 1953 secundum
1082 1906 1260 1967 Syene,
1289 1905 1485 1951 tertium
1521 1902 1840 1962 Catachoras,
1877 1901 1927 1949 id

179 1998 252 2037 est
290 1987 472 2047 Africa,
508 1997 736 2050 quartum
787 1987 1017 2046 Rhodus,
1054 1985 1282 2048 quintum
1324 1986 1698 2046 Hellespontus,
1736 1993 1926 2031 sextum

181 2073 558 2132 Mesopontum,
585 2067 849 2131 septimum
878 2069 1226 2115 Borusthenes.

318 2153 400 2199 DE
427 2164 857 2197 HEMISPHAERIIS.
934 2149 1316 2211 Hemisphaeria
1337 2146 1543 2196 dimidia
1562 2162 1672 2210 pars
1693 2147 1929 2209 sphaerae
1954 2152 2099 2191 XLIII

241 2293 258 2318 1
295 2280 441 2318 Facies
468 2280 574 2318 caeli
605 2279 673 2317 vel
697 2293 781 2317 om.
815 2278 860 2314 K
885 2277 1008 2316 Plzz'll.
1048 2279 1145 2327 1831
1181 2277 1282 2330 (non
1302 2277 1366 2325 A)
1535 2291 1560 2326 3
1591 2276 1736 2327 quam]
1768 2276 1863 2326 quia
1889 2277 1929 2313 A

185 2335 311 2386 zona]
343 2334 433 2372 sola
462 2333 651 2372 ABTV:
682 2334 770 2372 sole
789 2332 915 2371 Phill.
943 2334 1071 2382 1831:
1103 2333 1218 2371 sulae
1248 2332 1316 2370 K:
1356 2332 1472 2371 solae
1509 2331 1559 2371 C1
1724 2345 1749 2380 4
1780 2331 1931 2368 hiemis

185 2390 295 2428 BK:
324 2401 444 2439 yems
467 2388 503 2426 T
608 2400 631 2437 5
664 2387 869 2427 Cardines
887 2400 974 2426 cae.
994 2387 1034 2424 A
1152 2400 1173 2436 7
1205 2400 1292 2426 occ.
1308 2392 1373 2426 est
1391 2387 1458 2424 ubi
1481 2386 1518 2424 T
1623 2388 1648 2424 8
1677 2384 1928 2425 occidentA

185 2458 211 2494 9
239 2458 305 2494 qu.
331 2449 473 2483 autem
494 2449 601 2482 aust.
630 2442 666 2481 T
803 2455 852 2481 10
880 2442 1094 2493 noctibus]
1118 2442 1160 2480 in
1183 2441 1472 2480 occidentibus
1494 2440 1677 2479 KPlzill.
1705 2442 1804 2489 1831
1830 2444 1932 2489 (non

187 2499 251 2550 A)
437 2498 667 2537 minoribus
702 2498 747 2535 K
785 2499 886 2549 (non
925 2498 989 2546 A)
1011 2511 1018 2535 ε
1065 2496 1294 2535 maioribus
1335 2497 1393 2547 (ai
1433 2496 1476 2533 in
1516 2501 1622 2544 ras.)
1662 2494 1786 2535 Phill.
1829 2496 1929 2542 1831

187 2559 327 2592 autem
349 2565 432 2591 om.
456 2552 501 2590 K
517 2552 643 2591 Phill.
670 2555 770 2602 1831
795 2553 895 2602 <non
918 2551 981 2602 A)
1214 2564 1258 2589 11
1293 2552 1384 2589 dies
1406 2550 1450 2587 K
1466 2549 1592 2590 Phill.
1617 2550 1716 2598 1831
1744 2550 1847 2600 (non
1868 2549 1931 2596 A)

194 2622 240 2646 12
272 2608 453 2646 mundus
467 2607 511 2644 K
525 2610 628 2658 (non
644 2606 708 2659 A)
799 2620 847 2655 13
877 2606 1156 2656 septemtrion
1171 2606 1212 2643 A
1234 2620 1242 2645 :
1272 2605 1616 2656 septentrionalis
1631 2604 1675 2641 K
1687 2603 1811 2642 Phili.
1829 2604 1929 2651 1831

189 2667 364 2702 vocatur
384 2661 429 2699 K
448 2661 552 2713 (non
574 2661 636 2710 A)
780 2662 850 2711 qui
872 2661 913 2699 Β
931 2676 938 2699 :
973 2674 1164 2711 quaeque
1191 2660 1226 2697 A
1436 2673 1484 2709 14
1515 2672 1566 2698 eo
1588 2659 1700 2708 quod
1721 2664 1828 2700 vert.
1849 2671 1931 2695 om.

191 2717 237 2755 K
253 2716 377 2756 Phill.
403 2718 502 2765 1831
528 2716 630 2766 (non
651 2715 715 2762 A)
907 2728 954 2765 15
986 2720 1162 2754 vocatur
1182 2715 1280 2764 quia
1299 2714 1367 2753 K:
1397 2720 1570 2753 vocatus
1590 2714 1659 2762 qui
1679 2712 1804 2751 Plzill.
1832 2713 1930 2760 1831

196 2773 244 2811 16
274 2771 384 2810 diem
407 2785 490 2810 om.
511 2770 546 2809 C
565 2771 665 2821 (non
684 2770 746 2823 A)
864 2783 910 2820 17
942 2769 1073 2821 enim]
1097 2775 1239 2808 autem
1262 2769 1305 2806 K
1327 2770 1428 2822 (non
1448 2769 1510 2819 A)
1625 2780 1772 2817 parum
1793 2767 1832 2806 d.
1857 2765 1906 2804 Cl
1927 2780 1935 2804 :

194 2828 232 2866 d.
256 2839 326 2876 pu.
350 2826 391 2864 A
565 2839 614 2874 19
654 2825 856 2875 specialia
877 2825 922 2862 K
937 2825 1062 2864 Phill.
1091 2825 1191 2872 1831
1219 2826 1319 2874 (non
1339 2823 1402 2874 A)
1548 2836 1600 2861 20
1629 2821 1814 2860 vocitata
1835 2826 1935 2858 sunt

197 2879 495 2920 Cassiodorus:
524 2885 729 2918 vocantur
749 2879 794 2917 K
809 2879 935 2918 Phill.
958 2881 1058 2929 1831
1083 2879 1185 2928 (non
1207 2878 1270 2927 A>
1481 2890 1530 2916 21
1565 2876 1737 2927 Merois]
1762 2875 1874 2914 aeris
1895 2874 1940 2911 K

195 2935 318 2975 Phill.
346 2935 445 2984 1831
467 2949 476 2974 ε
505 2934 620 2973 erois
638 2934 679 2972 A
786 2933 952 2985 Syene]
973 2933 1121 2984 soynis
1149 2932 1206 2970 T:
1236 2933 1329 2971 soni
1352 2932 1397 2970 K
1414 2931 1538 2971 Phile.
1564 2933 1663 2979 1831
1686 2944 1694 2967 τ
1723 2928 1856 2968 soinis
1879 2929 1936 2968 C:

197 2990 327 3029 sornis
347 2989 412 3028 B:
441 2990 562 3028 sonis
581 2989 622 3026 A
756 2995 976 3038 catagoras
998 2988 1043 3026 K
1058 3002 1066 3026 :
1097 2993 1315 3026 catacoras
1335 2987 1376 3025 Β
1394 3001 1401 3025 :
1432 2987 1683 3035 cathogoras
1707 2983 1740 3022 C
1756 2998 1764 3022 :
1794 2984 1936 3022 catho-

200 3056 322 3083 coras
349 3043 386 3081 T
547 3056 599 3093 23
630 3049 926 3093 mesopontum
947 3056 1029 3083 om.
1055 3042 1100 3080 K
1115 3041 1241 3080 Phill.
1270 3043 1372 3094 1831
1397 3041 1499 3093 (non
1519 3041 1582 3092 A)
1713 3039 1939 3077 brustenus

199 3097 332 3137 ΑΒΚ
337 3097 374 3137 T
386 3097 510 3139 Phill.
537 3099 634 3148 1831
659 3098 899 3161 :xbrutenus
922 3097 957 3136 C
