2176 3424
506 106 1138 155 ETYMOLOGIARVM
1179 107 1308 155 LIB.
1351 108 1439 155 IX.
1481 107 1545 155 vii

151 236 305 283 fuerat
337 250 429 283 nee
462 234 623 282 futura
656 243 758 283 erat
791 233 948 283 carnis
983 236 1081 283 ulla
1115 234 1417 284 commixtio.
1493 237 1692 299 Nuptae
1717 235 1894 296 dictae,
1919 251 1978 287 10

149 316 283 378 quod
310 316 469 365 vultus
493 332 608 364 suos
634 318 809 365 velent.
862 318 1177 366 Translatum
1198 334 1380 367 nornen
1405 334 1435 366 a
1459 317 1691 378 nubibus,
1715 317 1895 382 quibus

147 396 324 460 tegitur
348 398 555 445 caelum.
626 399 775 447 Vnde
810 405 858 447 et
887 398 1089 462 nuptiae
1123 400 1366 460 dicuntur,
1407 401 1545 463 quod
1578 399 1647 448 ibi
1681 399 1894 463 primum

148 478 443 528 nubentium
491 480 652 542 capita
692 481 926 528 velantur.
1023 481 1296 531 Obnubere
1344 481 1477 530 enim
1515 481 1769 546 cooperire
1805 491 1892 531 est.

103 581 124 621 5
150 560 302 611 Cuius
339 562 580 609 contraria
614 560 815 622 innuba,
854 563 951 610 hoe
988 571 1061 611 est
1090 562 1311 626 innupta,
1349 580 1476 626 quae
1506 565 1671 613 adhuc
1704 565 1894 613 vultum
1918 575 1966 609 11

147 658 290 690 suum
316 659 418 690 non
443 644 584 691 velat.
645 644 834 691 onres
859 651 1075 702 vocatae,
1105 643 1246 707 quasi
1270 643 1513 694 unxiores.
1578 644 1734 695 Moris
1760 646 1893 695 enim
1916 663 1971 698 12

147 732 249 772 erat
284 723 554 787 antiquitus
591 733 644 772 ut
681 725 926 773 nubentes
965 727 1158 788 puellae
1201 725 1347 774 simul
1383 727 1605 776 venirent
1641 729 1706 776 ad
1743 729 1895 777 limen

147 804 319 866 mariti,
348 814 395 854 et
420 814 599 869 postes,
627 814 895 868 antequam
921 805 1305 870 ingrederentur,
1328 818 1558 857 ornarent
1583 808 1738 858 laneis
1762 810 1895 859 vittis

146 896 194 936 et
230 889 342 937 oleo
377 897 663 950 unguerent.
752 890 816 936 Et
863 888 980 938 inde
1015 906 1190 938 uxores
1227 889 1402 950 dictae,
1448 892 1588 954 quasi
1637 891 1895 941 unxiores:

75 988 125 1015 10
147 986 273 1032 quae
297 968 412 1018 ideo
436 969 728 1017 vetabantur
752 968 922 1018 limina
941 972 1143 1030 calcare,
1166 972 1301 1034 quod
1327 972 1424 1019 illic
1449 973 1626 1022 ianuae
1651 982 1699 1022 et
1716 983 1894 1023 coeant

145 1059 193 1099 et
218 1059 516 1114 separentur.
590 1053 820 1099 Matrona
844 1061 917 1100 est
943 1068 1071 1115 quae
1095 1052 1193 1101 iam
1218 1052 1398 1116 nupsit,
1421 1063 1469 1103 et
1494 1053 1627 1103 dicta
1652 1064 1889 1118 matrona,
1916 1078 1970 1125 13

147 1131 286 1195 quasi
325 1142 479 1181 mater
526 1132 640 1193 nati,
683 1135 759 1182 vel
798 1133 914 1196 quia
955 1133 1052 1182 iam
1096 1144 1250 1184 mater
1289 1135 1391 1185 fieri
1434 1145 1610 1199 potest,
1661 1139 1796 1188 unde
1845 1149 1893 1188 et

147 1213 512 1263 matrimonium
539 1216 743 1263 dictum.
817 1215 1147 1279 Distinguitur
1175 1225 1341 1266 autem
1378 1219 1506 1267 inter
1534 1227 1810 1269 matronam
1845 1231 1894 1271 et

147 1305 366 1356 matrem,
395 1305 443 1345 et
477 1306 683 1345 matrem
717 1305 766 1346 et
804 1298 1235 1347 matremfamilias.
1311 1301 1442 1348 Nam
1479 1308 1747 1360 matronae,
1777 1299 1892 1363 quia

75 1396 122 1437 15
147 1377 242 1426 iam
280 1378 331 1426 in
373 1378 740 1427 matrimonium
783 1389 1151 1429 convenerunt:
1201 1389 1396 1442 matres,
1436 1380 1552 1444 quia
1586 1391 1892 1445 genuerunt:

146 1460 547 1519 matresfamilias,
560 1462 675 1523 quia
689 1477 776 1524 per
786 1462 1036 1523 quandam
1054 1461 1170 1511 iuris
1187 1464 1571 1512 sollemnitatem
1588 1463 1640 1512 in
1656 1463 1892 1513 familiam

145 1541 302 1590 mariti
328 1542 634 1591 transierunt.
689 1543 1023 1606 Monogamus
1049 1543 1226 1604 dictus,
1248 1546 1364 1608 quia
1379 1544 1465 1593 uni
1488 1554 1682 1595 tantum
1708 1546 1892 1610 nupsit.
1917 1557 1972 1604 14

146 1626 306 1674 Μόνον
332 1624 465 1673 enim
494 1626 628 1688 apud
658 1626 875 1674 Graecos
914 1642 1068 1674 unum
1106 1626 1297 1687 dicitur,
1335 1628 1485 1693 γάμος
1516 1627 1718 1691 nuptiae
1751 1627 1894 1678 inter-

144 1714 407 1770 pretantur.
482 1707 721 1770 Digamus
746 1716 912 1756 autem
939 1716 986 1756 et
1019 1707 1253 1771 trigamus
1283 1726 1311 1757 a
1341 1726 1550 1759 numero
1580 1727 1787 1759 uxorum
1813 1728 1893 1760 vo·
1917 1721 1971 1771 15

73 1807 123 1835 20
144 1796 295 1847 catus,
323 1787 462 1851 quasi
498 1789 706 1848 duabus,
734 1790 811 1837 vel
844 1788 998 1837 tribus
1036 1789 1254 1839 maritus.
1328 1790 1495 1840 Vidua
1530 1802 1717 1854 vocata,
1754 1794 1892 1856 quod
1916 1797 1976 1844 16

144 1886 258 1918 cum
283 1869 387 1918 viro
411 1871 513 1919 duo
537 1887 638 1920 non
664 1871 821 1930 fuerit,
844 1887 936 1920 nec
962 1870 1090 1919 circa
1115 1871 1419 1922 consortium
1444 1874 1642 1922 alterius
1668 1873 1755 1923 viri
1780 1883 1893 1938 post

145 1960 352 2001 mortem
378 1951 600 2016 coniugis
625 1951 769 2015 primi
793 1952 1082 2001 adhaeserit.
1157 1955 1288 2002 Nam
1315 1970 1442 2017 quae
1466 1955 1604 2004 alteri
1630 1965 1742 2019 post
1768 1973 1893 2005 mor-

143 2042 243 2082 tem
280 2033 449 2096 prioris
486 2032 572 2082 viri
608 2032 878 2096 nupserint,
914 2033 1092 2083 viduae
1125 2051 1228 2083 non
1260 2035 1503 2085 dicuntur.
1582 2038 1710 2086 Item
1742 2037 1893 2088 vidua

201 2175 218 2200 1
252 2162 364 2214 erat]
387 2167 452 2201 est
473 2162 524 2202 Cl
688 2161 791 2214 ulla]
813 2161 884 2201 illa
909 2161 946 2201 T
1127 2164 1324 2204 dicuntur
1344 2164 1386 2203 Β
1562 2166 1617 2206 di.
1643 2179 1695 2206 eo
1714 2167 1827 2217 quod
1849 2167 1895 2206 K

144 2230 169 2255 2
189 2217 418 2257 translatus
443 2217 481 2256 T
584 2229 609 2266 3
629 2222 785 2267 nuptae
807 2217 907 2268 (-te)
931 2216 976 2255 K
982 2217 1021 2257 T
1140 2233 1164 2267 4
1185 2220 1382 2258 velentur
1402 2219 1449 2258 K
1555 2232 1580 2270 5
1602 2221 1681 2260 Cui
1702 2221 1750 2260 K
1827 2223 1890 2261 in-

145 2272 300 2311 nubiba
323 2271 374 2311 C1
592 2275 619 2310 6
647 2271 762 2310 velet
785 2271 925 2310 Tante
943 2286 1044 2311 corr.
1196 2288 1262 2324 qu.
1290 2276 1462 2314 uxiores
1490 2275 1636 2315 Tante
1656 2289 1754 2316 corr.
1778 2292 1787 2316 ε
1817 2291 1885 2327 qu.

144 2339 329 2365 unxores
347 2324 519 2365 Servius
539 2325 598 2365 ad
613 2325 721 2365 Aen.
738 2340 775 2377 4,
801 2327 881 2376 458
1047 2328 1073 2365 8
1102 2334 1226 2377 potes
1255 2329 1293 2367 T
1305 2334 1401 2368 ante
1418 2343 1518 2369 corr.
1635 2338 1890 2371 ornarentur
1935 2351 1938 2355 ⁷

146 2379 188 2418 Β
424 2394 451 2431 9
482 2380 546 2432 et]
569 2394 592 2419 e
614 2379 661 2418 K
897 2394 946 2420 10
976 2381 1206 2422 utebantur
1232 2384 1269 2422 T
1401 2383 1528 2423 limen
1550 2383 1597 2423 K
1730 2386 1826 2425 illae
1847 2387 1888 2425 Β

148 2448 196 2473 12
226 2434 294 2474 vel
333 2448 415 2474 om.
442 2434 488 2473 K
611 2436 692 2473 iam
713 2448 795 2475 om.
820 2434 866 2473 K
1083 2449 1131 2487 14
1161 2444 1203 2477 et
1224 2444 1399 2477 matrem
1422 2452 1505 2479 om.
1530 2438 1674 2479 BClK
1789 2454 1887 2480 nam

142 2502 224 2528 om.
248 2489 294 2527 K
311 2489 413 2542 (non
433 2490 495 2534 A)
667 2501 714 2538 15
744 2490 822 2529 iam
844 2503 926 2530 om.
948 2489 1037 2529 ΒΚ
1054 2491 1155 2541 (non
1176 2492 1236 2543 A)
1350 2494 1614 2534 matrimonio
1636 2494 1683 2533 K
1804 2509 1882 2535 ma.

142 2557 212 2594 qu.
233 2557 331 2593 gen.
355 2557 437 2583 om.
459 2543 621 2594 K(non
640 2543 704 2595 A)
791 2574 795 2580 .
836 2546 884 2583 16
914 2546 956 2583 in
979 2545 1132 2585 familia
1154 2547 1277 2586 matri
1299 2547 1345 2585 K
1361 2548 1466 2599 (non
1487 2549 1550 2600 A)
1683 2562 1729 2599 17
1761 2551 1886 2590 unius

142 2598 265 2638 BCT
354 2600 402 2637 18
421 2611 494 2649 ap.
511 2597 584 2637 Gr.
604 2611 685 2636 om.
709 2599 765 2636 Β1
848 2598 975 2650 γάμος
995 2613 1036 2639 n.
1056 2601 1084 2639 i.
1107 2614 1188 2640 om.
1209 2600 1369 2654 K(non
1389 2603 1452 2654 A)
1554 2616 1603 2654 19
1626 2603 1824 2643 Dicamus
1844 2611 1886 2645 et

143 2653 184 2691 A
206 2668 216 2693 ε
246 2652 492 2704 Bigammus
513 2666 579 2691 au.
603 2653 670 2691 vel
693 2652 739 2691 K
911 2667 1088 2693 uxorem
1113 2655 1162 2694 Cl
1342 2663 1517 2696 vocatur
1538 2657 1660 2698 C1K:
1679 2665 1885 2698 vocantus

146 2707 239 2760 (sic)
260 2708 302 2747 A
449 2721 502 2746 20
530 2720 598 2757 qu.
625 2736 634 2746 .
657 2736 666 2746 .
691 2738 700 2747 .
726 2720 827 2748 mar.
851 2721 932 2748 om.
959 2708 1006 2746 K
1021 2709 1124 2760 (non
1144 2709 1206 2762 A)
1319 2712 1483 2751 maritis
1502 2712 1559 2751 Β1
1717 2726 1766 2751 21
1800 2714 1885 2753 duo

144 2774 227 2800 non
246 2762 300 2803 fu.
332 2761 385 2803 T²
403 2767 450 2802 ut
468 2761 550 2801 vid.
567 2775 575 2801 :
608 2761 689 2800 duo
710 2762 766 2801 fu.
788 2762 1013 2802 ABCKTl
1131 2764 1257 2804 suerit
1285 2764 1337 2804 Tl
1357 2770 1404 2804 ut
1418 2766 1499 2807 vid.
1523 2781 1532 2806 :
1562 2767 1640 2807 —int
1659 2766 1887 2807 ABCKT2

144 2821 192 2856 ut
208 2816 291 2857 vid.
484 2828 592 2867 quae
613 2822 754 2856 autem
773 2829 853 2856 nec
873 2818 924 2857 ci.
948 2817 995 2856 K
1010 2819 1114 2871 (non
1133 2819 1200 2870 A)
1392 2822 1446 2860 vi.
1470 2835 1578 2872 quae
1599 2827 1695 2872 post
1716 2820 1764 2860 K
1778 2823 1884 2875 (non

143 2871 207 2922 A)
408 2884 461 2910 22
490 2871 596 2910 coni.
625 2901 634 2910 .
662 2901 671 2910 .
698 2903 709 2914 .
730 2877 907 2912 mortem
929 2886 1011 2912 om.
1034 2872 1081 2911 K
1097 2875 1200 2924 (non
1219 2874 1283 2925 A)
1399 2876 1523 2929 adh.]
1547 2877 1705 2917 deserit
1731 2875 1785 2917 Τ2
1807 2877 1884 2928 (Tl

145 2937 188 2964 n.
203 2924 251 2978 l.)
363 2938 415 2976 23
444 2925 682 2976 nupseritT
787 2927 830 2968 it.
852 2927 1005 2968 viduae
1025 2934 1200 2968 vocatae
1222 2927 1269 2967 K
1284 2928 1389 2981 (non
1407 2931 1473 2984 A)

954 3099 1090 3135 CC2
