2176 3424
503 120 1137 170 ETYMOLOGIARVM
1176 123 1303 171 LIB.
1348 124 1437 171 IX.
1477 122 1506 170 ii

136 251 261 300 filius
292 253 394 301 eius
426 250 756 312 Ericthonius,
785 251 966 302 deinde
992 269 1147 316 nepos
1174 253 1276 302 eius
1310 254 1451 315 Tros,
1478 271 1507 304 a
1539 270 1640 318 quo
1673 255 1876 304 Troiani

134 332 403 397 nuncupati
429 343 555 382 sunt.
629 334 832 383 Galatae
857 333 987 383 Galli
1014 350 1119 383 esse
1145 344 1428 394 noscuntur,
1456 335 1541 399 qui
1566 335 1616 385 in
1641 337 1875 386 auxilium
1900 343 1970 391 68

132 433 160 463 a
196 432 306 479 rege
345 415 604 484 Bithyniae
635 415 837 477 evocati,
869 432 1072 479 regnum
1107 433 1220 466 cum
1256 434 1316 467 eo
1349 428 1486 481 parta
1523 418 1723 469 victoria
1760 420 1878 469 divi-

133 506 298 545 serunt
318 515 331 558 ,-
382 496 551 561 sicque
578 495 776 547 'deinde
815 497 1016 547 Graecis
1055 499 1259 548 admixti
1301 501 1515 563 primum
1553 501 1875 565 Gallograeci,

85 595 106 636 5
132 594 263 627 nunc
281 594 339 627 ex
357 579 562 642 antiquo
582 580 837 629 Gallorum
856 579 1057 629 nomine
1075 582 1278 630 Galatae
1295 592 1656 646 nuncupantur.
1700 583 1876 633 Graeci
1899 586 1975 645 69

132 669 246 708 ante
282 659 506 708 Thessali
545 677 574 708 a
605 661 859 721 Thessalo,
897 670 1068 724 postea
1106 679 1135 710 a
1175 663 1367 712 Graeco
1405 679 1517 727 rege
1555 664 1730 713 Graeci
1764 674 1877 714 sunt

132 741 417 805 nuncupati.
505 743 635 790 Nam
684 741 862 791 Graeci
911 745 1104 807 proprie
1152 744 1377 793 Thessali
1426 756 1551 794 sunt.
1642 746 1876 809 Lapithas
1900 760 1970 809 70

131 832 295 871 autem
345 831 540 886 gentem
578 823 863 872 Thessaliae
900 823 1047 873 fuisse
1083 825 1232 886 aiunt,
1273 827 1401 875 circa
1438 826 1628 876 Penion
1678 845 1876 877 amnem

132 906 249 953 olim
266 904 637 964 inhabitantem,
651 921 678 953 a
698 904 907 969 Lapitha
923 906 1167 970 Apollinis
1184 906 1282 955 filia
1299 917 1624 971 nuncupatos.
1662 908 1878 973 Sicyonii
1899 916 1954 965 71

60 1002 109 1031 10
133 986 307 1035 Graeci
345 995 456 1035 sunt
493 985 780 1050 nuncupati,
817 1003 845 1035 a
879 986 1089 1051 Sicyone
1126 1004 1251 1051 rege.
1329 988 1399 1037 Hi
1435 989 1648 1053 primurn
1686 989 1878 1054 Agialei

132 1066 443 1126 vocabantur,
472 1084 500 1115 a
533 1083 644 1131 rege
681 1069 913 1131 Agealeo,
941 1068 1025 1131 qui
1059 1069 1243 1132 primus
1269 1070 1491 1133 Sicyonis
1524 1071 1814 1134 imperavit3
1850 1089 1878 1120 a

132 1165 231 1212 quo
257 1158 303 1198 et
329 1150 545 1212 Agealea
570 1148 739 1199 civitas
765 1160 1049 1214 nuncupata
1080 1161 1167 1209 est,
1194 1168 1321 1215 quae
1355 1170 1488 1201 nunc
1520 1154 1879 1218 Peloponensis

131 1239 331 1279 vocatur
359 1247 387 1278 a
422 1231 606 1294 Pelope
640 1247 750 1294 rege
777 1249 880 1282 suo.
957 1234 1058 1296 Ipsi
1090 1243 1204 1282 sunt
1238 1243 1286 1282 et
1322 1237 1554 1295 Arcades,
1583 1236 1647 1285 ab
1684 1238 1880 1286 Arcade

131 1329 240 1375 rege
280 1313 411 1360 Iovis
449 1321 496 1360 et
531 1312 762 1362 Callistae
787 1313 889 1363 filio
915 1314 1046 1363 dicti.
1123 1315 1285 1364 Danai
1309 1333 1337 1364 a
1365 1319 1542 1366 Danao
1567 1333 1678 1381 rege
1703 1317 1877 1366 vocati.
1901 1323 1964 1372 72

59 1410 106 1452 15
134 1395 274 1443 Idem
313 1403 360 1442 et
396 1392 576 1456 Argivi,
617 1394 680 1442 ab
716 1397 851 1459 Argo
888 1396 1145 1446 conditore
1182 1397 1533 1461 cognominati.
1607 1401 1877 1463 Postquam

130 1483 294 1521 autem
330 1491 411 1522 rex
440 1475 743 1524 Graecorum
774 1476 897 1539 Apis
932 1487 1153 1526 mortuus
1185 1488 1270 1538 est,
1299 1479 1414 1527 huic
1441 1481 1568 1528 filius
1596 1483 1754 1543 Argus
1775 1497 1879 1529 suc-

131 1555 275 1604 cessit
300 1554 350 1603 in
375 1573 594 1620 regnum,
623 1567 670 1606 et
706 1575 764 1607 ex
794 1575 854 1607 eo
880 1559 1045 1623 Argivi
1071 1559 1300 1624 appellati
1329 1571 1443 1610 sunt
1464 1580 1476 1622 3
1515 1562 1598 1625 qui
1633 1562 1781 1611 etiarn
1814 1564 1878 1612 ab

132 1637 200 1685 eis
238 1646 348 1700 post
386 1638 578 1687 obitum
619 1637 718 1705 [ut]
758 1641 880 1689 deus
919 1641 1088 1690 haberi
1126 1642 1302 1705 coepit,
1330 1645 1517 1706 templo
1555 1654 1602 1692 et
1640 1645 1879 1693 sacrificio

132 1722 414 1768 honoratus.
488 1720 689 1779 Achaei,
719 1721 802 1784 qui
831 1732 877 1771 et
905 1723 1097 1781 Achivi,
1124 1724 1187 1772 ab
1221 1726 1425 1773 Achaeo
1452 1725 1581 1774 Iovis
1609 1725 1709 1774 filio
1742 1726 1875 1776 dicti.
1899 1743 1964 1791 73

62 1817 110 1847 20
134 1801 322 1864 Pelasgi
372 1801 625 1861 nominati,
665 1802 780 1865 quia
832 1821 943 1852 cum
996 1805 1114 1854 velis
1164 1805 1317 1870 passis
1352 1823 1502 1855 verno
1540 1817 1762 1870 tempore
1798 1809 1880 1856 ad·
1900 1825 1965 1875 74

133 1882 321 1931 venisse
367 1883 559 1932 Italiam
601 1883 690 1934 visi
731 1895 856 1943 sunt,
904 1895 957 1934 ut
999 1903 1125 1935 aves.
1200 1889 1365 1935 Primo
1409 1888 1539 1936 enirn
1589 1905 1673 1937 eos
1722 1891 1878 1937 Varro

135 1964 326 2013 Italiam
363 1965 612 2028 adpulisse
648 1977 1020 2016 commemorat.
1095 1968 1271 2018 Graeci
1297 1985 1411 2017 vero
1438 1971 1669 2033 Pelasgos
1694 1987 1723 2018 a
1748 1970 1878 2019 Iovis

132 2054 178 2094 et
206 2045 425 2095 Larissae
450 2046 550 2094 filio
576 2047 838 2110 perhibent
864 2048 1036 2098 dictos.
1112 2048 1453 2112 Myrmidones
1479 2052 1677 2100 fuerunt
1696 2051 1878 2100 Achilli
1901 2062 1962 2113 75

133 2126 280 2175 socii:
320 2129 542 2192 Dolopes
570 2128 750 2192 Pyrrhi.
826 2128 959 2179 Dicti
985 2138 1151 2180 autern
1173 2140 1286 2180 sunt
1314 2131 1654 2195 Myrmidones
1681 2142 1880 2198 propter

63 2223 110 2267 ²⁵
133 2208 376 2268 astutiam,
404 2209 545 2272 quasi
569 2212 818 2274 μύρμηκες,
844 2211 895 2261 id
921 2221 994 2261 est
1021 2214 1265 2262 formicae.
1342 2216 1695 2265 Eratosthenes
1710 2226 1877 2266 autem

134 2289 252 2338 dicit
290 2289 449 2339 dictos
488 2291 831 2355 Myrmidonas
868 2310 895 2342 a
933 2294 1252 2357 Myrmidone
1290 2297 1433 2354 duce,
1474 2296 1605 2346 Iovis
1643 2306 1691 2346 et
1728 2299 1879 2360 Eury-

134 2372 368 2420 medusae
402 2371 516 2421 filio.
592 2374 802 2437 Cecropi
834 2375 1215 2425 Atheniensium
1247 2377 1346 2440 regi
1379 2378 1614 2427 successit
1640 2380 1878 2437 Cranaus,
1900 2384 1966 2444 76

191 2514 215 2539 2
244 2513 369 2541 nunc.
385 2506 484 2540 sunt
504 2515 584 2540 om.
611 2501 657 2541 K
675 2504 776 2555 (non
797 2503 861 2554 A)
1000 2503 1091 2555 qui]
1113 2505 1264 2555 quibus
1285 2505 1331 2544 K
1436 2519 1461 2555 3
1483 2513 1602 2558 parta
1629 2508 1683 2549 T:
1706 2516 1879 2558 peracta

135 2554 260 2595 BCK
366 2569 390 2604 4
411 2556 509 2594 inde
529 2557 571 2596 Β
680 2569 704 2606 5
729 2557 856 2610 Gall.]
881 2571 1101 2608 grecorum
1126 2558 1173 2598 K
1278 2564 1304 2600 6
1332 2561 1480 2600 tesalia
1503 2563 1620 2613 (corr.
1644 2563 1770 2613 tess-)
1798 2577 1822 2601 a
1849 2564 1887 2602 T

65 2654 75 2662 1
139 2623 160 2659 7
191 2614 289 2648 sunt
308 2609 412 2650 The.
436 2609 483 2648 Κ
499 2610 598 2658 (non
616 2611 679 2662 A)
866 2615 890 2652 8
912 2613 1074 2665 autern]
1097 2627 1162 2652 am
1183 2613 1254 2653 K:
1284 2616 1364 2655 hoc
1385 2621 1452 2655 est
1470 2616 1512 2655 B
1639 2617 1780 2667 pelion
1805 2617 1883 2656 CK

71 2662 77 2667 “’
142 2677 192 2703 10
222 2665 452 2714 nuncupati
474 2664 539 2704 K:
571 2671 656 2704 -tus
675 2665 731 2704 Β1
966 2681 991 2707 a
1011 2668 1190 2708 sicionio
1211 2682 1242 2708 r.
1265 2670 1403 2710 BCT:
1435 2684 1459 2710 a
1479 2671 1627 2710 sicioni
1650 2672 1814 2721 origine
1835 2672 1876 2709 A

137 2719 199 2759 1'.e.
224 2719 350 2767 Aeg-:
381 2719 550 2768 agalilei
579 2719 631 2757 T1
712 2721 756 2759 hi
777 2721 896 2771 prim.
924 2752 932 2761 .
954 2753 963 2762 .
987 2752 996 2762 .
1021 2735 1045 2762 a
1067 2736 1168 2773 rege
1189 2737 1272 2764 om.
1294 2724 1349 2763 Β1
1462 2738 1507 2764 11
1539 2727 1800 2765 vocabuntur
1822 2725 1880 2765 C:

137 2785 219 2812 om.
245 2771 290 2810 K
305 2777 410 2824 (non
431 2773 498 2824 A)
582 2774 744 2824 agialeo
764 2775 851 2814 ΒΚ
942 2778 1120 2828 primum
1142 2777 1188 2816 K
1311 2791 1359 2818 12
1389 2779 1529 2829 agilea
1549 2794 1648 2821 nun.
1671 2781 1748 2820 civ.
1771 2793 1881 2831 quae

141 2825 186 2865 K
204 2829 306 2877 (non
321 2827 382 2876 A)
473 2839 520 2877 13
548 2841 636 2867 voc.
655 2834 752 2880 post
769 2843 846 2869 suo
867 2830 913 2869 K
929 2833 1032 2884 (non
1048 2832 1090 2870 A
1107 2831 1232 2871 Bern.
1249 2834 1368 2886 extr.)
1438 2847 1516 2873 suo
1533 2865 1541 2874 .
1563 2866 1572 2876 .
1591 2864 1600 2874 .
1614 2848 1715 2883 rege
1736 2847 1817 2874 om.
1839 2835 1880 2873 A

143 2883 192 2918 r6
211 2886 351 2919 autem
370 2894 454 2921 om.
474 2882 515 2920 B
628 2896 674 2933 17
697 2884 749 2922 ab
770 2884 809 2922 ei
830 2883 876 2922 K
985 2888 1033 2925 18
1055 2893 1099 2924 ut
1117 2887 1210 2928 hab.
1237 2886 1336 2927 CK:
1357 2901 1437 2927 om.
1460 2888 1547 2927 BT
1652 2901 1700 2927 21
1723 2890 1884 2938 primos

147 2933 184 2972 T
287 2947 338 2973 22
357 2949 414 2975 an
427 2949 531 2975 vero
543 2950 568 2976 a
585 2937 792 2988 Pelasgo?
886 2951 937 2989 23
959 2940 1070 2980 filios
1088 2941 1174 2980 BT
1251 2943 1532 2992 perhibentur
1545 2943 1599 2981 Β1
1712 2946 1764 2981 26
1785 2944 1887 2983 dicit

143 2987 298 3040 dictos]
319 2990 419 3029 dicit
438 3003 486 3031 ex
503 2992 602 3031 dicti
625 2991 671 3030 K
793 2993 999 3034 eorimose
1019 2995 1061 3034 Β
1079 3009 1088 3035 :
1117 2996 1276 3036 eurimo
1298 2996 1345 3035 K
1485 3009 1536 3046 27
1569 2997 1772 3048 Cecropis
1795 2998 1844 3038 B¹
1858 2998 1894 3036 T

143 3054 302 3092 granus
321 3043 430 3083 codd.
455 3046 558 3097 (mis
578 3045 634 3098 B)

202 3098 302 3135 1182
972 3120 1000 3152 Α
1022 3121 1051 3152 a
