2228 3444
453 146 1083 196 ETYMOLOGIARVM
1123 147 1252 192 LIB.
1293 147 1440 194 VIII.
1482 162 1510 191 v

113 277 490 342 Apollinaristae
531 276 594 324 ab
635 277 918 339 Apollinare
961 276 1120 323 vocati
1169 282 1294 333 sunt,
1337 274 1558 323 dicentes
1599 272 1851 322 Christum
1873 277 1937 326 45

113 377 289 424 corpus
327 358 674 408 tantummodo
711 357 815 406 sine
851 357 1015 405 anima
1052 356 1334 420 suscepisse.
1409 352 1852 403 Antidicomaritae
1873 349 1945 409 46

110 441 342 506 appellati
370 449 482 488 sunt
508 456 596 503 pro
621 456 695 499 eo,
723 440 858 502 quod
886 438 1073 487 Mariae
1098 437 1359 502 virginitati
1383 432 1743 493 contradicunt,
1770 435 1852 482 ad-

111 533 325 573 serentes
359 538 469 571 eam
493 530 606 586 post
632 521 883 571 Christum
918 530 1090 569 natum
1113 522 1217 569 viro
1243 536 1332 569 suo
1357 518 1507 568 fuisse
1532 516 1847 567 conmixtam.

64 621 85 660 5
114 606 578 668 Metangismonitae
594 603 708 652 ideo
726 604 820 652 tale
836 619 1022 651 nomen
1040 610 1350 666 acceperunt,
1371 601 1487 664 quia
1503 603 1647 667 ἄγγος
1663 600 1851 648 Graece
1874 604 1939 653 47

111 704 192 736 vas
217 686 408 735 dicitur.
469 687 720 734 Adserunt
745 684 876 734 enim
902 683 971 732 sic
997 701 1103 732 esse
1128 686 1178 732 in
1206 687 1347 732 Patre
1373 683 1567 742 Filium,
1595 691 1849 744 tamquam

109 786 192 818 vas
218 769 381 817 minus
407 768 531 816 intra
554 784 637 815 vas
663 768 833 815 maius.
909 766 1168 815 Patriciani
1193 783 1222 815 a
1247 767 1465 829 quodam
1493 765 1704 814 Patricio
1728 780 1846 811 nun·
1871 759 1938 819 48

110 850 275 914 cupati
293 859 418 909 sunt,
438 848 522 912 qui
541 848 865 897 substantiam
887 849 1133 898 humanae
1152 847 1312 897 carnis
1330 865 1360 896 a
1378 848 1580 897 diabolo
1597 847 1850 896 conditam

111 934 295 982 dicunt.
366 929 651 981 Coluthiani
689 947 718 978 a
753 931 972 993 quodam
1009 931 1228 980 Colutho
1268 929 1521 988 nominati,
1559 930 1643 992 qui
1680 927 1852 977 dicunt
1874 935 1945 983 49

39 1029 88 1057 10
114 1016 277 1063 Deum
314 1028 414 1061 non
449 1013 607 1061 facere
641 1013 781 1071 mala,
817 1021 988 1060 contra
1019 1011 1141 1062 illud
1175 1013 1311 1075 quod
1344 1011 1580 1075 scripturn
1613 1020 1687 1060 est
1713 1009 1847 1075 (Isai.

110 1111 187 1159 45,
214 1094 291 1160 7):
330 1097 466 1158 ‘Ego
501 1096 652 1155 Deus,
687 1111 858 1143 creans
894 1096 1054 1143 mala.²
1141 1093 1354 1143 Floriani
1390 1111 1419 1142 a
1452 1093 1667 1151 Florino,
1703 1092 1787 1156 qui
1823 1108 1850 1141 e
1872 1100 1939 1150 50

109 1177 352 1226 contrario
384 1179 557 1226 dicunt
583 1179 747 1225 Deum
782 1193 972 1225 creasse
1007 1178 1147 1236 male,
1176 1186 1347 1226 contra
1377 1177 1427 1225 id
1454 1176 1591 1239 quod
1615 1174 1851 1237 scriptum

109 1269 181 1308 est
219 1259 420 1323 (Genes.
445 1277 483 1319 1,
507 1259 619 1323 31):
682 1259 847 1308 ‘Fecit
886 1262 1023 1308 Deus
1061 1260 1229 1308 omnia
1265 1260 1424 1308 bona!
1495 1258 1788 1307 Donatistae
1824 1273 1852 1305 a
1874 1266 1928 1313 51

109 1343 309 1390 Donato
329 1343 545 1404 quodam
567 1342 687 1389 Afro
712 1343 998 1405 nuncupati,
1022 1341 1105 1404 qui
1125 1344 1188 1391 de
1210 1341 1447 1391 Numidia
1466 1340 1668 1389 veniens
1695 1348 1850 1388 totam

39 1445 84 1486 15
108 1440 235 1486 pene
278 1423 494 1471 Africam
543 1439 630 1470 sua
685 1425 1002 1486 persuasione
1058 1423 1268 1486 decepit,
1319 1425 1552 1472 adserens
1607 1421 1851 1470 minorem

110 1507 251 1553 Patre
300 1503 493 1566 Filium,
547 1513 594 1553 et
642 1504 884 1552 minorem
935 1504 1059 1553 Filio
1108 1504 1341 1568 Spiritum
1397 1513 1638 1562 sanctum,
1689 1512 1736 1551 et
1784 1519 1849 1551 re-

111 1586 360 1649 baptizans
397 1587 681 1635 catholicos.
757 1587 1021 1634 Bonosiaci
1057 1603 1086 1634 a
1120 1589 1323 1635 Bonoso
1357 1588 1576 1650 quodam
1613 1584 1850 1649 episcopo
1872 1600 1936 1649 52

112 1668 263 1716 exorti
287 1670 573 1731 produntur,
600 1668 684 1731 qui
706 1667 956 1718 Christum
982 1668 1137 1716 filium
1166 1668 1261 1718 Dei
1285 1670 1589 1732 adoptivum,
1617 1684 1720 1716 non
1744 1685 1850 1731 pro-

111 1749 270 1813 prium
295 1752 539 1799 adserunt.
613 1750 1050 1800 Circumcelliones
1075 1752 1191 1800 dicti
1228 1768 1301 1811 eo,
1328 1752 1464 1814 quod
1488 1760 1702 1814 agrestes
1738 1752 1848 1809 sint,
1874 1765 1937 1814 53

38 1853 88 1881 20
110 1849 235 1895 quos
251 1831 509 1895 Cotopitas
529 1842 721 1892 vocant,
737 1833 1045 1895 supradictae
1064 1833 1277 1882 haeresis
1297 1834 1536 1882 habentes
1557 1833 1850 1882 doctrinam.

113 1915 184 1961 Hi
219 1930 386 1963 amore
422 1913 635 1978 martyrii
671 1914 961 1978 semetipsos
998 1914 1258 1977 perimunt,
1297 1925 1349 1964 ut
1385 1915 1624 1964 violenter
1659 1917 1723 1964 de
1760 1917 1852 1962 hac

110 1994 208 2043 vita
227 1995 538 2044 discedentes
558 2005 791 2058 martyres
811 1998 1144 2046 nominentur.
1204 1996 1599 2045 Priscillianistae
1618 2013 1647 2045 a
1667 1995 1854 2045 Priscil-
1878 2003 1942 2052 54

111 2076 243 2125 liano
267 2078 442 2137 vocati,
469 2076 553 2139 qui
582 2078 632 2124 in
660 2077 905 2140 Hispania
941 2093 999 2126 ex
1036 2094 1196 2127 errore
1222 2077 1574 2127 Gnosticorum
1612 2087 1661 2127 et
1695 2077 1854 2127 Mani-

112 2160 376 2207 chaeorum
402 2158 696 2222 permixtum
722 2160 905 2222 dogma
929 2162 1204 2223 conposuit.
1262 2160 1558 2210 Luciferiani
1577 2178 1606 2210 a
1627 2161 1854 2211 Lucifero
1876 2179 1938 2230 55

38 2257 88 2297 25
112 2239 316 2289 Sirmiae
348 2239 582 2303 episcopo
608 2241 713 2299 orti,
742 2241 826 2304 qui
859 2241 1119 2306 episcopos
1153 2243 1438 2303 catholicos,
1464 2243 1549 2306 qui
1575 2244 1855 2294 Constantii

111 2322 453 2385 persecutione
478 2322 712 2385 perfidiae
732 2323 1028 2372 Arianorum
1049 2324 1414 2374 consentientes
1439 2334 1590 2385 erant,
1612 2335 1660 2374 et
1684 2336 1855 2389 postea

113 2403 314 2453 correcti
340 2403 496 2453 redire
522 2404 572 2452 in
607 2405 901 2454 catholicam
928 2407 1229 2469 delegerunt,
1256 2408 1564 2468 damnantes,
1593 2407 1693 2456 sive
1719 2409 1855 2470 quod

168 2549 192 2574 2
223 2535 354 2574 Ante·
374 2534 488 2575 codd.
655 2549 680 2585 3
712 2536 963 2575 contradicti
985 2542 1082 2575 sunt
1110 2535 1147 2573 T
1285 2538 1376 2576 ads.
1400 2568 1408 2576 .
1433 2567 1442 2576 .
1468 2569 1476 2577 .
1498 2551 1637 2579 conm.
1658 2537 1733 2579 del.
1755 2539 1798 2576 in
1826 2538 1863 2576 T

114 2602 138 2640 5
168 2590 593 2639 Metangisnominate
615 2590 711 2629 C1T
727 2591 801 2643 (Bl
823 2605 864 2631 n.
881 2591 930 2640 l.)
952 2606 960 2629 :
990 2591 1427 2640 Metangeosmonitae
1449 2591 1495 2630 K
1695 2606 1856 2642 angeos

115 2645 265 2698 (-gios)
286 2644 396 2684 codd.
419 2659 427 2683 :
455 2645 621 2695 ἀγγεῖον
642 2646 757 2696 Aug.
782 2645 827 2684 de
847 2646 996 2685 haeres.
1019 2647 1071 2694 58
1185 2659 1206 2695 7
1237 2647 1370 2696 magis
1391 2646 1432 2684 Β
1555 2650 1580 2687 8
1610 2648 1792 2687 condida
1814 2647 1859 2685 K

114 2713 140 2748 9
169 2699 367 2739 Colitiani
387 2728 398 2739 .
423 2729 432 2739 .
451 2730 461 2739 .
485 2699 614 2738 colito
634 2698 746 2739 codd.
882 2714 930 2739 10
959 2702 1068 2739 male
1097 2700 1134 2739 T
1275 2714 1320 2739 [Ι
1355 2701 1488 2745 Deus]
1514 2703 1720 2741 Dominus
1741 2701 1821 2741 BC
1825 2702 1862 2741 T

116 2754 343 2794 Floriniani
364 2753 456 2793 dett.
602 2767 648 2792 12
678 2767 831 2794 creans
859 2755 897 2794 T
916 2810 931 2835 1
1034 2757 1141 2794 male
1162 2754 1234 2794 K:
1265 2755 1374 2794 mala
1392 2755 1515 2796 BCT
1647 2758 1688 2796 id
1709 2770 1793 2796 om.
1815 2757 1857 2795 Β

117 2820 166 2901 Ῐνὲ
185 2809 1247 2914 Ψοῗὲωεῖἔιὶξρῑιῑὲιῖὲῗῐέῗῗῗῖῗωῃςηέἓηῖῗῗ
1263 2810 1524 2905 Suas‘L'n't‘BT
1564 2825 1608 2860 ¹⁷
1633 2812 1856 2916 {3333}

118 2917 226 2967 pitas
245 2917 291 2956 K
398 2919 624 2969 supradicti
646 2917 733 2956 ΒΚ
866 2932 918 2970 23
946 2921 1260 2969 agnosticorum
1288 2919 1326 2957 T
1457 2934 1507 2971 24
1541 2922 1751 2971 permixto
1771 2919 1862 2959 ΒΚ

119 2982 171 3020 25
199 2973 314 3012 sirm.
339 2972 390 3011 ab
410 2973 539 3023 episc.
563 2972 657 3011 AK
833 2973 1033 3027 Sirmiae]
1057 2974 1276 3014 Sardiniae
1297 2974 1421 3015 Arev.
1608 2975 1855 3027 episcopos]

118 3027 506 3129 {2³⁵32’535135232‘5·
533 3027 568 3067 ‘³
618 3095 639 3121 ρ
671 3029 980 3123 ηε-ῑ-ῆεὲεὲαξ)
1003 3043 1084 3068 ⁰²⁴⁴·
1107 3027 1285 3123 Aff'fff
1315 3085 1344 3122 .-
1388 3083 1434 3120 K
1766 3029 1860 3068 ΑΚ

642 3097 666 3121 o
725 3097 735 3121 1
758 3097 796 3121 1e
1080 3097 1129 3132 27
1189 3097 1213 3122 a
1260 3097 1313 3122 na
1335 3097 1368 3123 is
