2176 3424
515 126 787 175 ISIDORI
829 127 1463 177 ETYMOLOGIARVM
1503 129 1632 176 LIB.
1671 130 1818 178 VIII.
1858 128 1902 176 xi

228 282 300 329 99
326 262 503 326 dignos
540 272 739 327 propter
776 263 1069 327 sapientiam
1106 273 1155 314 et
1192 264 1544 314 fortitudinem.
1619 269 1830 315 Penates
1867 264 2073 329 gentiles

325 344 560 394 dicebant
595 362 769 395 omnes
803 347 924 395 deos
958 363 1083 409 quos
1116 347 1255 396 domi
1288 348 1531 396 colebant.
1607 349 1670 396 Et
1699 356 1903 412 penates
1940 347 2073 408 dicti,

327 429 464 490 quod
482 437 646 477 essent
672 427 722 476 in
749 427 1098 491 penetralibus,
1118 427 1169 477 id
1195 438 1268 478 est
1294 428 1343 477 in
1370 428 1580 478 secretis.
1633 428 1705 477 Hi
1731 429 1799 478 dii
1820 431 2078 493 quomodo

203 520 301 556 100
325 510 642 570 vocabantur,
689 512 765 559 vel
813 527 942 573 quae
990 510 1194 559 nomina
1242 510 1516 570 habuerint,
1558 510 1820 574 ignoratur.
1896 513 2077 560 Manes

324 594 445 642 deos
484 601 792 642 mortuorum
836 592 1022 652 dicunt,
1063 610 1275 655 quorum
1318 601 1615 656 potestatem
1660 592 1786 642 inter
1821 594 1990 642 lunam
2030 602 2077 642 et
2101 613 2123 652 5

323 684 500 724 terram
537 684 794 735 asserunt;
830 692 859 722 a
895 674 1076 736 quibus
1115 683 1162 723 et
1199 692 1344 724 mane
1377 674 1566 723 dictum
1601 674 1916 735 existimant3
1952 691 2077 738 quos

323 766 498 819 putant
532 757 596 805 ab
625 773 750 815 aere,
781 756 864 818 qui
894 758 1050 819 μανός,
1090 756 1140 805 id
1174 766 1248 806 est
1281 773 1415 805 rarus
1449 766 1535 817 est,
1564 773 1734 805 manes
1772 756 1947 818 dictos,
1976 756 2077 805 sive

323 838 438 900 quia
475 840 570 887 late
609 848 810 886 manant
848 855 934 902 per
970 855 1125 897 auras,
1166 838 1267 888 sive
1304 838 1419 902 quia
1455 838 1598 888 mites
1636 849 1762 898 sunt,
1794 838 2076 887 inmanibus

323 919 568 979 contrarii,
610 919 814 968 nomine
860 922 955 968 boc
991 921 1315 983 appellantur.
1404 921 1643 984 Apuleius
1680 931 1849 969 autem
1888 920 1955 968 ait
1992 937 2076 969 eos

323 1002 420 1051 κατ’
440 1004 725 1066 ἀντίφρασιν
745 1002 843 1050 dici
870 1019 1055 1062 manes,
1077 1004 1172 1051 hoc
1198 1012 1271 1051 est
1297 1003 1439 1051 mites
1465 1020 1523 1052 ac
1550 1005 1818 1063 modestos,
1840 1020 1953 1051 cum
1981 1002 2076 1051 sint
2103 1025 2152 1052 10

217 1094 299 1130 101
322 1084 562 1134 terribiles
600 1094 647 1134 et
686 1084 926 1144 inmanes,
966 1094 1020 1133 ut
1059 1086 1252 1145 ParcaS,
1293 1094 1346 1133 ut
1391 1085 1711 1134 Eumenides.
1800 1087 1980 1134 Larvas
2019 1100 2077 1133 ex

323 1166 611 1215 hominibus
659 1167 814 1214 factos
863 1168 1135 1215 daemones
1183 1166 1334 1226 aiunt,
1376 1166 1458 1229 qui
1510 1166 1668 1215 meriti
1718 1167 1835 1215 mali
1883 1166 2074 1215 fuerint.

323 1251 548 1311 Quarum
568 1257 741 1296 natura
766 1265 873 1296 esse
899 1247 1077 1297 dicitur
1102 1258 1278 1297 terrere
1304 1250 1532 1312 parvulos
1557 1258 1604 1298 et
1624 1249 1674 1296 in
1693 1248 1882 1312 angulis
1898 1247 2074 1312 garrire

207 1341 300 1378 102
323 1330 611 1381 tenebrosis.
687 1330 899 1390 Lamias,
929 1347 1050 1393 quas
1070 1330 1266 1379 fabulae
1295 1331 1492 1379 tradunt
1518 1330 1729 1379 infantes
1756 1330 2000 1393 corripere
2019 1346 2076 1378 ac

206 1427 299 1476 103
323 1413 505 1462 laniare
532 1411 713 1471 solitas,
734 1429 761 1460 a
788 1411 1023 1461 laniando
1049 1412 1325 1475 specialiter
1351 1413 1524 1462 dictas.
1597 1413 1762 1473 PiIosi,
1782 1412 1865 1476 qui
1885 1414 2075 1461 Graece
2103 1431 2148 1471 15

325 1495 541 1554 Panitae‚
562 1494 738 1543 Latine
758 1493 936 1542 Incubi
962 1496 1283 1558 appellantur,
1307 1495 1407 1544 sive
1426 1494 1538 1543 Inui
1557 1495 1620 1543 ab
1646 1495 1866 1544 ineundo
1891 1493 2073 1557 passim

325 1595 439 1627 cum
476 1576 787 1625 animalibus.
861 1578 1010 1625 Vnde
1047 1586 1095 1626 et
1134 1577 1314 1625 Incubi
1351 1576 1582 1626 dicuntur
1618 1579 1680 1626 ab
1719 1577 2074 1636 incumbendo,

323 1661 419 1709 hoc
439 1669 513 1709 est
530 1660 812 1722 stuprando.
887 1661 1044 1723 Saepe
1071 1659 1202 1708 enim
1229 1660 1424 1723 inprobi
1450 1660 1662 1709 existunt
1688 1660 1835 1708 etiam
1861 1657 2076 1707 mulieri-

322 1741 431 1802 bus,
474 1751 521 1790 et
564 1758 731 1790 earum
772 1750 1010 1804 peragunt
1053 1741 1405 1790 concubitum:
1461 1760 1585 1806 quos
1629 1744 1899 1792 daemones
1942 1739 2074 1789 Galli

326 1823 511 1872 Dusios
567 1831 759 1882 vocant,
811 1822 926 1885 quia
973 1823 1181 1872 adsidue
1232 1825 1359 1872 hanc
1413 1834 1652 1888 peragunt
1702 1822 2070 1872 inmunditiam.
2099 1839 2150 1867 20

206 1921 300 1969 104
327 1908 493 1968 Quem
518 1914 685 1954 autem
712 1907 858 1968 vulgo
881 1904 1194 1954 Incubonem
1219 1914 1411 1964 vocant,
1440 1907 1574 1954 hunc
1600 1905 1818 1954 Romani
1845 1907 2072 1953 Faunum

326 1987 547 2037 ficarium
573 1986 760 2036 dicunt.
834 1988 916 2035 Ad
942 2003 1092 2050 quem
1121 1986 1360 2035 Horatius
1386 1986 1506 2036 dicit
1533 1986 1611 2051 (C.
1635 2005 1677 2050 3,
1707 1990 1780 2047 18,
1807 1986 1853 2051 Ι)
1876 2006 1885 2036 :

664 2070 848 2128 Faune,
893 2070 1238 2132 Nympharum
1279 2068 1571 2132 fugientium
1615 2079 1818 2130 amator,

662 2167 746 2213 per
786 2167 923 2199 meos
967 2151 1089 2199 fines
1129 2161 1177 2200 et
1211 2150 1376 2214 aprica
1413 2169 1523 2199 rura

662 2231 786 2281 lenis
820 2230 1036 2281 incedas.
2101 2251 2149 2290 25

389 2379 405 2403 1
438 2366 520 2412 dig.
544 2364 662 2414 quasi
683 2377 802 2414 prop.
825 2363 871 2401 K
893 2365 995 2416 (non
1028 2364 1093 2415 A)
1250 2365 1342 2404 sort.
1378 2364 1524 2404 dicunt
1556 2363 1604 2403 Cl
1629 2363 1692 2415 (cs.
1727 2364 1784 2403 ad
1809 2364 1853 2413 4)
1990 2366 2069 2404 dic.

329 2425 441 2468 gent.
480 2418 526 2456 K
558 2420 663 2470 (non
697 2419 762 2468 A)
1031 2433 1056 2458 2
1086 2419 1171 2458 doli
1208 2419 1257 2458 C1
1532 2433 1557 2469 3
1587 2420 1918 2469 penetrabilibus
1959 2419 2069 2459 codd.

328 2474 399 2523 qui
420 2487 510 2513 voc.
538 2473 606 2512 vel
626 2487 711 2523 quo
731 2487 840 2513 nom.
871 2474 909 2512 T
1097 2489 1122 2524 4
1152 2475 1235 2523 ign.
1261 2473 1405 2513 dicunt
1424 2474 1465 2512 A
1491 2475 1555 2526 (cf.
1581 2474 1640 2513 ad
1660 2488 1696 2523 1,
1717 2475 1762 2523 5)
1784 2489 1793 2513 z
1823 2475 2075 2524 ignorantur

328 2528 370 2566 Β
379 2528 415 2566 T
555 2539 579 2578 5
611 2529 756 2568 dicunt
776 2542 857 2568 om.
883 2529 923 2567 A
1077 2529 1132 2568 di.
1159 2534 1282 2567 mort.
1307 2527 1348 2565 Β
1513 2542 1534 2578 7
1565 2529 1616 2567 ab
1637 2528 1756 2578 aere]
1778 2530 1937 2567 habere
1958 2528 2072 2568 codd.

329 2590 396 2623 est
417 2582 486 2632 qui
509 2596 567 2623 ra.
596 2583 634 2621 T
863 2598 891 2634 9
921 2583 1136 2622 contrario
1156 2583 1278 2622 BCK
1514 2596 1559 2621 11
1594 2584 1686 2623 Par.
1708 2589 1847 2622 autem
1868 2584 2015 2622 enidas
2044 2583 2082 2621 T

332 2651 381 2678 12
411 2637 568 2689 daem]
592 2639 695 2678 deos
715 2638 761 2676 K
780 2640 882 2689 (non
903 2638 967 2688 A)
1081 2639 1253 2677 suerunt
1273 2637 1366 2675 AK
1477 2651 1525 2688 13
1557 2639 1600 2676 in
1621 2652 1704 2678 om.
1732 2638 1769 2676 T
1873 2638 1996 2687 gulos
2015 2638 2071 2676 Β1

333 2706 382 2741 14
414 2692 571 2732 Limias
592 2692 638 2730 K
801 2695 851 2731 16
879 2693 982 2731 invii
1001 2692 1148 2732 BCK:
1177 2692 1289 2731 invia
1317 2692 1354 2731 T
1458 2694 1510 2732 ad
1532 2693 1588 2732 in.
1613 2692 1659 2730 K
1770 2706 1816 2742 17
1847 2694 1900 2731 ad
1921 2693 2004 2732 inc.
2029 2691 2077 2730 K

332 2747 528 2786 18'enim
549 2761 630 2787 om.
659 2746 706 2785 K
761 2761 809 2797 19
839 2754 1024 2798 pergunt
1052 2747 1104 2786 T1
1157 2760 1210 2787 20
1239 2747 1369 2786 disios
1393 2747 1441 2786 Cl
1518 2754 1671 2788 vocant
1692 2746 1800 2787 KT:
1829 2753 2075 2796 nuncupant

328 2802 454 2841 ΑΒΕ
560 2801 631 2851 qui
654 2803 742 2843 ads.
765 2803 806 2841 Β
915 2802 1014 2842 inm.
1033 2815 1125 2854 per.
1147 2802 1194 2840 K
1300 2816 1352 2841 22
1381 2801 1584 2842 vicarium
1607 2801 1654 2839 K
1760 2816 1812 2852 23
1840 2802 2074 2852 fugientum

330 2857 481 2898 Horat.
647 2870 699 2906 24
728 2858 860 2897 africa
888 2857 926 2896 T
1083 2869 1176 2896 rora
1198 2856 1249 2896 Cl
