2176 3424
1036 117 1308 165 ISIDORI

295 238 491 288 vatione
513 243 730 290 Graecae
755 241 950 305 linguae
975 242 1220 294 eiusmodi
1237 254 1368 294 certa
1384 246 1665 299 discrimina
1685 269 1698 312 3
1725 268 1885 301 sermo
1905 253 2037 302 enim

236 327 270 374 6
295 338 465 370 eorum
491 321 557 371 ita
583 332 655 371 est
681 323 979 386 dispertitus.
1053 326 1254 376 Latinas
1279 337 1443 377 autem
1470 329 1659 394 linguas
1685 342 1914 397 quattuor
1933 352 2038 385 esse

294 402 497 466 quidam
524 404 765 466 dixerunt,
789 405 839 454 id
866 415 938 454 est
965 406 1196 468 Priscam,
1221 409 1463 471 Latinam,
1488 414 1783 475 Romanam,
1814 415 2036 465 Mixtam.

295 484 461 534 Prisca
481 495 565 546 est,
596 503 745 549 quam
772 488 1088 538 vetustissimi
1115 490 1285 540 Italiae
1320 491 1411 541 sub
1449 495 1572 543 Iano
1605 505 1654 544 et
1684 498 1892 546 Saturno
1926 508 2039 548 sunt

293 566 381 628 usi,
410 567 680 629 incondita,
709 579 762 618 ut
796 587 847 619 se
881 572 1067 621 habent
1102 573 1319 622 carmina
1344 574 1600 625 Saliorum.
1675 580 1861 640 Latina,
1889 598 2036 644 quam
2062 602 2084 642 5

294 651 385 699 sub
414 650 593 700 Latino
619 661 667 701 et
701 651 897 715 regibus
933 654 1084 703 Tusci
1114 664 1161 704 et
1195 656 1343 705 ceteri
1378 656 1426 705 in
1463 660 1605 707 Latio
1639 669 1753 708 sunt
1786 662 1950 723 locuti,
1980 681 2038 712 ex

238 751 268 801 7
293 750 390 796 qua
426 735 622 782 fuerunt
659 735 927 784 duodecim
964 737 1162 786 tabulae
1200 738 1419 802 scriptae.
1495 742 1735 802 Romana,
1765 760 1890 806 quae
1926 755 2038 808 post

290 832 427 880 reges
448 826 645 865 exactos
671 834 700 864 a
724 820 911 881 populo
939 821 1172 868 Romano
1199 830 1375 884 coepta
1401 831 1486 881 est,
1516 840 1613 886 qua
1639 825 1869 886 Naevius,
1900 828 2038 875 Plau-

291 907 382 957 tus,
425 898 630 959 Ennius,
670 899 914 962 Vergilius
953 910 1141 963 poetae,
1182 911 1231 951 et
1275 919 1332 951 ex
1375 905 1650 954 oratoribus
1692 908 1945 956 Gracchus
1989 917 2037 956 et

292 981 420 1029 Cato
457 990 504 1029 et
541 982 718 1030 Cicero
755 984 832 1031 vel
869 983 1019 1031 ceteri
1056 985 1347 1033 effuderunt.
1423 986 1594 1047 Mixta,
1640 1004 1767 1050 quae
1803 999 1915 1051 post
1950 989 2036 1038 im—
2063 1010 2112 1039 10

290 1061 479 1125 perium
519 1062 662 1112 latius
693 1075 977 1127 promotum
1013 1065 1157 1114 simul
1187 1084 1300 1115 cum
1337 1067 1556 1117 moribus
1587 1078 1634 1118 et
1663 1070 1949 1120 hominibus
1985 1071 2035 1120 in

291 1146 571 1193 Romanam
597 1145 844 1194 civitatem
871 1146 1066 1211 inrupit,
1095 1149 1421 1212 integritatem
1448 1151 1583 1200 verbi
1608 1169 1693 1214 per
1718 1153 2036 1203 soloecismos

235 1237 266 1285 8
290 1236 336 1276 et
363 1227 693 1277 barbarismos
729 1246 1063 1294 corrumpens.
1140 1232 1330 1280 Omnes
1355 1242 1520 1281 autem
1550 1233 1764 1283 Orientis
1789 1245 1960 1298 gentes
1986 1237 2035 1284 in

287 1318 483 1372 gutture
533 1311 749 1373 linguam
802 1322 850 1360 et
900 1313 1048 1361 verba
1099 1313 1371 1373 conlidunt,
1413 1314 1538 1363 sicut
1577 1315 1796 1365 Hebraei
1833 1326 1881 1365 et
1914 1317 2030 1380 Syri.

290 1392 479 1440 Omnes
506 1391 891 1443 mediterraneae
916 1404 1086 1457 gentes
1118 1395 1168 1443 in
1202 1397 1366 1458 palato
1403 1414 1653 1446 sermones
1691 1397 1881 1459 feriunt,
1909 1398 2034 1448 sicut
2061 1419 2107 1459 15

289 1473 464 1522 Graeci
493 1483 540 1522 et
566 1474 750 1523 Asiani.
825 1478 1016 1525 Omnes
1043 1477 1332 1527 Occidentis
1357 1488 1526 1541 gentes
1554 1479 1701 1529 verba
1726 1479 1776 1527 in
1801 1481 2032 1530 dentibus

229 1573 264 1621 9
290 1558 529 1620 frangunt,
564 1556 689 1606 sicut
726 1558 837 1606 Itali
874 1568 921 1607 et
956 1559 1186 1623 Hispani.
1261 1563 1406 1623 Syrus
1441 1571 1488 1610 et
1522 1561 1805 1612 Chaldaeus
1843 1561 2032 1611 vicinus

290 1640 526 1687 Hebraeo
561 1649 634 1688 est
668 1641 718 1687 in
752 1657 992 1702 sermone,
1022 1658 1303 1691 consonans
1329 1641 1377 1690 in
1404 1643 1650 1706 plerisque
1683 1653 1731 1692 et
1764 1645 2032 1693 litterarum

288 1737 426 1769 sono.
501 1721 721 1783 Quidam
758 1732 926 1772 autem
962 1723 1259 1773 arbitrantur
1295 1724 1511 1788 linguam
1551 1726 1706 1788 ipsam
1744 1743 1851 1775 esse
1889 1728 2032 1777 Chal-

288 1804 478 1862 daeam,
499 1804 615 1865 quia
633 1803 885 1851 Abraham
908 1806 971 1853 de
990 1805 1254 1854 Chaldaeis
1273 1807 1376 1854 fuit.
1439 1808 1590 1868 Quod
1608 1809 1646 1855 si
1664 1808 1760 1856 hoc
1785 1807 2027 1871 recipitur,
2059 1828 2110 1855 20

288 1886 544 1948 quomodo
563 1886 611 1932 in
633 1885 844 1935 Danielo
858 1886 1077 1935 Hebraei
1095 1886 1232 1950 pueri
1249 1889 1479 1950 linguam,
1494 1906 1641 1952 quam
1659 1906 1761 1938 non
1778 1900 2028 1949 noverant,

205 1982 264 2018 10
289 1966 454 2015 doceri
482 1967 752 2016 iubentur?
822 1969 1041 2017 Omnem
1073 1978 1238 2017 autem
1270 1968 1486 2032 linguam
1513 1970 1853 2034 unusquisque
1878 1971 2033 2020 homi-

287 2066 405 2097 num
434 2050 534 2098 sive
569 2052 823 2109 Graecam,
852 2050 952 2098 sive
988 2050 1229 2110 Latinam,
1259 2050 1359 2100 sive
1393 2060 1662 2100 ceterarum
1695 2052 1915 2116 gentium
1949 2063 2032 2102 aut

285 2131 538 2180 audiendo
575 2141 737 2194 potest
770 2142 949 2193 tenere,
983 2142 1068 2181 aut
1101 2135 1313 2196 legendo
1344 2151 1402 2182 ex
1438 2144 1756 2198 praeceptore
1791 2135 2028 2198 accipere.

286 2215 416 2264 Cum
449 2222 616 2262 autem
645 2213 867 2262 omnium
904 2214 1178 2277 linguarum
1210 2214 1414 2264 scientia
1443 2215 1653 2264 difficilis
1687 2216 1747 2265 sit
1781 2216 2024 2280 cuiquam,
2056 2233 2105 2273 ²5

285 2313 435 2344 nemo
471 2305 639 2344 tamen
674 2306 774 2344 tam
811 2295 1088 2345 desidiosus
1115 2306 1187 2345 est
1224 2306 1278 2344 ut
1307 2296 1358 2344 in
1393 2314 1480 2345 sua
1507 2307 1652 2360 gente
1686 2298 1874 2361 positus
1910 2316 2027 2348 suae

283 2378 442 2441 gentis
490 2377 707 2441 linguam
756 2378 957 2427 nesciat.
1046 2381 1175 2427 Nam
1216 2380 1334 2441 quid
1371 2378 1506 2427 aliud
1542 2381 1790 2443 putandus
1828 2390 1900 2429 est
1936 2380 2028 2429 nisi

283 2459 567 2508 animalium
607 2461 862 2509 brutorum
899 2460 1147 2508 deterior?
1218 2462 1310 2508 Illa
1345 2460 1474 2509 enim
1513 2461 1736 2525 propriae
1771 2461 1904 2511 vocis
1938 2464 2030 2510 cla-

285 2558 472 2590 morem
527 2542 818 2606 exprimunt,
857 2542 947 2591 iste
1000 2541 1213 2591 deterior
1248 2542 1331 2604 qui
1383 2543 1607 2605 propriae
1655 2542 1850 2606 linguae
1897 2554 2028 2593 caret

215 2643 261 2676 11
286 2623 526 2674 notitiam.
600 2623 893 2674 Cuiusmodi
919 2634 1085 2672 autem
1110 2626 1276 2687 lingua
1309 2626 1502 2673 locutus
1535 2634 1606 2673 est
1642 2627 1780 2674 Deus
1816 2627 1867 2673 in
1903 2628 2028 2690 prin·
2051 2639 2103 2678 30
2173 2619 2176 2621 ’

338 2769 362 2806 5
394 2757 521 2795 habet
542 2754 625 2795 K1:
658 2756 840 2795 habeant
869 2756 906 2794 T
1008 2759 1032 2794 6
1056 2755 1215 2794 tusciae
1238 2756 1365 2794 ceteri
1391 2756 1438 2795 C1
1465 2771 1473 2795 :
1503 2757 1661 2796 tusciae
1683 2757 1836 2796 ceteris
1856 2756 1903 2794 K
1982 2758 2026 2797 in

284 2812 416 2851 latino
444 2811 482 2850 T
584 2812 610 2849 8
640 2817 764 2860 cepta
783 2811 856 2850 K:
887 2817 1006 2859 gesta
1022 2811 1143 2849 BCT
1222 2824 1248 2860 9
1278 2824 1342 2861 po.
1368 2824 1422 2849 ex
1442 2811 1484 2850 Β
1573 2824 1619 2850 11
1650 2811 1794 2863 latius]
1815 2813 1970 2851 latinus
1998 2813 2037 2851 T

288 2880 337 2916 13
357 2867 418 2906 vel
435 2866 636 2906 Orientes
722 2871 766 2904 et
787 2871 892 2915 gutt.
917 2866 960 2903 in
980 2865 1080 2915 ling.
1111 2865 1149 2903 T
1223 2878 1271 2914 14
1293 2865 1435 2915 lingua
1456 2866 1502 2904 K
1583 2877 1632 2915 15
1652 2866 1955 2905 mediterrenei
1977 2867 2027 2906 Cl

289 2923 338 2960 16
357 2921 526 2972 Asiani]
545 2920 673 2960 anani
695 2920 732 2958 T
812 2921 874 2959 vel
891 2921 1152 2960 Occidentes
1241 2922 1289 2958 18
1309 2932 1436 2960 serm.
1455 2927 1497 2960 et
1516 2933 1631 2960 cons.
1649 2919 1695 2958 K
1765 2934 1813 2959 21
1837 2920 2025 2962 Hebraei

283 2989 365 3015 om.
389 2975 434 3014 K
542 2989 593 3014 22
617 2977 771 3014 docere
797 2975 846 3014 Cl
956 2974 1210 3014 iubebantur
1229 2973 1275 3012 K
1382 2989 1433 3024 24
1462 2975 1718 3014 audiendum
1740 2989 1807 3025 po.
1829 2977 1966 3016 teneri
1987 2992 2022 3018 a.

284 3031 510 3080 legendum
531 3029 577 3068 K
661 3042 712 3079 25
734 3030 902 3068 difficile
923 3030 978 3068 sit
999 3043 1033 3068 e.
1052 3042 1182 3068 nosse
1203 3042 1271 3070 ne.
1289 3028 1335 3066 K
1352 3029 1455 3076 (non
1474 3029 1538 3078 A)
1634 3032 1687 3068 26
1707 3029 1854 3082 nemo]
1870 3044 2025 3071 nomen

284 3085 338 3123 Βῑ
452 3099 501 3134 27
525 3086 757 3135 putandum
779 3083 824 3120 K
932 3086 983 3123 28
1006 3083 1096 3135 illa]
1119 3084 1187 3122 ille
1211 3084 1252 3135 (i.
1270 3098 1299 3124 e.
1326 3083 1423 3123 illae
1436 3084 1469 3136 ἓ)
1491 3084 1532 3122 Β
1638 3098 1692 3134 30
1711 3091 1852 3124 autem
1875 3100 1958 3126 om.
1983 3085 2029 3124 K
