2176 3424
1024 121 1298 170 ISIDORI

1132 253 1186 298 H

184 345 262 394 115
423 328 656 389 Humilis,
680 329 820 393 quasi
846 331 1000 378 humo
1020 330 1240 381 adclinis.
1319 333 1657 395 Honorabilis,
1681 333 1819 397 quasi
1845 335 2034 383 honore

176 419 262 467 116
284 410 476 470 habilis,
513 412 610 459 hoc
646 420 719 460 est
751 420 910 475 aptus
984 413 1259 473 Honestus‚
1293 415 1431 477 quod
1459 414 1582 463 nihil
1615 415 1795 464 habeat
1833 414 2036 478 turpitu-

285 492 429 544 dinis.
505 495 635 542 Nam
672 492 794 556 quid
831 502 904 542 est
939 495 1173 543 honestas
1210 495 1303 544 nisi
1346 497 1506 545 honor
1547 506 1827 561 perpetuus,
1868 496 1920 546 id
1963 506 2036 546 est

285 574 426 639 quasi
460 574 663 624 honoris
697 577 888 624 status?
959 578 1242 638 Humanus,
1269 579 1406 640 quod
1438 578 1620 627 habeat
1654 577 1783 627 circa
1807 579 2035 627 homines
2059 597 2082 637 5

286 674 506 706 amorem
544 666 591 705 et
629 655 956 706 miserationis
989 659 1233 707 affectum.
1308 661 1457 708 Vnde
1493 670 1541 709 et
1575 659 1856 709 humanitas
1889 661 2034 717 dicta,

185 759 263 809 117
287 756 386 803 qua
427 755 519 788 nos
562 737 776 788 invicem
819 748 1032 788 tuemur.
1104 740 1317 801 Habilis,
1360 743 1498 804 quod
1540 741 1602 790 sit
1641 743 1707 791 ad
1749 742 2038 791 habendum

287 821 585 870 commodus
610 830 761 884 atque
786 829 944 884 aptus,
1022 823 1316 872 Honerosus
1340 824 1451 886 plus
1477 832 1551 872 est
1576 840 1726 886 quam
1755 826 2035 883 honeratUS,

289 905 416 952 sicut
453 904 727 952 scelerosus
765 919 914 965 quam
957 904 1234 954 sceleratus.
1310 904 1560 964 Hirsutus,
1599 906 1662 954 ab
1704 923 1762 955 eo
1804 907 1940 968 quod
1978 904 2040 954 sit

186 986 264 1035 118
289 986 443 1034 hirtus
471 994 518 1033 et
543 984 655 1048 pilis
680 984 923 1033 horridus.
999 986 1278 1049 Hypocrita
1304 986 1496 1036 Graeco
1530 1004 1757 1037 sermone
1782 987 1833 1035 in
1860 986 2039 1036 Latino
2065 1005 2114 1034 10

291 1068 547 1117 simulator
576 1067 935 1130 interpretatur.
1010 1066 1111 1126 Qui
1145 1069 1265 1117 dum
1300 1067 1433 1117 intus
1467 1070 1624 1118 malus
1658 1070 1731 1129 sit,
1760 1069 1951 1119 bonum
1988 1086 2039 1118 se

290 1152 454 1214 palam
495 1148 727 1198 ostendit.
798 1146 914 1197 Ὑπὸ
951 1148 1082 1198 enim
1120 1151 1315 1211 falsum,
1351 1152 1501 1214 κρίσις
1535 1150 1773 1201 iudicium
1810 1152 2041 1215 interpre-

185 1242 269 1289 119
293 1241 434 1281 tatur.
511 1233 713 1279 Nomen
737 1240 904 1279 autem
930 1230 1214 1294 hypocritae
1240 1242 1450 1282 tractum
1476 1242 1549 1282 est
1573 1233 1637 1282 ab
1671 1233 1836 1296 specie
1870 1251 2040 1283 eorum

291 1316 376 1378 qui
402 1315 451 1362 in
478 1312 771 1377 spectaculis
797 1322 1026 1361 contecta
1050 1313 1173 1362 facie
1198 1313 1451 1375 incedunt,
1473 1314 1831 1379 distinguentes
1849 1318 2039 1366 vultum

291 1397 519 1445 caeruleo
545 1394 800 1457 minioque
826 1396 992 1444 colore
1018 1404 1066 1444 et
1091 1395 1263 1444 ceteris
1282 1395 1561 1460 pigmentis,
1582 1397 1823 1447 habentes
1849 1396 2042 1448 simula·
2069 1415 2115 1455 15

292 1495 374 1527 cra
404 1479 500 1527 oris
534 1477 686 1525 lintea
719 1478 909 1540 gipsata
946 1487 994 1526 et
1024 1476 1157 1526 vario
1191 1480 1356 1527 colore
1390 1479 1640 1541 distincta,
1664 1497 2042 1544 nonnumquam

293 1571 342 1610 et
372 1561 500 1608 colla
533 1568 581 1608 et
611 1575 788 1608 manus
822 1568 954 1608 creta
987 1569 1329 1623 perungentes,
1366 1571 1419 1610 ut
1449 1563 1513 1611 ad
1550 1578 1790 1625 personae
1826 1564 2042 1612 colorem

293 1643 603 1706 pervenirent
652 1650 700 1690 et
742 1643 999 1704 populum,
1045 1644 1165 1691 dum
1213 1640 1309 1709 [in]
1360 1643 1490 1692 ludis
1537 1653 1751 1707 agerent,
1793 1645 2014 1692 fallerent
2033 1661 2045 1703 3

294 1725 448 1773 modo
473 1724 525 1771 in
545 1725 710 1786 specie
735 1722 837 1781 viri,
860 1725 1011 1772 modo
1036 1723 1086 1772 in
1107 1724 1332 1785 feminae,
1358 1727 1510 1774 modo
1530 1726 1673 1786 tonsi,
1695 1727 1849 1776 modo
1869 1726 2041 1786 criniti,

295 1807 428 1854 anuli
465 1815 514 1855 et
550 1803 771 1867 virginali
809 1815 1070 1868 ceteraque
1108 1808 1287 1870 specie,
1314 1816 1474 1856 aetate
1507 1823 1726 1870 sexuque
1757 1807 1964 1868 diverso,
1993 1819 2046 1858 ut
2072 1825 2121 1852 20

180 1899 272 1936 120
297 1890 468 1937 fallant
492 1888 749 1951 populum,
772 1888 893 1935 dum
920 1886 970 1934 in
997 1889 1125 1937 ludis
1149 1898 1317 1952 agunt.
1389 1889 1531 1947 Quae
1558 1888 1746 1952 species
1771 1890 2046 1953 argumenti

298 1972 532 2021 translata
561 1977 635 2018 est
668 1969 719 2016 in
753 1969 828 2017 his
863 1968 948 2031 qui
982 1970 1105 2018 falso
1136 1972 1274 2019 vultu
1311 1970 1549 2020 incedunt
1580 1980 1628 2020 et
1653 1970 1886 2020 simulant
1910 1976 2046 2036 quod

298 2070 400 2102 non
441 2060 568 2100 sunt.
645 2051 776 2099 Nam
817 2052 1102 2114 hypocritae
1144 2053 1242 2101 dici
1281 2069 1383 2102 non
1422 2062 1642 2116 possunt,
1685 2070 1743 2102 ex
1780 2070 1882 2116 quo
1920 2054 2047 2102 foras

196 2147 275 2182 121
299 2133 516 2184 exierint.
594 2135 863 2192 HumatUS,
891 2134 1029 2195 quod
1055 2133 1115 2182 sit
1140 2136 1295 2183 humo
1321 2144 1494 2195 tectus,
1521 2134 1573 2184 id
1598 2143 1670 2185 est
1694 2137 1927 2198 sepultus.

1164 2233 1187 2278 I
2075 2248 2122 2288 25

191 2323 277 2359 122
440 2309 748 2374 Ingeniosus,
793 2313 929 2373 quod
968 2311 1099 2360 intus
1138 2311 1236 2360 vim
1280 2312 1460 2361 habeat
1501 2312 1735 2376 gignendi
1777 2312 2050 2376 quamlibet

301 2403 471 2443 artem.
548 2394 786 2441 Inventor
810 2393 972 2442 dictus
1001 2391 1108 2460 [eo]
1136 2395 1272 2457 quod
1305 2394 1356 2442 in
1389 2410 1447 2444 ea
1471 2411 1599 2458 quae
1632 2394 1821 2457 quaerit
1846 2393 2045 2445 invenit.

301 2477 451 2524 Vnde
488 2484 536 2523 et
571 2474 677 2537 ipsa
713 2491 840 2537 quae
876 2478 1151 2538 appellatur
1185 2476 1420 2537 inventio,
1460 2477 1499 2525 si
1535 2476 1671 2526 verbi
1707 2476 1945 2539 originem
1981 2493 2049 2526 re-

303 2568 583 2616 tractemus,
607 2555 729 2619 quid
753 2556 888 2606 aliud
914 2568 1111 2607 resonat
1137 2559 1230 2607 nisi
1257 2559 1372 2621 quia
1397 2557 1616 2607 invenire
1641 2567 1714 2607 est
1739 2559 1790 2606 in
1814 2549 1865 2607 id
1884 2558 2049 2607 venire

360 2697 384 2723 2
415 2685 608 2724 adelinus
629 2685 670 2723 Β
779 2686 931 2725 honori
952 2687 1095 2736 Arev„
1105 2688 1210 2737 fort.
1233 2692 1329 2726 recte
1454 2690 1480 2726 6
1510 2688 1621 2727 dicta
1649 2700 1732 2728 om.
1766 2686 1833 2726 TC
1952 2701 1974 2736 7
1996 2689 2048 2726 ad

306 2754 390 2779 om.
419 2739 456 2777 T
558 2741 583 2778 8
604 2741 630 2778 τ’.
650 2754 681 2778 e.
707 2740 929 2780 Onerosus
952 2772 961 2781 .
986 2772 996 2781 .
1023 2773 1034 2782 .
1058 2748 1259 2781 oneratus
1370 2755 1396 2792 9
1418 2742 1546 2794 sicut]
1569 2742 1658 2781 sive
1686 2741 1725 2780 -T
1817 2742 2050 2781 sceleratur

309 2794 357 2833 Cl
519 2807 568 2833 10
597 2795 673 2845 pili
694 2795 888 2834 sordidus
918 2793 955 2833 T
1058 2798 1102 2835 in
1123 2809 1204 2836 om.
1238 2795 1276 2834 T
1377 2797 1556 2836 latinum
1575 2795 1700 2835 BCT
1833 2808 1879 2835 11
1912 2796 2050 2836 bonus

308 2848 354 2887 K
451 2862 499 2888 12
519 2849 600 2899 pal.
624 2850 728 2900 ost.]
749 2851 920 2889 simulat
938 2849 980 2888 Β
1081 2863 1129 2901 13
1149 2850 1315 2890 illorum
1337 2850 1378 2888 Β
1492 2864 1540 2902 14
1563 2855 1763 2890 contexta
1781 2849 1824 2888 Β
1937 2852 1987 2890 16
2006 2857 2050 2890 et

307 2916 395 2942 var.
420 2903 497 2943 col.
525 2904 602 2943 dis.
626 2917 709 2942 om.
733 2902 780 2942 K
797 2906 899 2955 (non
919 2905 984 2956 Α)
1139 2906 1258 2944 varia
1280 2905 1331 2944 Cl
1444 2918 1491 2955 17
1521 2905 1587 2957 ut]
1610 2912 1653 2945 et
1682 2905 1718 2943 T
1879 2906 1927 2943 18
1958 2906 1999 2944 in
2021 2906 2047 2946 1.

308 2957 469 2998 BCIK:
502 2958 638 2998 laudis
667 2957 705 2995 T
792 2971 841 3008 19
860 2960 985 2999 modo
1005 2960 1102 2999 fem.
1125 2959 1168 2997 B
1260 2973 1312 2999 20
1332 2961 1447 2999 anuli
1472 2960 1515 3013 (i.
1532 2973 1562 3001 e.
1585 2960 1721 3011 anuli)
1743 2959 1810 3000 K:
1839 2960 1940 2998 anili
1961 2959 2031 2998 Β]
2040 2973 2048 2998 :

307 3012 421 3051 anoli
443 3011 523 3051 CT
624 3012 854 3063 virginaria
877 3014 926 3053 C1
1036 3027 1085 3053 21
1117 3015 1377 3065 argumentis
1397 3015 1438 3053 Β
1547 3026 1599 3063 23
1628 3014 1732 3054 soris
1753 3013 1789 3053 C
1895 3016 1949 3053 26
1967 3027 2050 3065 quo

310 3066 356 3104 K
375 3067 478 3115 (non
497 3066 560 3119 A)
710 3080 762 3117 27
789 3068 944 3118 artem]
967 3082 1055 3108 rem
1075 3067 1117 3106 Β
1230 3082 1280 3108 eo
1302 3070 1393 3109 hab.
1419 3069 1512 3108 ΑΚ
1529 3083 1539 3108 :
1569 3082 1652 3109 om.
1676 3068 1782 3108 BCI
1788 3067 1825 3107 T
1935 3069 2048 3119 quod

310 3134 362 3160 ea
384 3120 419 3160 C
551 3123 669 3161 venit
688 3121 729 3160 B
894 3125 946 3162 28
976 3137 1059 3173 que
1079 3123 1404 3175 appellaturque
1425 3123 1509 3164 inv.
1541 3122 1578 3161 T
1690 3136 1742 3173 29
1772 3122 1882 3174 quod
1903 3123 1956 3163 al.
1989 3120 2042 3162 T¹

2119 3102 2176 3151 *t
