2176 3424
1075 125 1348 174 lSIDORI

332 250 430 300 vuli
457 250 629 315 pupilli
655 250 898 301 dicuntur.
955 256 1103 302 Hanc
1129 255 1350 317 plerique
1375 257 1611 319 pupulam
1637 265 1816 305 vocant
1839 275 1847 304 ε
1885 265 2088 305 vocatur

333 341 499 381 autem
537 333 724 397 pupilla
757 338 893 397 quod
933 335 995 384 sit
1025 354 1146 399 pura
1170 346 1320 400 atque
1350 337 1603 401 inpolluta,
1644 347 1698 387 ut
1729 347 1844 386 sunt
1877 340 2084 401 puellae.

335 413 530 477 Physici
562 414 735 464 dicunt
765 418 966 465 easdem
993 420 1219 481 pupillas,
1247 435 1369 481 quas
1396 418 1622 468 videmus
1654 420 1704 467 in
1741 418 1912 478 oculis,
1943 419 2086 468 mori-

333 505 467 544 turos
515 506 630 545 ante
675 499 892 547 triduum
938 516 1040 547 non
1082 500 1278 559 habere,
1324 499 1504 563 quibus
1547 518 1650 550 non
1692 500 1806 550 visis
1844 509 1975 550 certa
2014 509 2087 548 est

244 579 305 638 38
333 577 626 642 desperatio.
703 579 929 629 Circulus
971 597 1100 641 vero,
1146 598 1246 644 quo
1282 599 1311 629 a
1349 581 1535 645 pupilla
1573 583 1716 631 albae
1754 591 1916 646 partes
1956 580 2088 631 oculi
2112 604 2133 642 5

334 668 621 723 separantur
657 660 870 710 discreta
894 661 1164 725 nigredine,
1192 680 1376 712 corona
1401 663 1593 724 dicitur,
1622 666 1758 727 quod
1783 664 2087 714 rotunditate

237 746 306 793 39
334 741 409 790 sui
435 751 576 791 ornet
600 742 845 791 ambitum
876 743 1107 806 pupillae.
1180 746 1452 807 Palpebrae
1489 756 1603 794 sunt
1638 746 1772 794 sinus
1811 747 2084 806 oculorum,

332 840 361 871 a
386 823 708 887 palpitatione
725 824 901 884 dictae,
922 824 1038 887 quia
1054 842 1248 888 semper
1274 836 1548 875 moventur.
1610 827 1926 877 Concurrunt
1952 828 2084 876 enim

332 905 559 966 invicem,
572 915 625 954 ut
640 908 842 955 assiduo
859 916 1000 955 motu
1017 909 1239 956 reficiant
1255 907 1501 957 obtutum.
1542 908 1771 958 Munitae
1789 918 1901 958 sunt
1917 919 2084 958 autem

331 989 460 1036 vallo
481 987 785 1051 capillorum,
809 998 862 1036 ut
881 986 969 1054 [et]
988 990 1166 1052 apertis
1188 989 1344 1038 oculis
1365 991 1404 1038 si
1425 989 1545 1052 quid
1562 990 1789 1039 inciderit
1809 992 2083 1054 repellatur,

238 1078 307 1125 40
332 1078 380 1118 et
420 1086 597 1118 somno
637 1069 984 1119 coniventibus
1024 1081 1279 1133 tamquam
1317 1070 1526 1120 involuti
1567 1074 1825 1136 quiescant
1862 1075 2084 1122 latenteS.

334 1153 394 1199 In
432 1151 715 1200 summitate
763 1162 930 1200 autem
987 1153 1332 1215 palpebrarum
1376 1153 1511 1213 locis,
1563 1154 1742 1217 quibus
1782 1172 1833 1203 se
1878 1164 2086 1218 utraque

331 1236 499 1283 clausa
523 1235 834 1296 contingunt,
862 1243 1028 1282 extant
1057 1234 1226 1283 adnati
1253 1234 1427 1284 ordine
1461 1245 1652 1284 servato
1682 1236 1846 1299 capilli
1880 1238 2083 1284 tutelam

333 1316 488 1366 oculis
524 1315 870 1375 ministrantes,
898 1332 961 1364 ne
993 1315 1243 1364 inruentes
1275 1316 1416 1365 facile
1450 1316 1647 1365 iniurias
1679 1317 1924 1381 excipiant
1954 1327 2002 1366 et
2028 1335 2085 1365 ex

335 1417 395 1448 eo
437 1407 723 1457 noceantur,
765 1407 818 1446 ut
859 1399 1071 1460 pulveris
1114 1400 1191 1446 vel
1234 1397 1526 1462 cuiusquam
1567 1401 1814 1448 crassioris
1855 1397 2085 1447 materiae

334 1491 533 1530 arceant
559 1489 859 1538 contactum,
887 1489 972 1527 aut
997 1479 1158 1542 ipsum
1198 1497 1398 1543 quoque
1423 1497 1586 1529 aerem
1615 1482 1930 1530 concidendo
1963 1478 2086 1527 miti-

254 1574 312 1619 41
337 1565 499 1622 ficent,
540 1579 640 1624 quo
680 1571 880 1609 tenuem
913 1571 1063 1624 atque
1107 1578 1334 1610 serenum
1375 1561 1555 1611 faciant
1586 1562 1758 1611 visum.
1833 1562 2085 1611 Lacrimas

335 1644 539 1707 quidam
564 1661 593 1692 a
618 1642 914 1691 laceratione
941 1642 1119 1692 mentis
1144 1652 1319 1705 putant
1345 1643 1502 1692 dictas
1520 1662 1534 1704 3
1568 1643 1649 1692 alii
1675 1644 1955 1693 existimant
1971 1644 2085 1694 ideo

243 1740 310 1786 42
335 1727 472 1789 quod
497 1724 675 1775 Graeci
701 1725 874 1788 δάκρυα
909 1734 1100 1772 vocant.
1189 1723 1318 1774 Cilia
1355 1734 1467 1773 sunt
1504 1725 1720 1788 tegmina
1756 1726 1936 1790 quibus
1973 1743 2087 1789 ope-

334 1809 523 1855 riuntur
555 1806 700 1866 oculi,
728 1815 777 1855 et
807 1805 941 1854 dicta
974 1805 1084 1853 cilia
1117 1808 1253 1868 quod
1284 1807 1446 1855 celent
1471 1809 1643 1855 oculos
1677 1817 1945 1871 tegantque
1979 1818 2086 1857 tuta

333 1888 573 1938 custodia.
648 1887 917 1951 Supercilia
949 1888 1094 1947 dicta,
1127 1886 1242 1949 quia
1276 1887 1586 1951 superposita
1615 1899 1731 1938 sunt
1764 1890 1886 1939 ciliis
1904 1909 1918 1951 3
1955 1908 2082 1954 quae

332 1969 518 2019 idcirco
555 1968 664 2033 pilis
691 1968 864 2017 vestita
896 1978 1010 2017 sunt
1039 1979 1093 2017 ut
1127 1969 1282 2017 oculis
1313 1968 1623 2019 munimenta
1659 1974 1997 2033 praetendant,
2035 1983 2083 2022 et

333 2053 564 2100 sudorem
604 2068 633 2098 a
658 2050 818 2114 capite
845 2052 1147 2099 defluentem
1174 2052 1438 2113 depellant.
1527 2052 1832 2102 Intercilium
1859 2071 1974 2104 vero
2010 2065 2083 2104 est

243 2141 309 2188 43
333 2133 553 2182 medium
585 2133 705 2182 illud
728 2132 855 2181 inter
880 2132 1142 2195 supercilia
1175 2133 1311 2195 quod
1339 2132 1444 2181 sine
1470 2132 1580 2196 pilis
1608 2144 1694 2182 est.
1769 2137 1940 2184 Genae
1968 2145 2082 2184 sunt

331 2213 583 2263 inferiores
603 2215 861 2263 oculorum
882 2223 1057 2276 partes,
1075 2215 1209 2263 unde
1236 2214 1417 2263 barbae
1434 2214 1685 2264 inchoant.
1740 2218 1870 2266 Nam
1893 2219 2081 2268 Graece

390 2358 407 2383 1
444 2345 640 2385 dicuntur
662 2358 746 2384 om.
773 2345 830 2382 Β1
999 2358 1022 2382 2
1054 2343 1212 2394 pupula
1233 2343 1331 2393 quia
1352 2344 1406 2383 sit
1428 2358 1531 2395 pura
1555 2345 1590 2384 C
1696 2353 1741 2386 ut
1762 2346 1883 2396 sunt]
1908 2350 2020 2387 unde
2040 2355 2082 2388 et

333 2399 379 2438 K
396 2400 501 2450 (non
519 2400 583 2451 D)
735 2413 760 2450 3
790 2400 832 2438 in
854 2399 965 2438 oculi
985 2399 1068 2438 vid.
1100 2398 1138 2436 T
1241 2399 1466 2438 morituras
1486 2400 1528 2439 B
1678 2413 1703 2449 5
1738 2415 1819 2451 quo
1839 2401 1883 2454 a]
1906 2409 2009 2452 quot
2034 2403 2085 2441 Tl

332 2458 358 2493 6
389 2455 661 2505 nigretudine
685 2454 735 2492 C1
846 2454 979 2505 quod]
1003 2467 1112 2504 quae
1133 2452 1197 2490 B:
1230 2453 1327 2503 quia
1357 2454 1392 2493 C
1501 2467 1521 2503 7
1553 2454 1616 2493 sui
1637 2469 1718 2495 om.
1743 2456 1790 2494 K
1898 2459 2082 2508 pupulae

333 2509 404 2548 K:
448 2523 546 2559 pup.
579 2509 740 2548 Volvos
775 2509 943 2558 quidam
975 2508 1136 2558 (autem
1173 2508 1213 2547 U
1230 2522 1238 2546 :
1281 2521 1347 2546 au.
1382 2509 1551 2557 quidam
1590 2509 1670 2561 T2)
1711 2511 1926 2562 appellant
1964 2513 2081 2562 ipsos

331 2564 512 2603 vertices
533 2565 750 2603 oculorum
771 2577 796 2603 a
815 2563 1093 2603 similitudine
1113 2564 1333 2601 volvorum
1353 2562 1388 2600 C
1391 2563 1428 2601 T
1433 2563 1497 2601 2U
1509 2565 1610 2614 (non
1625 2564 1688 2614 X)
1875 2566 2082 2616 Palpebra

334 2625 400 2658 est
420 2649 431 2659 .
457 2648 467 2658 .
490 2649 499 2658 .
523 2619 634 2658 dicta
653 2617 699 2656 K
825 2620 851 2656 8
880 2618 1000 2670 quia]
1022 2630 1128 2668 quae
1151 2617 1221 2657 K:
1251 2630 1331 2666 qua
1351 2617 1392 2655 Β
1516 2632 1542 2667 9
1570 2620 1728 2659 monita
1748 2626 1812 2659 est
1833 2633 1896 2660 an.
1922 2621 2019 2660 villo
2039 2621 2086 2660 K

338 2687 386 2712 10
407 2679 450 2713 et
462 2673 556 2712 hab.
574 2672 673 2712 CT:
693 2686 777 2713 om.
790 2672 879 2711 ΒΚ
987 2672 1216 2722 repellatur
1229 2685 1308 2711 om.
1326 2673 1366 2710 Β
1481 2685 1524 2711 11
1551 2674 1878 2713 conhibentibus
1895 2674 1947 2714 C:
1969 2676 2082 2714 cohi-

333 2728 530 2767 bentibus
543 2727 633 2765 BK
743 2741 792 2766 12
821 2741 868 2766 se
885 2741 966 2767 om.
982 2727 1024 2764 B
1139 2740 1186 2776 13
1207 2727 1352 2765 adnoti
1368 2726 1481 2766 BK:
1501 2727 1674 2766 adfatim
1693 2729 1728 2767 C
1808 2742 1899 2778 cap.
1915 2742 2027 2769 serv.
2041 2730 2082 2768 B

338 2796 385 2833 15
409 2783 709 2832 cuiuscumque
726 2782 772 2821 K
853 2788 951 2820 mat.
970 2781 1152 2821 crass.B
1258 2782 1306 2819 16
1326 2788 1546 2821 contactus
1574 2781 1647 2820 le
1677 2789 1833 2822 tactum
1854 2783 1902 2821 K
1981 2798 2081 2823 con-

332 2838 560 2877 cidendum
580 2836 627 2875 K
738 2838 786 2875 18
815 2842 934 2886 putat
957 2836 992 2875 C
1090 2835 1206 2887 ideo]
1231 2848 1282 2874 eo
1307 2835 1342 2875 C
1451 2850 1501 2887 19
1529 2836 1658 2889 quod]
1680 2838 1776 2887 quia
1796 2837 1844 2876 K
1940 2839 2083 2878 dasria

343 2892 396 2931 T:
427 2891 607 2932 dassiria
626 2891 673 2930 K
690 2905 700 2930 ε
729 2891 908 2930 darsiria
928 2890 1009 2930 BC
1123 2890 1426 2941 cooperiuntur
1445 2890 1526 2931 BC
1684 2906 1737 2931 20
1764 2892 1897 2943 quod]
1920 2894 2018 2943 quia
2039 2892 2086 2931 K

334 2946 478 2986 totaB
589 2959 637 2984 21
663 2945 789 2996 ciliis]
812 2945 946 2984 oeulis
963 2945 1008 2984 K
1023 2960 1031 2985 ε
1063 2945 1206 2984 ciliciis
1222 2945 1262 2982 Β
1371 2959 1424 2984 22
1451 2946 1703 2994 praetedant
1718 2946 1764 2984 K
1781 2959 1790 2985 :
1819 2948 2081 2996 praecedant

334 3000 375 3038 Β
541 3014 593 3051 23
622 3013 725 3040 vero
745 3000 852 3039 med.
871 2999 918 3038 K
1081 3013 1129 3048 24
1163 3000 1297 3051 quod]
1320 3001 1418 3050 quia
1441 2999 1486 3038 K

2111 1010 2162 1038 10

2113 1415 2160 1456 15

2110 1829 2158 1856 20

2107 2238 2156 2278 ²5
