2176 3424
546 121 1180 171 ETYMOLOGIARVM
1219 120 1346 169 LIB.
1386 122 1433 167 X

121 252 268 302 etiam
299 261 347 302 et
382 251 659 301 meretrices
689 253 913 315 petulcas
950 267 1197 300 vocamus.
1274 247 1615 317 [Productus]
1688 248 1865 315 [Pisin-

121 332 252 400 nus.]

961 416 1008 475 Q

188 486 435 558 Quaestor
458 513 485 544 a
511 498 795 560 quaerendo
815 495 989 555 dictus,
1013 496 1153 559 quasi
1178 494 1439 559 quaesitor.
1501 496 1859 556 Quaestuosus.
1884 509 1982 555 232

71 592 92 631 5
119 578 540 640 Querimoniosus.
633 579 894 640 Querulus‚
937 577 1052 640 quia
1093 579 1361 641 querellam
1401 576 1562 626 infert.
1632 574 1858 636 Quietus,
1884 591 1982 639 233

118 661 255 723 quod
280 660 341 709 sit
367 660 470 724 ipse
495 659 588 709 sibi
606 659 774 708 animo
800 675 1014 719 securus,
1044 659 1294 708 neminem
1321 667 1542 722 tangens.

955 744 1001 789 R

186 823 462 887 Religiosus
481 823 547 872 ait
565 823 740 873 Cicero
758 821 929 889 (Deor.
945 825 1057 872 Nat.
1076 842 1116 883 2,
1134 823 1212 888 72)
1228 842 1256 872 a
1275 824 1540 887 relegendo
1560 823 1836 886 appellatus
1848 839 1860 882 3
1882 841 1981 889 234

117 905 200 969 qui
226 914 450 955 retractat
475 914 522 954 et
548 915 801 969 tamquam
823 906 991 969 relegit
1008 922 1066 954 ea
1081 923 1208 970 quae
1228 907 1292 954 ad
1309 907 1497 954 cultum
1517 904 1739 954 divinum
1757 921 1858 968 per-

46 1011 94 1038 10
116 987 316 1036 tineant.
357 987 428 1035 Hi
448 996 561 1036 sunt
581 987 699 1036 dicti
720 987 930 1051 religiosi
950 1005 1008 1037 ex
1024 989 1302 1051 relegendo,
1322 998 1577 1050 tamquam
1597 1004 1656 1035 ex
1672 988 1861 1050 elegen-

115 1071 180 1118 do
190 1071 449 1132 elegentes,
467 1087 523 1118 ex
535 1069 788 1133 diligendo
798 1070 1070 1133 diligentes,
1085 1087 1142 1119 ex
1160 1070 1492 1133 intellegendo
1504 1069 1857 1132 intellegentes.

118 1150 406 1200 Rationator
425 1150 587 1199 dictus
608 1151 677 1200 vir
699 1169 906 1215 magnus
912 1170 924 1212 3
948 1152 1064 1215 quia
1084 1154 1147 1201 de
1167 1151 1400 1200 omnibus
1424 1151 1585 1211 rebus,
1608 1167 1731 1213 quas
1752 1165 1859 1197 esse
1883 1162 1981 1211 235

116 1233 360 1282 mirabiles
377 1243 583 1292 constat,
603 1243 809 1296 possunt
830 1235 1035 1283 reddere
1052 1236 1305 1284 rationem.
1347 1237 1670 1292 Retractator,
1690 1231 1860 1296 repeti-

114 1323 188 1363 tor
209 1333 221 1376 3
246 1331 362 1362 nam
389 1323 646 1364 retractare
667 1324 739 1364 est
759 1325 976 1379 repetere
997 1317 1133 1379 quod
1150 1316 1398 1366 omiseras.
1450 1315 1782 1379 Resipiscens,
1801 1331 1862 1364 eo
1884 1317 1988 1376 236

45 1418 89 1458 15
115 1397 249 1459 quod
275 1405 493 1444 mentem
521 1396 659 1458 quasi
685 1406 797 1460 post
823 1397 1064 1446 insaniam
1099 1397 1284 1462 recipit,
1311 1408 1395 1447 aut
1426 1398 1542 1461 quia
1572 1396 1750 1461 resapit
1776 1397 1861 1460 qui

115 1493 282 1540 sapere
299 1477 522 1526 desierat.
567 1477 787 1541 Castigat
807 1479 939 1527 enim
961 1497 1012 1528 se
1031 1479 1193 1543 ipsum
1215 1479 1511 1540 dementiae,
1528 1489 1575 1528 et
1601 1480 1861 1528 confirmat

114 1557 335 1606 animum
370 1576 513 1606 suum
539 1561 603 1607 ad
641 1559 818 1609 rectius
844 1560 1130 1622 vivendum,
1155 1578 1333 1611 cavens
1359 1578 1422 1611 ne
1448 1561 1625 1610 iterum
1651 1569 1857 1609 corruat.
1883 1596 1895 1602 -

117 1640 441 1702 Repentinus,
469 1657 497 1689 a
522 1651 739 1704 repente.
793 1645 994 1706 Repens
1019 1652 1185 1692 autem
1213 1652 1261 1692 et
1286 1643 1575 1692 adverbium
1602 1652 1651 1692 et
1678 1659 1860 1690 nornen
1885 1650 1981 1698 237

113 1730 275 1783 potest
314 1738 433 1770 esse.
522 1722 793 1781 Robustus‚
822 1723 974 1785 fortis,
999 1724 1189 1773 validus
1212 1743 1224 1785 ;
1259 1742 1288 1773 a
1312 1724 1600 1773 fortitudine
1624 1724 1861 1772 roboreae

41 1826 92 1854 20
112 1802 298 1851 arboris
322 1804 609 1866 appellatus.
685 1803 923 1867 Rapidus,
947 1807 1086 1854 velox
1112 1806 1339 1869 pedibus.
1414 1809 1617 1869 Raptor,
1637 1823 1697 1855 eo
1723 1806 1860 1869 quod

112 1893 378 1947 corruptor.
452 1886 578 1933 Inde
604 1894 652 1933 et
677 1895 813 1948 rapta
838 1903 898 1935 eo
923 1889 1060 1950 quod
1086 1898 1326 1951 corrupta.
1383 1890 1518 1937 Reus
1542 1905 1572 1936 a
1598 1905 1661 1948 re,
1679 1888 1743 1935 de
1763 1903 1862 1950 qua
1882 1889 1981 1948 238

111 1965 355 2014 obnoxius
383 1975 470 2026 est,
499 1976 547 2015 et
584 1976 772 2015 reatum
798 1985 826 2016 a
851 1985 935 2016 reo
962 1966 1077 2034 [est]
1105 1978 1469 2032 nuncupatum.
1544 1972 1680 2017 Reus
1712 1967 1858 2017 maie-

111 2046 247 2095 statis
264 2046 476 2110 primum
497 2047 658 2096 dictus
684 2048 768 2111 qui
793 2050 1029 2098 adversus
1063 2051 1419 2114 rempublicam
1449 2050 1637 2114 aliquid
1662 2049 1853 2114 egisset,

110 2137 193 2176 aut
218 2128 518 2192 quicumque
544 2129 768 2179 hostibus
795 2131 1138 2181 consensisset.
1210 2131 1388 2181 Dictus
1421 2141 1587 2182 autem
1617 2149 1727 2181 reus
1761 2149 1859 2180 ma-

38 2237 56 2264 2
64 2235 85 2276 5
110 2210 307 2269 iestatis,
352 2210 467 2273 quia
506 2210 661 2260 maius
696 2221 768 2260 est
810 2213 1004 2261 laedere
1043 2211 1250 2276 patriam
1294 2230 1443 2277 quarn
1484 2213 1641 2263 civem
1682 2231 1852 2261 unum.

111 2293 288 2340 Postea
313 2291 460 2341 etiam
481 2301 529 2340 et
555 2291 586 2340 ii
612 2292 679 2341 rei
706 2293 972 2342 maiestatis
998 2294 1117 2343 dicti
1138 2304 1250 2344 sunt
1271 2295 1356 2358 qui
1374 2297 1608 2345 adversus
1635 2294 1856 2344 maiesta-

166 2434 184 2459 1
217 2421 427 2473 petulcas]
451 2434 542 2460 -cus
572 2421 607 2459 T
687 2422 810 2462 Prod.
837 2423 897 2462 Pi.
923 2423 1016 2462 hab.
1039 2423 1247 2463 ABCIU:
1268 2438 1348 2464 om.
1371 2424 1510 2464 KMT
1587 2425 1710 2466 Prod.
1730 2426 1852 2475 quasi

107 2488 233 2525 porro
254 2477 404 2514 ductus
424 2475 503 2514 CU
583 2476 748 2516 Pirinus
764 2477 805 2515 A
829 2492 837 2516 :
862 2478 1061 2517 Pisinnus
1083 2492 1106 2516 a
1128 2480 1305 2528 pusione
1326 2479 1425 2520 CU:
1452 2480 1619 2519 Pisinus
1633 2494 1657 2519 a
1673 2481 1851 2531 posione

107 2528 155 2566 Χ
261 2544 285 2580 4
307 2530 496 2579 Questus
510 2529 556 2568 K
569 2545 576 2569 :
598 2531 826 2580 Quaesitor
846 2546 944 2572 corr.
963 2537 1037 2571 -st-
1054 2538 1101 2572 ut
1114 2534 1193 2573 vid.
1214 2534 1254 2572 A
1360 2534 1534 2584 Quaest.
1557 2535 1686 2583 Quer.
1705 2547 1789 2574 om.
1810 2534 1856 2575 K

108 2585 211 2636 (non
230 2584 292 2634 A)
313 2599 322 2623 :
349 2584 498 2633 Quest.
518 2598 635 2635 quer.
657 2585 856 2626 Schwarz
1029 2590 1055 2626 6
1084 2588 1138 2627 sit
1156 2601 1238 2627 om.
1261 2588 1307 2626 K
1457 2591 1482 2628 8
1511 2589 1563 2628 ab
1583 2590 1795 2639 elegendo
1821 2589 1857 2627 T

105 2638 340 2689 appellatos
369 2639 419 2678 Tl
444 2642 546 2688 (non
567 2640 677 2692 AU)
802 2655 828 2691 9
858 2647 984 2692 tamq.
1001 2643 1204 2682 velociter
1224 2657 1305 2694 que
1325 2644 1377 2682 ad
1403 2644 1445 2682 U
1566 2658 1614 2683 10
1644 2650 1769 2694 tamq.
1794 2657 1850 2683 ex

106 2693 291 2743 legendo
314 2693 348 2731 C
367 2709 375 2732 :
405 2707 488 2733 om.
512 2694 553 2732 A
577 2709 586 2733 ε
608 2701 732 2744 tamq.
755 2709 809 2734 ex
831 2697 884 2736 el.
906 2698 956 2736 el.
981 2711 1063 2736 om.
1082 2696 1129 2735 K
1293 2711 1341 2736 12
1362 2698 1479 2750 quia]
1505 2699 1576 2749 qui
1597 2699 1638 2736 Β
1660 2699 1761 2750 (non
1781 2698 1845 2748 A>

111 2761 158 2797 13
177 2753 374 2787 constant
394 2747 556 2799 K(non
568 2749 629 2801 A)
717 2763 845 2799 posse
863 2752 898 2791 C
912 2751 1014 2801 (non
1029 2751 1094 2803 A)
1173 2752 1400 2791 Retractor
1414 2753 1471 2790 Β1
1580 2766 1627 2801 r4
1648 2754 1849 2792 omiserat

116 2801 152 2840 T
270 2813 317 2852 15
348 2804 509 2852 recepit
528 2802 575 2841 K
663 2805 781 2856 quia]
803 2819 884 2855 qua
914 2805 950 2843 T
1066 2807 1114 2844 16
1145 2807 1358 2846 desiderat
1378 2806 1489 2846 BIT
1576 2808 1790 2846 dementia
1810 2807 1850 2846 Β

112 2857 159 2895 18
179 2870 203 2896 a
217 2862 439 2907 repetente
461 2857 498 2895 T
604 2871 654 2908 19
673 2859 823 2899 robore
845 2859 915 2900 TC
1022 2874 1075 2899 20
1097 2860 1224 2911 Rapt.
1245 2893 1253 2901 .
1274 2891 1283 2902 .
1300 2892 1310 2902 .
1329 2875 1436 2902 corr.
1449 2867 1546 2914 post
1560 2868 1848 2912 nuncupatum

108 2910 153 2960 (§
171 2912 267 2963 238)
285 2911 331 2949 K
482 2926 529 2951 21
554 2926 661 2952 corr.
685 2913 746 2953 C:
775 2927 880 2954 corr.
905 2921 970 2954 est
991 2914 1118 2953 BIT:
1149 2928 1255 2955 corr.
1279 2917 1336 2956 sit
1355 2915 1403 2955 K
1534 2929 1578 2956 re
1601 2916 1674 2967 de]
1696 2922 1786 2956 rete
1807 2916 1854 2956 K

109 2977 159 3002 22
190 2965 383 3005 obnixius
405 2965 450 3005 K
545 2973 665 3007 reatu
688 2967 734 3005 K
825 2975 890 3008 est
909 2970 1000 3010 hab.
1024 2969 1136 3008 BIK
1150 2984 1158 3008 ε
1189 2983 1271 3011 om.
1306 2970 1360 3010 T:
1380 2971 1440 3010 bis
1459 2970 1550 3011 hab.
1574 2970 1609 3010 C
1627 2970 1710 3021 (est
1730 2985 1755 3011 a
1775 2984 1847 3011 reo

109 3019 197 3071 est)
304 3033 353 3069 24
383 3021 474 3072 aut]
500 3027 542 3060 ut
572 3021 608 3059 T
712 3034 762 3072 25
784 3024 917 3064 maius
938 3026 1030 3063 eius
1051 3024 1076 3064 1.
1110 3023 1146 3062 T
1248 3026 1300 3063 26
1329 3024 1614 3077 maiestatem]
1636 3031 1717 3066 -tes
1738 3026 1777 3065 Β

914 3127 1036 3164 Ee2
