2176 3424
355 133 984 184 ETYMOLOGIARVM
1027 136 1153 181 LIB.
1192 137 1330 182 XVI.
1370 134 1574 181 xviii—xx

95 264 431 313 centenarium
458 280 627 312 saxum
655 279 957 326 superponas
984 263 1160 323 oneris,
1179 263 1343 312 statim
1369 263 1561 312 resistit.
1616 263 1700 312 Sin
1727 281 1842 312 vero

93 347 197 393 auri
224 345 504 409 scripulum,
533 344 782 394 levitatem
809 344 912 393 eius
929 344 1105 408 raptim
1133 347 1241 394 sinu
1262 345 1433 408 recipit
1453 364 1464 405 3
1497 363 1555 394 ex
1580 362 1680 408 quo
1705 344 1843 394 intel-

94 425 268 489 legitur
286 443 388 475 non
404 427 613 489 pondus,
634 428 721 474 sed
742 434 965 474 naturam
992 443 1099 475 esse
1120 428 1198 475 cui
1217 425 1362 475 cedit.
1430 428 1657 476 Servatur
1675 436 1840 475 autem

94 507 269 557 melius
285 507 336 556 in
353 507 517 556 vitreis
537 507 746 556 vasculis
765 525 777 568 3
812 523 927 555 narn
954 517 1140 557 ceteras
1167 507 1393 557 materias
1420 510 1642 571 perforat.
1696 510 1840 557 Potui

45 612 66 650 5
93 599 259 638 autem
293 591 464 638 datum
502 589 731 639 interficit
770 589 1003 653 ponderis
1042 607 1202 639 causa.
1277 590 1481 654 Argenti
1520 599 1843 654 purgamenta
1864 606 1897 653 4

93 674 384 739 λιθάργυρος,
413 689 561 735 quam
588 688 678 720 nos
705 688 931 734 spumam
948 672 1134 736 argenti
1149 674 1469 735 appellamus.
1523 673 1601 721 Fit
1626 672 1759 722 enim
1785 690 1843 721 ex

93 763 296 817 argento
321 762 369 802 et
394 753 601 817 plumbo
626 752 705 801 ita.

231 838 314 884 DE
347 851 497 883 AERE.
571 838 670 884 Aes
703 836 766 884 ab
801 837 1063 899 splendore
1098 836 1221 885 aeris
1247 846 1492 896 vocatum,
1520 836 1645 885 sicut
1670 854 1843 886 aurum
1867 846 1951 884 XX

96 927 143 966 et
181 926 451 981 argentum.
542 918 692 980 Apud
733 917 964 981 antiquos
1008 927 1173 967 autem
1213 918 1343 981 prior
1380 921 1503 967 aeris
1543 935 1691 981 quam
1736 918 1845 968 ferri

13 1016 73 1044 110
96 1000 321 1064 cognitus
347 1016 476 1048 usus.
549 1002 678 1047 Aere
712 999 896 1063 quippe
927 999 1070 1063 primi
1103 1000 1489 1064 proscindebant
1515 1010 1706 1062 terram,
1735 1019 1846 1050 aere

95 1081 362 1131 certamina
395 1082 509 1130 belli
541 1081 790 1144 gerebant,
828 1091 1029 1145 eratque
1063 1082 1114 1130 in
1151 1082 1307 1145 pretio
1338 1081 1491 1146 magis
1522 1100 1604 1132 aes
1622 1101 1636 1144 ;
1671 1099 1845 1131 aurum

95 1177 209 1209 vero
235 1169 283 1209 et
307 1168 562 1224 argentum
583 1169 782 1223 propter
800 1159 1116 1210 inutilitatem
1138 1160 1480 1211 reiciebantur.
1534 1163 1582 1211 N
1586 1178 1684 1211 unc
1708 1178 1846 1210 versa

95 1242 200 1291 vice
228 1241 390 1306 (Lucr.
414 1256 455 1305 5,
485 1241 663 1306 1275):

365 1326 502 1372 Iacet
538 1340 634 1383 aes,
673 1340 845 1372 aurum
884 1323 934 1371 in
973 1341 1224 1372 summum
1261 1324 1407 1373 cessit
1444 1327 1714 1374 honorem:

29 1425 72 1465 ¹5
232 1405 300 1454 sic
336 1406 579 1454 volvenda
614 1415 747 1454 aetas
784 1415 1057 1454 commutat
1094 1415 1317 1469 tempora
1352 1422 1527 1466 rerum,
1567 1416 1615 1456 et

232 1489 369 1550 quod
405 1486 496 1535 fuit
531 1486 582 1534 in
618 1487 775 1550 pretio
813 1489 866 1536 fit
902 1490 1039 1536 nullo
1075 1487 1291 1551 denique
1327 1489 1529 1537 honore.

98 1572 228 1617 Vsus
253 1569 376 1618 aeris
402 1577 574 1632 postea
593 1568 781 1617 transiit
806 1568 857 1616 in
878 1568 1162 1629 simulacris,
1185 1569 1235 1617 in
1261 1569 1401 1630 vasis,
1430 1569 1481 1617 in
1505 1569 1843 1618 aedificiorum

98 1647 349 1696 structuris
368 1666 380 1708 ;
417 1646 628 1695 maxime
653 1655 701 1696 et
725 1649 789 1696 ad
826 1647 1203 1711 perpetuitatem
1237 1658 1671 1697 monumentorum
1698 1648 1845 1697 etiam

100 1728 328 1792 publicae
364 1728 414 1776 in
451 1728 520 1777 eis
557 1728 934 1778 constitutiones
972 1729 1179 1793 scriptae
1217 1739 1342 1778 sunt.
1416 1730 1652 1793 Cyprium
1682 1747 1764 1779 aes
1798 1730 1847 1778 in
1870 1746 1900 1778 2

29 1833 78 1860 20
103 1812 266 1874 Cypro
291 1810 450 1859 insula
474 1809 606 1874 prius
624 1821 884 1874 repertum,
904 1813 1039 1861 unde
1064 1821 1112 1861 et
1137 1822 1382 1872 vocatum,
1402 1813 1585 1860 factum
1606 1830 1664 1861 ex
1683 1812 1848 1876 lapide

99 1908 284 1952 aeroso‚
314 1909 462 1955 quern
488 1892 734 1941 cadmiam
755 1903 935 1942 vocant
954 1912 966 1953 3
991 1903 1038 1942 et
1064 1903 1136 1942 est
1162 1893 1360 1942 ductile.
1424 1895 1560 1942 Huic
1581 1894 1620 1943 si
1638 1896 1849 1944 addatur

99 1974 374 2037 plumbum,
403 1976 568 2023 colore
601 1991 847 2037 purpureo
878 1976 944 2024 fit.
1019 1974 1370 2024 Aurichalcum
1408 1975 1597 2024 dictum
1631 1978 1768 2039 quod
1802 1985 1849 2026 et
1874 1982 1903 2027 3

101 2057 414 2118 splendorem
439 2055 543 2103 auri
569 2064 617 2103 et
642 2055 872 2104 duritiam
898 2055 1021 2105 aeris
1046 2055 1309 2119 possideat.
1364 2059 1452 2105 Est
1472 2066 1638 2106 autem
1664 2075 1848 2107 nornen

101 2136 435 2200 compositum
475 2154 534 2185 ex
570 2136 735 2200 lingua
774 2136 951 2185 Latina
987 2147 1034 2186 et
1070 2138 1261 2186 Graeca
1281 2156 1294 2198 3
1331 2155 1414 2187 aes
1450 2138 1582 2187 enim
1621 2156 1849 2189 sermone

31 2236 80 2276 25
106 2220 408 2267 Graecorum
433 2219 608 2282 χαλκὸς
632 2226 847 2266 vocatur.
921 2218 999 2267 Fit
1024 2228 1191 2268 autem
1225 2236 1282 2267 ex
1307 2235 1418 2269 aere
1447 2229 1495 2269 et
1532 2220 1643 2284 igne
1673 2223 1844 2282 multo,

102 2317 160 2348 ac
185 2298 596 2349 medicaminibus
622 2300 906 2362 perducitur
924 2302 987 2349 ad
1007 2317 1209 2349 aureum
1230 2302 1460 2350 colorem.
1518 2303 1845 2352 Corintheum
1868 2315 1901 2361 4

102 2390 175 2430 est
211 2380 497 2430 commixtio
533 2380 756 2430 omniurn
794 2383 1118 2442 metallorum,
1159 2385 1294 2446 quod
1333 2400 1474 2432 casus
1513 2384 1726 2447 primum
1762 2385 1849 2433 rni-

104 2462 243 2523 scuit‚
271 2462 525 2522 Corintho,
554 2480 667 2511 cum
693 2473 960 2526 caperetur,
988 2463 1202 2513 incensa.
1278 2466 1410 2514 Nam
1435 2467 1554 2514 dum
1581 2467 1709 2514 hanc
1740 2466 1852 2515 civi-

104 2553 256 2594 tatem
301 2544 557 2593 Hannibal
596 2544 819 2608 cepisset,
861 2562 1035 2594 omnes
1072 2554 1256 2594 statuas
1293 2563 1472 2596 aeneas
1509 2557 1556 2596 et
1592 2564 1763 2596 aureas
1802 2556 1851 2597 et

163 2685 179 2710 1
212 2674 332 2713 oneri
352 2673 443 2714 dett.
634 2688 658 2713 2
686 2676 926 2725 scrupulum
947 2675 1033 2713 ΒΚ
1165 2690 1217 2715 ex
1239 2690 1321 2727 quo
1343 2707 1352 2717 .
1380 2709 1388 2717 .
1412 2708 1421 2717 .
1446 2677 1558 2717 cedit
1577 2677 1637 2715 bis
1655 2677 1786 2729 script.
1819 2676 1856 2716 T

105 2741 130 2777 3
160 2734 336 2767 naturae
357 2728 398 2767 B
595 2742 615 2778 7
648 2730 705 2769 ita
725 2730 811 2768 BT
826 2744 835 2769 :
865 2731 998 2769 mixta
1017 2729 1063 2766 K
1197 2732 1286 2771 vide
1306 2746 1354 2771 ne
1373 2732 1480 2771 illud
1496 2733 1554 2771 ita
1576 2745 1708 2771 revera
1717 2732 1853 2781 fuerit

99 2781 188 2834 Ka,
211 2783 270 2822 Le.
293 2783 518 2834 capitulum
540 2797 696 2823 novum
805 2799 831 2835 9
860 2786 975 2835 prior
995 2799 1044 2823 ex
1063 2786 1241 2836 primurn
1262 2785 1308 2824 K
1408 2800 1452 2825 11
1486 2787 1850 2836 belligerabantB

110 2849 158 2886 14
187 2851 253 2877 au.
270 2851 433 2877 summo
453 2839 581 2878 cessit
601 2839 763 2878 honore
783 2839 894 2879 codd.
1009 2851 1056 2889 15
1087 2846 1129 2878 et
1149 2853 1229 2880 om.
1251 2841 1373 2881 Lucr.
1489 2844 1537 2880 16
1566 2842 1663 2880 hon.
1688 2842 1787 2882 den.
1807 2840 1854 2879 K

109 2891 213 2941 (non
235 2891 287 2942 C)
373 2906 420 2943 17
450 2894 544 2934 aed.
568 2893 833 2933 instructuris
852 2893 938 2932 BT
1025 2896 1073 2933 18
1101 2908 1126 2934 a
1147 2896 1429 2945 perpetuitate
1450 2895 1496 2933 K
1587 2909 1641 2934 20
1669 2896 1849 2945 primum

109 2958 199 2994 rep.
224 2946 288 2986 est
308 2945 353 2986 Κ
372 2946 474 3000 <non
493 2947 548 2998 C)
717 2961 767 2986 21
801 2962 924 2988 eroso
943 2946 989 2986 K
994 2948 1031 2987 T
1174 2950 1399 2989 cathmiam
1418 2949 1464 2988 K
1470 2950 1524 2989 T:
1556 2949 1791 2990 cadmiamo
1811 2949 1852 2989 Β

110 2999 232 3039 huius
249 2999 290 3039 Β
423 3015 476 3041 22
505 3003 663 3042 dictum
684 3016 767 3041 om.
788 3002 835 3040 K
853 3004 953 3056 (non
976 3004 1030 3054 C)
1171 3018 1222 3054 23
1251 3018 1316 3044 au.
1339 3006 1431 3045 dur.
1465 3004 1502 3043 T
1630 3006 1852 3055 possideat

109 3066 194 3094 om.
215 3052 262 3093 K
278 3054 379 3106 <non
402 3055 438 3095 C
441 3059 455 3107 )
530 3068 581 3106 25
611 3055 783 3108 χαλκὸς]
805 3057 918 3097 calco
939 3057 1048 3097 codd.
1126 3071 1176 3108 27
1208 3060 1318 3109 quod
1347 3059 1406 3099 T:
1436 3072 1562 3108 quam
1583 3058 1622 3097 Β
1643 3064 1690 3098 ut
1707 3059 1788 3100 vid.
1811 3059 1856 3097 K

112 3108 165 3148 28
194 3108 366 3149 incense
393 3108 430 3149 T
534 3123 586 3162 29
613 3118 665 3152 st.
686 3124 773 3151 aur.
797 3125 884 3163 arg.
914 3110 951 3150 T
