2228 3444
425 170 1060 219 ETYMOLOGIARVM
1101 171 1229 218 LIB.
1270 171 1370 218 III.
1407 187 1479 232 xx,
1509 169 1585 218 xxi

139 300 343 363 quando
368 297 563 362 spiritus
589 299 773 348 multus
804 297 950 348 simul
976 299 1235 362 egreditur,
1265 298 1391 348 sicut
1415 300 1645 349 virorum.
1722 302 1884 349 Acuta

141 398 234 430 vox
258 380 432 440 tenuis,
460 382 570 440 alta,
600 381 725 430 sicut
756 380 807 429 in
838 382 1000 429 cordis
1030 380 1271 430 videmus.
1349 383 1486 430 Dura
1516 398 1611 430 vox
1644 390 1732 442 est,
1761 399 1888 444 quae

141 461 379 511 violenter
397 464 575 511 emittit
592 478 754 521 sonos,
775 463 901 511 sicut
921 461 1208 523 tonitruum,
1229 462 1354 512 sicut
1371 463 1567 512 incudis
1586 480 1750 523 sonos,
1770 480 1889 526 quo·

141 544 268 592 tiens
310 545 360 591 in
403 546 583 592 durum
621 546 826 593 malleus
870 544 1139 606 percutitur
1175 547 1371 594 ferrum.
1446 548 1638 608 Aspera
1679 562 1773 592 vox
1815 555 1889 594 est
1911 556 1966 601 13

96 649 116 688 5
141 642 301 684 rauca,
333 635 380 673 et
412 643 538 688 quae
569 627 863 689 dispergitur
893 642 979 689 per
1012 625 1229 675 minutos
1265 635 1314 675 et
1348 627 1665 675 indissimiles
1699 628 1884 689 pulsus.

142 707 306 757 Caeca
331 723 424 755 vox
449 718 534 767 est,
564 725 705 770 quae,
729 724 843 756 mox
869 707 1049 756 emissa
1072 709 1228 768 fuerit,
1250 707 1551 767 conticescit,
1571 718 1720 770 atque
1747 711 1889 756 suffo-

141 797 250 837 cata
274 806 588 852 nequaquam
609 789 802 852 longius
821 788 1119 852 producitur,
1144 790 1269 838 sicut
1295 800 1368 838 est
1394 790 1443 837 in
1463 789 1710 838 fictilibus.
1773 791 1889 838 Vin-

144 872 257 918 nola
283 880 354 918 est
379 887 471 918 vox
502 871 662 919 mollis
692 880 840 933 atque
871 870 1110 919 flexibilis.
1184 874 1247 920 Et
1277 871 1477 920 vinnola
1511 872 1642 920 dicta
1667 888 1696 918 a
1722 870 1887 930 vinno,

143 954 239 1000 hoc
265 962 338 1000 est
370 952 602 1001 cincinno
635 953 845 1001 molliter
875 955 1017 1001 flexo.
1092 956 1315 1002 Perfecta
1345 963 1511 1002 autem
1541 969 1636 1002 vox
1671 962 1744 1001 est
1773 955 1884 1013 alta,
1913 967 1969 1013 14

73 1053 119 1081 ιο
145 1033 304 1082 suavis
342 1043 390 1082 et
426 1035 587 1083 clara:
624 1036 735 1094 alta,
775 1043 829 1082 ut
864 1035 915 1081 in
953 1035 1165 1084 sublime
1202 1035 1409 1084 sufficiat
1428 1053 1440 1095 ,·
1478 1037 1620 1095 clara,
1660 1043 1713 1082 ut
1749 1050 1889 1082 aures

143 1115 426 1179 adinpleat3
463 1116 638 1176 suavis,
671 1126 723 1165 ut
756 1116 948 1165 animos
980 1117 1291 1165 audientium
1325 1116 1563 1165 blandiat.
1637 1117 1685 1164 Si
1718 1133 1776 1165 ex
1815 1116 1889 1164 his

142 1197 329 1261 aliquid
354 1199 577 1258 defuerit,
606 1216 699 1247 vox
725 1200 940 1261 perfecta
968 1216 1066 1247 non
1097 1209 1183 1248 est,

269 1283 352 1328 DE
369 1296 605 1329 SECVNDA
626 1296 911 1342 DIVISIONE,
932 1296 1070 1337 QVAE
1087 1296 1356 1330 ORGANrcA
1374 1296 1604 1328 DICITVR.
1661 1281 1890 1328 Secunda
1916 1286 2022 1324 XXI

143 1371 217 1411 est
253 1362 428 1411 divisio
466 1364 695 1426 organica
732 1363 782 1410 in
819 1363 909 1422 his,
951 1380 1078 1426 quae
1117 1363 1288 1426 spiritu
1332 1365 1535 1412 reflante
1572 1363 1803 1424 conpleta
1839 1362 1888 1409 in

74 1464 118 1505 15
144 1462 321 1494 sonum
348 1446 481 1494 vocis
507 1446 802 1503 animantur,
829 1456 882 1494 ut
909 1454 1022 1494 sunt
1049 1445 1211 1506 tubae,
1240 1444 1431 1502 calami,
1459 1446 1665 1503 fistulae,
1693 1460 1888 1506 organa,

144 1527 396 1591 pandoria,
425 1536 473 1576 et
498 1528 573 1578 his
600 1527 776 1577 similia
796 1527 1139 1577 instrumenta.
1211 1529 1466 1590 Organum
1492 1526 1790 1575 vocabulum
1818 1534 1891 1573 est
1916 1545 1946 1578 2

146 1611 372 1673 generale
397 1627 624 1658 vasorum
652 1609 876 1658 omnium
904 1611 1221 1658 musicorum.
1298 1612 1414 1657 Hoc
1440 1618 1621 1670 autem,
1644 1607 1722 1656 cui
1749 1609 1889 1656 folles

143 1693 456 1750 adhibentur,
482 1694 579 1741 alio
605 1693 782 1741 Graeci
808 1691 1011 1741 nomine
1028 1694 1292 1755 appellant.
1365 1693 1431 1739 Vt
1457 1700 1622 1740 autern
1649 1705 1887 1752 organum

144 1774 348 1832 dicatur,
383 1774 536 1837 magis
571 1789 629 1823 ea
662 1774 870 1838 vulgaris
904 1782 978 1822 est
1009 1776 1311 1823 Graecorum
1342 1774 1668 1822 consuetudo.
1743 1772 1891 1821 Tuba
1915 1791 1944 1836 3

71 1872 122 1899 20
146 1855 358 1919 primum
384 1874 412 1904 a
431 1855 698 1919 Tyrrhenis
725 1855 939 1914 inventa,
966 1857 1028 1904 de
1054 1855 1234 1918 quibus
1255 1854 1499 1918 Vergilius
1521 1854 1666 1919 (Aen.
1683 1857 1724 1912 8,
1743 1854 1861 1920 526)
1882 1875 1890 1903 :

313 1939 696 2001 Tyrrhenusque
733 1938 884 1987 tubae
920 1937 1108 2001 mugire
1144 1955 1230 2001 per
1265 1939 1464 1986 aethera
1500 1939 1712 2000 clangor.

144 2018 492 2077 Adhibebatur
517 2029 681 2068 autem
702 2035 803 2067 non
825 2022 985 2067 solum
1012 2021 1061 2066 in
1088 2019 1300 2081 proeliis,
1323 2020 1410 2067 sed
1432 2020 1482 2066 in
1501 2018 1734 2068 omnibus
1756 2017 1890 2067 festis

144 2101 320 2149 diebus
343 2110 542 2163 propter
562 2100 719 2150 laudis
737 2102 813 2149 vel
829 2100 995 2163 gaudii
1012 2100 1297 2149 claritatem.
1349 2102 1497 2149 Vnde
1518 2110 1566 2149 et
1584 2101 1633 2148 in
1653 2101 1890 2149 Psalterio

145 2181 322 2230 dicitur
355 2181 556 2247 (81,4):
596 2182 805 2232 ‘Canite
844 2182 893 2229 in
932 2181 1072 2230 initio
1111 2184 1294 2231 mensis
1325 2183 1459 2239 tuba,
1488 2182 1535 2230 in
1572 2184 1653 2232 die
1687 2182 1890 2245 insignis

71 2277 119 2317 25
146 2265 489 2314 sollemnitatis
532 2266 753 2314 vestrae.⁷
839 2267 1164 2327 Praeceptum
1215 2265 1348 2313 enim
1396 2266 1553 2313 fuerat
1599 2264 1797 2313 Iudaeis
1839 2273 1892 2311 ut

146 2346 196 2393 in
231 2346 372 2395 initio
410 2364 568 2396 novae
604 2349 750 2395 lunae
785 2347 905 2395 tuba
943 2348 1244 2409 clangerent,
1270 2349 1407 2410 quod
1444 2347 1591 2396 etiam
1631 2357 1678 2395 et
1716 2349 1891 2395 hucus-

146 2444 242 2489 que
279 2428 477 2477 faciunt.
549 2428 720 2476 Tibias
756 2427 1060 2491 excogitatas
1096 2428 1147 2476 in
1187 2431 1394 2492 Phrygia
1431 2431 1626 2477 ferunt:
1678 2431 1766 2478 has
1804 2429 1889 2478 diu
1914 2446 1946 2492 4

200 2569 224 2594 2
256 2570 339 2595 vox
361 2563 425 2596 est
446 2564 531 2596 ten.
558 2558 603 2594 K
816 2571 840 2606 3
870 2571 1022 2596 sonum
1045 2558 1242 2607 quotiens
1263 2559 1327 2598 K:
1361 2572 1489 2598 sonos
1510 2559 1618 2597 sicut
1638 2559 1836 2608 quotiens
1862 2559 1894 2596 C

146 2625 170 2660 4
201 2611 364 2650 malleis
384 2612 429 2649 K
604 2623 627 2660 5
658 2626 791 2662 pauca
819 2613 896 2650 TV
1044 2612 1271 2651 dissimiles
1293 2613 1338 2650 K
1501 2627 1522 2661 7
1553 2614 1725 2651 vinnola
1746 2613 1888 2651 ACT:

147 2665 365 2705 vinnolata
396 2667 482 2704 ΒΚ
671 2667 696 2704 8
733 2680 817 2705 vox
849 2681 931 2705 vox
963 2667 1009 2704 K
1181 2669 1352 2706 vinnola
1381 2668 1568 2706 ABCT:
1605 2668 1820 2706 vinnolata
1850 2667 1895 2703 K

147 2720 244 2758 iuno
269 2719 304 2758 C
475 2735 501 2770 9
530 2720 610 2759 hec
632 2727 697 2759 est
725 2721 779 2760 T:
811 2722 852 2760 id
875 2727 938 2760 est
959 2722 1005 2759 K
1139 2727 1202 2760 est
1224 2735 1303 2762 om.
1331 2722 1376 2759 K
1556 2735 1604 2760 10
1635 2728 1680 2761 ut
1701 2722 1890 2760 sublimis

146 2775 324 2813 sufficiat
340 2775 382 2812 A
402 2789 410 2814 ε
440 2781 486 2814 ut
508 2776 549 2813 in
570 2776 751 2814 sublime
772 2777 926 2815 efficiat
947 2776 993 2814 K
1158 2788 1201 2812 11
1235 2776 1394 2825 inpleat
1422 2776 1459 2813 T
1616 2778 1799 2815 animum
1822 2775 1889 2814 K:

146 2841 257 2867 -mus
277 2829 318 2866 A
414 2830 657 2868 blandiatur
677 2829 722 2867 K
742 2831 842 2882 (non
864 2831 927 2879 A)
1058 2843 1102 2868 [2
1131 2836 1196 2868 est
1216 2830 1322 2871 KT:
1355 2831 1436 2869 erit
1456 2829 1583 2868 ABC
1713 2843 1760 2878 14
1791 2842 1890 2868 con-

146 2883 284 2932 plecta
304 2884 345 2921 A
525 2884 665 2933 conpl.
690 2890 731 2923 et
754 2885 795 2923 in
815 2898 923 2924 sonu
945 2885 989 2922 K
1011 2887 1111 2937 (non
1132 2885 1194 2933 A)
1405 2886 1455 2922 18
1483 2885 1604 2936 adh.]
1625 2885 1834 2923 debentur
1852 2884 1892 2922 Β

147 2950 195 2974 21
227 2937 498 2988 tyrrinesque
516 2945 573 2978 tu.
593 2939 638 2976 K
757 2952 856 2978 aera
884 2940 1006 2978 TUV
1020 2940 1122 2991 (non
1149 2938 1220 2991 W)
1389 2952 1440 2978 22
1467 2940 1720 2979 adhibeatur
1742 2938 1887 2988 (-dib-)

146 2991 199 3028 B¹
218 2992 264 3030 C·
431 3005 484 3041 23
514 2993 662 3032 laudes
683 2993 728 3031 K
895 2995 1055 3044 psalmo
1079 2993 1124 3031 K
1141 2993 1243 3043 (non
1264 2993 1327 3042 A)
1495 3006 1547 3042 24
1578 2993 1731 3031 dicitur
1751 3006 1835 3032 om.
1860 2992 1895 3030 C

148 3057 198 3094 25
231 3053 376 3085 nostre
404 3047 441 3084 T
544 3049 655 3086 enim
679 3061 762 3086 om.
785 3047 820 3085 C
923 3055 968 3088 ut
990 3049 1152 3087 initium
1173 3048 1238 3088 K:
1269 3054 1312 3086 ut
1334 3047 1456 3086 initio
1475 3048 1516 3085 Β
1667 3049 1719 3084 26
1748 3047 1889 3086 tubam

148 3100 212 3140 K:
245 3101 344 3140 tube
371 3101 409 3138 T
539 3103 600 3153 et]
625 3103 680 3157 ad
699 3103 764 3140 K:
795 3115 876 3142 om.
907 3103 946 3140 T
1103 3116 1152 3152 27
1183 3102 1452 3151 excogitasse
1472 3102 1512 3139 Β
