<?xml version="1.0" encoding="UTF-8"?>
<!DOCTYPE html PUBLIC "-//W3C//DTD XHTML 1.0 Transitional//EN"
    "http://www.w3.org/TR/xhtml1/DTD/xhtml1-transitional.dtd">
<html xmlns="http://www.w3.org/1999/xhtml" xml:lang="en" lang="en">
 <head>
  <title>
</title>
<meta http-equiv="Content-Type" content="text/html;charset=utf-8" />
  <meta name='ocr-system' content='tesseract 3.04.00' />
  <meta name='ocr-capabilities' content='ocr_page ocr_carea ocr_par ocr_line ocrx_word'/>
</head>
<body>
  <div class='ocr_page' id='page_1' title='image "./isidori01isiduoft/isidori01isiduoft_0019.png"; bbox 0 0 2228 3444; ppageno 0'>
   <div class='ocr_carea' id='block_1_1' title="bbox 0 2480 35 2721">
    <p class='ocr_par' dir='ltr' id='par_1_1' title="bbox 0 2480 35 2721">
     <span class='ocr_line' id='line_1_1' title="bbox 0 2480 35 2721; baseline 0 0"><span class='ocrx_word' id='word_1_1' title='bbox 0 2480 35 2721; x_wconf 76' lang='lat' dir='ltr'>l</span> 
     </span>
    </p>
   </div>
   <div class='ocr_carea' id='block_1_2' title="bbox 797 523 1314 584">
    <p class='ocr_par' dir='ltr' id='par_1_2' title="bbox 797 523 1314 584">
     <span class='ocr_line' id='line_1_2' title="bbox 797 523 1314 584; baseline 0.004 -2"><span class='ocrx_word' id='word_1_2' title='bbox 797 523 1314 584; x_wconf 83' lang='lat' dir='ltr'>EPISTOLAE</span> 
     </span>
    </p>
   </div>
   <div class='ocr_carea' id='block_1_3' title="bbox 1012 680 1054 723">
    <p class='ocr_par' dir='ltr' id='par_1_3' title="bbox 1012 680 1054 723">
     <span class='ocr_line' id='line_1_3' title="bbox 1012 680 1054 723; baseline 0 0"><span class='ocrx_word' id='word_1_3' title='bbox 1012 680 1054 723; x_wconf 92' lang='lat' dir='ltr'><strong>A</strong></span> 
     </span>
    </p>
   </div>
   <div class='ocr_carea' id='block_1_4' title="bbox 218 763 1860 883">
    <p class='ocr_par' dir='ltr' id='par_1_4' title="bbox 218 763 1860 883">
     <span class='ocr_line' id='line_1_4' title="bbox 218 763 1860 830; baseline -0.005 -13"><span class='ocrx_word' id='word_1_4' title='bbox 218 773 292 830; x_wconf 90' lang='lat' dir='ltr'>[In</span> <span class='ocrx_word' id='word_1_5' title='bbox 315 771 500 817; x_wconf 91' lang='lat' dir='ltr'>Christo</span> <span class='ocrx_word' id='word_1_6' title='bbox 527 769 717 814; x_wconf 86' lang='lat' dir='ltr'>domino</span> <span class='ocrx_word' id='word_1_7' title='bbox 741 774 786 812; x_wconf 89' lang='lat' dir='ltr'>et</span> <span class='ocrx_word' id='word_1_8' title='bbox 811 766 1112 812; x_wconf 88' lang='lat' dir='ltr'>dilectissimo</span> <span class='ocrx_word' id='word_1_9' title='bbox 1137 763 1230 809; x_wconf 91' lang='lat' dir='ltr'>filio</span> <span class='ocrx_word' id='word_1_10' title='bbox 1259 763 1492 809; x_wconf 88' lang='lat' dir='ltr'>Braulioni</span> <span class='ocrx_word' id='word_1_11' title='bbox 1518 765 1860 810; x_wconf 89' lang='lat' dir='ltr'>archediacono</span> 
     </span>
     <span class='ocr_line' id='line_1_5' title="bbox 937 839 1157 883; baseline 0 0"><span class='ocrx_word' id='word_1_12' title='bbox 937 839 1157 883; x_wconf 88' lang='lat' dir='ltr'>Isidorus.</span> 
     </span>
    </p>
   </div>
   <div class='ocr_carea' id='block_1_5' title="bbox 288 926 1916 984">
    <p class='ocr_par' dir='ltr' id='par_1_5' title="bbox 288 926 1916 984">
     <span class='ocr_line' id='line_1_6' title="bbox 288 926 1916 984; baseline -0.004 -7"><span class='ocrx_word' id='word_1_13' title='bbox 288 934 413 977; x_wconf 85' lang='lat' dir='ltr'>Dum</span> <span class='ocrx_word' id='word_1_14' title='bbox 437 946 465 976; x_wconf 91' lang='lat' dir='ltr'>a</span> <span class='ocrx_word' id='word_1_15' title='bbox 488 930 598 975; x_wconf 87' lang='lat' dir='ltr'>mihi</span> <span class='ocrx_word' id='word_1_16' title='bbox 623 929 814 983; x_wconf 82' lang='lat' dir='ltr'>litteras,</span> <span class='ocrx_word' id='word_1_17' title='bbox 837 927 1081 972; x_wconf 85' lang='lat' dir='ltr'><strong>karissime</strong></span> <span class='ocrx_word' id='word_1_18' title='bbox 1104 927 1180 981; x_wconf 87' lang='lat' dir='ltr'>fili,</span> <span class='ocrx_word' id='word_1_19' title='bbox 1205 926 1417 984; x_wconf 85' lang='lat' dir='ltr'>suscipis,</span> <span class='ocrx_word' id='word_1_20' title='bbox 1441 941 1520 971; x_wconf 88' lang='lat' dir='ltr'>eas</span> <span class='ocrx_word' id='word_1_21' title='bbox 1539 940 1622 982; x_wconf 92' lang='lat' dir='ltr'>pro</span> <span class='ocrx_word' id='word_1_22' title='bbox 1643 927 1796 971; x_wconf 89' lang='lat' dir='ltr'>amico</span> <span class='ocrx_word' id='word_1_23' title='bbox 1817 941 1916 971; x_wconf 90' lang='lat' dir='ltr'>am-</span> 
     </span>
    </p>
   </div>
   <div class='ocr_carea' id='block_1_6' title="bbox 122 999 1918 1066">
    <p class='ocr_par' dir='ltr' id='par_1_6' title="bbox 122 999 1918 1066">
     <span class='ocr_line' id='line_1_7' title="bbox 122 999 1918 1066; baseline -0.004 -15"><span class='ocrx_word' id='word_1_24' title='bbox 122 1027 143 1066; x_wconf 83' lang='lat'>5</span> <span class='ocrx_word' id='word_1_25' title='bbox 168 1007 368 1064; x_wconf 87' lang='lat' dir='ltr'><strong>plectere</strong></span> <span class='ocrx_word' id='word_1_26' title='bbox 390 1019 481 1050; x_wconf 92' lang='lat' dir='ltr'>non</span> <span class='ocrx_word' id='word_1_27' title='bbox 504 1003 711 1048; x_wconf 90' lang='lat' dir='ltr'>moreris.</span> <span class='ocrx_word' id='word_1_28' title='bbox 778 1004 884 1059; x_wconf 90' lang='lat' dir='ltr'>Ipsa</span> <span class='ocrx_word' id='word_1_29' title='bbox 908 1009 976 1045; x_wconf 87' lang='lat' dir='ltr'>est</span> <span class='ocrx_word' id='word_1_30' title='bbox 997 1000 1122 1045; x_wconf 92' lang='lat' dir='ltr'>enim</span> <span class='ocrx_word' id='word_1_31' title='bbox 1147 999 1352 1045; x_wconf 88' lang='lat' dir='ltr'>secunda</span> <span class='ocrx_word' id='word_1_32' title='bbox 1370 999 1488 1044; x_wconf 90' lang='lat' dir='ltr'>inter</span> <span class='ocrx_word' id='word_1_33' title='bbox 1509 1000 1727 1045; x_wconf 85' lang='lat' dir='ltr'>absentes</span> <span class='ocrx_word' id='word_1_34' title='bbox 1751 1014 1918 1045; x_wconf 92' lang='lat' dir='ltr'>conso-</span> 
     </span>
    </p>
   </div>
   <div class='ocr_carea' id='block_1_7' title="bbox 167 1073 1919 1356">
    <p class='ocr_par' dir='ltr' id='par_1_7' title="bbox 167 1073 1919 1356">
     <span class='ocr_line' id='line_1_8' title="bbox 167 1073 1919 1134; baseline -0.003 -11"><span class='ocrx_word' id='word_1_35' title='bbox 167 1079 279 1125; x_wconf 87' lang='lat' dir='ltr'>latio</span> <span class='ocrx_word' id='word_1_36' title='bbox 294 1087 356 1132; x_wconf 91' lang='lat' dir='ltr'>ut,</span> <span class='ocrx_word' id='word_1_37' title='bbox 367 1078 405 1123; x_wconf 90' lang='lat' dir='ltr'>si</span> <span class='ocrx_word' id='word_1_38' title='bbox 419 1092 512 1123; x_wconf 91' lang='lat' dir='ltr'>non</span> <span class='ocrx_word' id='word_1_39' title='bbox 527 1086 596 1123; x_wconf 90' lang='lat' dir='ltr'>est</span> <span class='ocrx_word' id='word_1_40' title='bbox 610 1090 829 1134; x_wconf 86' lang='lat' dir='ltr'>praesens</span> <span class='ocrx_word' id='word_1_41' title='bbox 845 1075 970 1132; x_wconf 92' lang='lat' dir='ltr'>quod</span> <span class='ocrx_word' id='word_1_42' title='bbox 987 1073 1203 1131; x_wconf 88' lang='lat' dir='ltr'>diligitur,</span> <span class='ocrx_word' id='word_1_43' title='bbox 1216 1089 1297 1131; x_wconf 90' lang='lat' dir='ltr'>pro</span> <span class='ocrx_word' id='word_1_44' title='bbox 1313 1088 1368 1119; x_wconf 90' lang='lat' dir='ltr'>eo</span> <span class='ocrx_word' id='word_1_45' title='bbox 1382 1074 1561 1118; x_wconf 85' lang='lat' dir='ltr'>litterae</span> <span class='ocrx_word' id='word_1_46' title='bbox 1576 1074 1919 1131; x_wconf 87' lang='lat' dir='ltr'>conplexentur.</span> 
     </span>
     <span class='ocr_line' id='line_1_9' title="bbox 176 1147 1916 1206; baseline -0.003 -10"><span class='ocrx_word' id='word_1_47' title='bbox 176 1151 437 1197; x_wconf 91' lang='lat' dir='ltr'>Direximus</span> <span class='ocrx_word' id='word_1_48' title='bbox 454 1151 536 1196; x_wconf 91' lang='lat' dir='ltr'>tibi</span> <span class='ocrx_word' id='word_1_49' title='bbox 550 1151 738 1196; x_wconf 89' lang='lat' dir='ltr'>anulum</span> <span class='ocrx_word' id='word_1_50' title='bbox 761 1157 949 1206; x_wconf 89' lang='lat' dir='ltr'>propter</span> <span class='ocrx_word' id='word_1_51' title='bbox 970 1155 1182 1192; x_wconf 90' lang='lat' dir='ltr'>nostrum</span> <span class='ocrx_word' id='word_1_52' title='bbox 1202 1148 1410 1191; x_wconf 89' lang='lat' dir='ltr'>animum</span> <span class='ocrx_word' id='word_1_53' title='bbox 1428 1155 1471 1191; x_wconf 92' lang='lat' dir='ltr'>et</span> <span class='ocrx_word' id='word_1_54' title='bbox 1491 1147 1680 1204; x_wconf 90' lang='lat' dir='ltr'>pallium</span> <span class='ocrx_word' id='word_1_55' title='bbox 1699 1162 1782 1205; x_wconf 91' lang='lat' dir='ltr'>pro</span> <span class='ocrx_word' id='word_1_56' title='bbox 1806 1147 1916 1192; x_wconf 88' lang='lat' dir='ltr'>ami-</span> 
     </span>
     <span class='ocr_line' id='line_1_10' title="bbox 169 1220 1915 1279; baseline -0.004 -8"><span class='ocrx_word' id='word_1_57' title='bbox 169 1226 380 1271; x_wconf 86' lang='lat' dir='ltr'>citiarum</span> <span class='ocrx_word' id='word_1_58' title='bbox 404 1233 662 1269; x_wconf 88' lang='lat' dir='ltr'>nostrarum</span> <span class='ocrx_word' id='word_1_59' title='bbox 693 1223 882 1278; x_wconf 89' lang='lat' dir='ltr'>amictu,</span> <span class='ocrx_word' id='word_1_60' title='bbox 912 1222 1035 1266; x_wconf 91' lang='lat' dir='ltr'>unde</span> <span class='ocrx_word' id='word_1_61' title='bbox 1062 1220 1316 1279; x_wconf 90' lang='lat' dir='ltr'>antiquitus</span> <span class='ocrx_word' id='word_1_62' title='bbox 1343 1222 1432 1265; x_wconf 91' lang='lat' dir='ltr'>hoc</span> <span class='ocrx_word' id='word_1_63' title='bbox 1462 1220 1596 1265; x_wconf 84' lang='lat' dir='ltr'>traxit</span> <span class='ocrx_word' id='word_1_64' title='bbox 1624 1222 1915 1265; x_wconf 89' lang='lat' dir='ltr'>vocabulum.</span> 
     </span>
     <span class='ocr_line' id='line_1_11' title="bbox 169 1294 1918 1356; baseline -0.003 -12"><span class='ocrx_word' id='word_1_65' title='bbox 169 1301 265 1344; x_wconf 90' lang='lat' dir='ltr'>Ora</span> <span class='ocrx_word' id='word_1_66' title='bbox 287 1299 424 1356; x_wconf 88' lang='lat' dir='ltr'>igitur</span> <span class='ocrx_word' id='word_1_67' title='bbox 445 1313 528 1356; x_wconf 89' lang='lat' dir='ltr'>pro</span> <span class='ocrx_word' id='word_1_68' title='bbox 552 1311 655 1352; x_wconf 80' lang='lat' dir='ltr'>me3</span> <span class='ocrx_word' id='word_1_69' title='bbox 692 1296 883 1353; x_wconf 91' lang='lat' dir='ltr'>inspiret</span> <span class='ocrx_word' id='word_1_70' title='bbox 906 1295 988 1339; x_wconf 90' lang='lat' dir='ltr'>tibi</span> <span class='ocrx_word' id='word_1_71' title='bbox 1014 1294 1244 1338; x_wconf 90' lang='lat' dir='ltr'>Dominus</span> <span class='ocrx_word' id='word_1_72' title='bbox 1277 1303 1325 1338; x_wconf 91' lang='lat' dir='ltr'>ut</span> <span class='ocrx_word' id='word_1_73' title='bbox 1356 1309 1535 1339; x_wconf 89' lang='lat' dir='ltr'>merear</span> <span class='ocrx_word' id='word_1_74' title='bbox 1564 1294 1718 1338; x_wconf 88' lang='lat' dir='ltr'>adhuc</span> <span class='ocrx_word' id='word_1_75' title='bbox 1752 1294 1797 1338; x_wconf 89' lang='lat' dir='ltr'>in</span> <span class='ocrx_word' id='word_1_76' title='bbox 1830 1294 1918 1338; x_wconf 88' lang='lat' dir='ltr'>hac</span> 
     </span>
    </p>
   </div>
   <div class='ocr_carea' id='block_1_8' title="bbox 99 1367 1916 1427">
    <p class='ocr_par' dir='ltr' id='par_1_8' title="bbox 99 1367 1916 1427">
     <span class='ocr_line' id='line_1_12' title="bbox 99 1367 1916 1427; baseline -0.002 -12"><span class='ocrx_word' id='word_1_77' title='bbox 99 1387 145 1415; x_wconf 91' lang='lat'>10</span> <span class='ocrx_word' id='word_1_78' title='bbox 169 1373 262 1417; x_wconf 89' lang='lat' dir='ltr'>vita</span> <span class='ocrx_word' id='word_1_79' title='bbox 296 1373 452 1417; x_wconf 90' lang='lat' dir='ltr'>videre</span> <span class='ocrx_word' id='word_1_80' title='bbox 491 1380 550 1427; x_wconf 87' lang='lat' dir='ltr'>te,</span> <span class='ocrx_word' id='word_1_81' title='bbox 584 1379 645 1425; x_wconf 91' lang='lat' dir='ltr'>et,</span> <span class='ocrx_word' id='word_1_82' title='bbox 677 1384 815 1427; x_wconf 89' lang='lat' dir='ltr'>quem</span> <span class='ocrx_word' id='word_1_83' title='bbox 853 1368 1168 1413; x_wconf 89' lang='lat' dir='ltr'>maestificasti</span> <span class='ocrx_word' id='word_1_84' title='bbox 1200 1368 1428 1423; x_wconf 87' lang='lat' dir='ltr'>abeundo,</span> <span class='ocrx_word' id='word_1_85' title='bbox 1463 1367 1714 1424; x_wconf 89' lang='lat' dir='ltr'>aliquando</span> <span class='ocrx_word' id='word_1_86' title='bbox 1752 1367 1916 1412; x_wconf 90' lang='lat' dir='ltr'>iterum</span> 
     </span>
    </p>
   </div>
   <div class='ocr_carea' id='block_1_9' title="bbox 166 1442 1916 1649">
    <p class='ocr_par' dir='ltr' id='par_1_9' title="bbox 166 1442 1916 1649">
     <span class='ocr_line' id='line_1_13' title="bbox 166 1442 1916 1502; baseline -0.002 -13"><span class='ocrx_word' id='word_1_87' title='bbox 166 1446 391 1491; x_wconf 89' lang='lat' dir='ltr'>laetifices</span> <span class='ocrx_word' id='word_1_88' title='bbox 415 1454 458 1491; x_wconf 90' lang='lat' dir='ltr'>te</span> <span class='ocrx_word' id='word_1_89' title='bbox 487 1443 845 1502; x_wconf 90' lang='lat' dir='ltr'>praesentando.</span> <span class='ocrx_word' id='word_1_90' title='bbox 908 1442 1271 1499; x_wconf 80' lang='lat' dir='ltr'>Quaternionem</span> <span class='ocrx_word' id='word_1_91' title='bbox 1294 1442 1557 1498; x_wconf 87' lang='lat' dir='ltr'>regularum</span> <span class='ocrx_word' id='word_1_92' title='bbox 1589 1455 1671 1497; x_wconf 91' lang='lat' dir='ltr'>per</span> <span class='ocrx_word' id='word_1_93' title='bbox 1697 1443 1916 1485; x_wconf 90' lang='lat' dir='ltr'>Mauren-</span> 
     </span>
     <span class='ocr_line' id='line_1_14' title="bbox 170 1515 1915 1576; baseline -0.003 -14"><span class='ocrx_word' id='word_1_94' title='bbox 170 1519 344 1564; x_wconf 89' lang='lat' dir='ltr'>tionem</span> <span class='ocrx_word' id='word_1_95' title='bbox 360 1517 733 1576; x_wconf 89' lang='lat' dir='ltr'>primic[l]erium</span> <span class='ocrx_word' id='word_1_96' title='bbox 758 1515 1020 1561; x_wconf 85' lang='lat' dir='ltr'>direximus.</span> <span class='ocrx_word' id='word_1_97' title='bbox 1071 1517 1144 1559; x_wconf 91' lang='lat' dir='ltr'>De</span> <span class='ocrx_word' id='word_1_98' title='bbox 1168 1522 1320 1559; x_wconf 90' lang='lat' dir='ltr'>cetero</span> <span class='ocrx_word' id='word_1_99' title='bbox 1344 1522 1499 1558; x_wconf 90' lang='lat' dir='ltr'>autem</span> <span class='ocrx_word' id='word_1_100' title='bbox 1523 1515 1632 1559; x_wconf 88' lang='lat' dir='ltr'>obto</span> <span class='ocrx_word' id='word_1_101' title='bbox 1650 1522 1778 1558; x_wconf 91' lang='lat' dir='ltr'>tuam</span> <span class='ocrx_word' id='word_1_102' title='bbox 1795 1529 1915 1559; x_wconf 89' lang='lat' dir='ltr'>sem-</span> 
     </span>
     <span class='ocr_line' id='line_1_15' title="bbox 167 1587 1914 1649; baseline -0.004 -12"><span class='ocrx_word' id='word_1_103' title='bbox 167 1607 248 1649; x_wconf 90' lang='lat' dir='ltr'>per</span> <span class='ocrx_word' id='word_1_104' title='bbox 267 1606 550 1649; x_wconf 86' lang='lat' dir='ltr'>cognoscere</span> <span class='ocrx_word' id='word_1_105' title='bbox 575 1591 785 1644; x_wconf 90' lang='lat' dir='ltr'>salutem,</span> <span class='ocrx_word' id='word_1_106' title='bbox 811 1588 1112 1634; x_wconf 86' lang='lat' dir='ltr'>dilectissime</span> <span class='ocrx_word' id='word_1_107' title='bbox 1134 1588 1247 1631; x_wconf 90' lang='lat' dir='ltr'>mihi</span> <span class='ocrx_word' id='word_1_108' title='bbox 1271 1587 1459 1632; x_wconf 89' lang='lat' dir='ltr'>domine</span> <span class='ocrx_word' id='word_1_109' title='bbox 1483 1594 1527 1632; x_wconf 92' lang='lat' dir='ltr'>et</span> <span class='ocrx_word' id='word_1_110' title='bbox 1549 1587 1792 1632; x_wconf 88' lang='lat' dir='ltr'>karissime</span> <span class='ocrx_word' id='word_1_111' title='bbox 1816 1587 1914 1643; x_wconf 84' lang='lat' dir='ltr'>fili.]</span> 
     </span>
    </p>
   </div>
   <div class='ocr_carea' id='block_1_10' title="bbox 1020 1748 1055 1788">
    <p class='ocr_par' dir='ltr' id='par_1_10' title="bbox 1020 1748 1055 1788">
     <span class='ocr_line' id='line_1_16' title="bbox 1020 1748 1055 1788; baseline 0 0"><span class='ocrx_word' id='word_1_112' title='bbox 1020 1748 1055 1788; x_wconf 90' lang='lat' dir='ltr'>B</span> 
     </span>
    </p>
   </div>
   <div class='ocr_carea' id='block_1_11' title="bbox 239 1831 1817 1950">
    <p class='ocr_par' dir='ltr' id='par_1_11' title="bbox 239 1831 1817 1950">
     <span class='ocr_line' id='line_1_17' title="bbox 239 1831 1817 1893; baseline -0.003 -13"><span class='ocrx_word' id='word_1_113' title='bbox 239 1835 316 1893; x_wconf 88' lang='lat' dir='ltr'>[In</span> <span class='ocrx_word' id='word_1_114' title='bbox 340 1834 527 1880; x_wconf 87' lang='lat' dir='ltr'>Christo</span> <span class='ocrx_word' id='word_1_115' title='bbox 549 1833 796 1878; x_wconf 87' lang='lat' dir='ltr'>karissimo</span> <span class='ocrx_word' id='word_1_116' title='bbox 820 1840 863 1877; x_wconf 91' lang='lat' dir='ltr'>et</span> <span class='ocrx_word' id='word_1_117' title='bbox 888 1831 1189 1876; x_wconf 89' lang='lat' dir='ltr'>dilectissimo</span> <span class='ocrx_word' id='word_1_118' title='bbox 1215 1832 1450 1877; x_wconf 89' lang='lat' dir='ltr'>Braulioni</span> <span class='ocrx_word' id='word_1_119' title='bbox 1475 1833 1817 1877; x_wconf 91' lang='lat' dir='ltr'>archediacono</span> 
     </span>
     <span class='ocr_line' id='line_1_18' title="bbox 932 1906 1151 1950; baseline 0 -1"><span class='ocrx_word' id='word_1_120' title='bbox 932 1906 1151 1950; x_wconf 93' lang='lat' dir='ltr'>Isidorus.</span> 
     </span>
    </p>
   </div>
   <div class='ocr_carea' id='block_1_12' title="bbox 165 1992 1913 2201">
    <p class='ocr_par' dir='ltr' id='par_1_12' title="bbox 165 1992 1913 2201">
     <span class='ocr_line' id='line_1_19' title="bbox 286 1992 1912 2053; baseline -0.001 -14"><span class='ocrx_word' id='word_1_121' title='bbox 286 1995 406 2053; x_wconf 72' lang='lat' dir='ltr'>Quia</span> <span class='ocrx_word' id='word_1_122' title='bbox 437 2010 528 2039; x_wconf 90' lang='lat' dir='ltr'>non</span> <span class='ocrx_word' id='word_1_123' title='bbox 560 1996 692 2039; x_wconf 85' lang='lat' dir='ltr'>valeo</span> <span class='ocrx_word' id='word_1_124' title='bbox 719 2002 763 2038; x_wconf 87' lang='lat' dir='ltr'>te</span> <span class='ocrx_word' id='word_1_125' title='bbox 793 1993 1024 2050; x_wconf 90' lang='lat' dir='ltr'>perfruere</span> <span class='ocrx_word' id='word_1_126' title='bbox 1052 1992 1196 2037; x_wconf 89' lang='lat' dir='ltr'>oculis</span> <span class='ocrx_word' id='word_1_127' title='bbox 1223 1992 1389 2047; x_wconf 92' lang='lat' dir='ltr'>carnis,</span> <span class='ocrx_word' id='word_1_128' title='bbox 1421 1994 1626 2050; x_wconf 88' lang='lat' dir='ltr'>perfruar</span> <span class='ocrx_word' id='word_1_129' title='bbox 1659 1995 1818 2037; x_wconf 90' lang='lat' dir='ltr'>saltem</span> <span class='ocrx_word' id='word_1_130' title='bbox 1850 1993 1912 2037; x_wconf 90' lang='lat' dir='ltr'>al-</span> 
     </span>
     <span class='ocr_line' id='line_1_20' title="bbox 165 2065 1913 2128; baseline -0.001 -15"><span class='ocrx_word' id='word_1_131' title='bbox 165 2070 346 2128; x_wconf 88' lang='lat' dir='ltr'>loquiis,</span> <span class='ocrx_word' id='word_1_132' title='bbox 380 2077 428 2112; x_wconf 91' lang='lat' dir='ltr'>ut</span> <span class='ocrx_word' id='word_1_133' title='bbox 468 2069 569 2125; x_wconf 90' lang='lat' dir='ltr'>ipsa</span> <span class='ocrx_word' id='word_1_134' title='bbox 598 2068 710 2111; x_wconf 88' lang='lat' dir='ltr'>mihi</span> <span class='ocrx_word' id='word_1_135' title='bbox 745 2067 803 2111; x_wconf 88' lang='lat' dir='ltr'>sit</span> <span class='ocrx_word' id='word_1_136' title='bbox 837 2065 1095 2110; x_wconf 86' lang='lat' dir='ltr'>consolatio</span> <span class='ocrx_word' id='word_1_137' title='bbox 1129 2066 1405 2109; x_wconf 87' lang='lat' dir='ltr'>incolomem</span> <span class='ocrx_word' id='word_1_138' title='bbox 1440 2065 1601 2110; x_wconf 89' lang='lat' dir='ltr'>litteris</span> <span class='ocrx_word' id='word_1_139' title='bbox 1633 2080 1913 2122; x_wconf 89' lang='lat' dir='ltr'>cognoscere</span> 
     </span>
     <span class='ocr_line' id='line_1_21' title="bbox 165 2138 1912 2201; baseline -0.002 -15"><span class='ocrx_word' id='word_1_140' title='bbox 165 2158 303 2201; x_wconf 88' lang='lat' dir='ltr'>quem</span> <span class='ocrx_word' id='word_1_141' title='bbox 323 2141 460 2199; x_wconf 91' lang='lat' dir='ltr'>cupio</span> <span class='ocrx_word' id='word_1_142' title='bbox 475 2141 644 2184; x_wconf 89' lang='lat' dir='ltr'>videre.</span> <span class='ocrx_word' id='word_1_143' title='bbox 685 2141 945 2196; x_wconf 89' lang='lat' dir='ltr'>Vtrumque</span> <span class='ocrx_word' id='word_1_144' title='bbox 962 2139 1137 2182; x_wconf 89' lang='lat' dir='ltr'>bonum</span> <span class='ocrx_word' id='word_1_145' title='bbox 1154 2147 1276 2183; x_wconf 91' lang='lat' dir='ltr'>esset</span> <span class='ocrx_word' id='word_1_146' title='bbox 1296 2138 1332 2182; x_wconf 91' lang='lat' dir='ltr'>si</span> <span class='ocrx_word' id='word_1_147' title='bbox 1349 2139 1535 2193; x_wconf 84' lang='lat' dir='ltr'>liceret3</span> <span class='ocrx_word' id='word_1_148' title='bbox 1570 2139 1651 2183; x_wconf 88' lang='lat' dir='ltr'>sed</span> <span class='ocrx_word' id='word_1_149' title='bbox 1670 2140 1741 2183; x_wconf 93' lang='lat' dir='ltr'>vel</span> <span class='ocrx_word' id='word_1_150' title='bbox 1757 2147 1912 2184; x_wconf 89' lang='lat' dir='ltr'>mente</span> 
     </span>
    </p>
   </div>
   <div class='ocr_carea' id='block_1_13' title="bbox 92 2211 1911 2269">
    <p class='ocr_par' dir='ltr' id='par_1_13' title="bbox 92 2211 1911 2269">
     <span class='ocr_line' id='line_1_22' title="bbox 92 2211 1911 2269; baseline 0 -13"><span class='ocrx_word' id='word_1_151' title='bbox 92 2230 143 2257; x_wconf 89' lang='lat'>20</span> <span class='ocrx_word' id='word_1_152' title='bbox 167 2216 225 2260; x_wconf 92' lang='lat' dir='ltr'>de</span> <span class='ocrx_word' id='word_1_153' title='bbox 248 2224 291 2260; x_wconf 90' lang='lat' dir='ltr'>te</span> <span class='ocrx_word' id='word_1_154' title='bbox 315 2213 504 2268; x_wconf 85' lang='lat' dir='ltr'>reficiar,</span> <span class='ocrx_word' id='word_1_155' title='bbox 528 2213 564 2256; x_wconf 93' lang='lat' dir='ltr'>si</span> <span class='ocrx_word' id='word_1_156' title='bbox 583 2212 809 2269; x_wconf 87' lang='lat' dir='ltr'>corporali</span> <span class='ocrx_word' id='word_1_157' title='bbox 833 2213 995 2256; x_wconf 90' lang='lat' dir='ltr'>obtutu</span> <span class='ocrx_word' id='word_1_158' title='bbox 1018 2226 1110 2256; x_wconf 93' lang='lat' dir='ltr'>non</span> <span class='ocrx_word' id='word_1_159' title='bbox 1132 2211 1278 2256; x_wconf 89' lang='lat' dir='ltr'>valeo.</span> <span class='ocrx_word' id='word_1_160' title='bbox 1343 2213 1467 2255; x_wconf 89' lang='lat' dir='ltr'>Dum</span> <span class='ocrx_word' id='word_1_161' title='bbox 1491 2212 1661 2268; x_wconf 89' lang='lat' dir='ltr'>pariter</span> <span class='ocrx_word' id='word_1_162' title='bbox 1688 2227 1911 2268; x_wconf 88' lang='lat' dir='ltr'>essemus,</span> 
     </span>
    </p>
   </div>
   <div class='ocr_carea' id='block_1_14' title="bbox 160 2284 1912 2560">
    <p class='ocr_par' dir='ltr' id='par_1_14' title="bbox 160 2284 1912 2560">
     <span class='ocr_line' id='line_1_23' title="bbox 166 2284 1912 2346; baseline -0.002 -13"><span class='ocrx_word' id='word_1_163' title='bbox 166 2287 392 2346; x_wconf 86' lang='lat' dir='ltr'>postulavi</span> <span class='ocrx_word' id='word_1_164' title='bbox 423 2295 468 2331; x_wconf 88' lang='lat' dir='ltr'>te</span> <span class='ocrx_word' id='word_1_165' title='bbox 491 2294 539 2330; x_wconf 92' lang='lat' dir='ltr'>ut</span> <span class='ocrx_word' id='word_1_166' title='bbox 576 2286 690 2330; x_wconf 90' lang='lat' dir='ltr'>mihi</span> <span class='ocrx_word' id='word_1_167' title='bbox 715 2286 893 2330; x_wconf 87' lang='lat' dir='ltr'>decada</span> <span class='ocrx_word' id='word_1_168' title='bbox 917 2293 1091 2330; x_wconf 88' lang='lat' dir='ltr'>sextam</span> <span class='ocrx_word' id='word_1_169' title='bbox 1126 2285 1272 2328; x_wconf 91' lang='lat' dir='ltr'>sancti</span> <span class='ocrx_word' id='word_1_170' title='bbox 1295 2284 1537 2340; x_wconf 87' lang='lat' dir='ltr'>Augustini</span> <span class='ocrx_word' id='word_1_171' title='bbox 1562 2284 1912 2330; x_wconf 90' lang='lat' dir='ltr'>transmitteres.</span> 
     </span>
     <span class='ocr_line' id='line_1_24' title="bbox 167 2357 1911 2417; baseline -0.003 -11"><span class='ocrx_word' id='word_1_172' title='bbox 167 2364 314 2406; x_wconf 88' lang='lat' dir='ltr'>Posco</span> <span class='ocrx_word' id='word_1_173' title='bbox 347 2368 395 2404; x_wconf 95' lang='lat' dir='ltr'>ut</span> <span class='ocrx_word' id='word_1_174' title='bbox 432 2373 616 2417; x_wconf 88' lang='lat' dir='ltr'>quoquo</span> <span class='ocrx_word' id='word_1_175' title='bbox 647 2359 786 2403; x_wconf 90' lang='lat' dir='ltr'>modo</span> <span class='ocrx_word' id='word_1_176' title='bbox 817 2373 890 2403; x_wconf 91' lang='lat' dir='ltr'>me</span> <span class='ocrx_word' id='word_1_177' title='bbox 914 2357 1149 2414; x_wconf 89' lang='lat' dir='ltr'>cognitum</span> <span class='ocrx_word' id='word_1_178' title='bbox 1181 2371 1286 2402; x_wconf 90' lang='lat' dir='ltr'>eum</span> <span class='ocrx_word' id='word_1_179' title='bbox 1316 2357 1473 2402; x_wconf 89' lang='lat' dir='ltr'>facias.</span> <span class='ocrx_word' id='word_1_180' title='bbox 1540 2357 1753 2402; x_wconf 89' lang='lat' dir='ltr'>Misimus</span> <span class='ocrx_word' id='word_1_181' title='bbox 1779 2359 1911 2401; x_wconf 91' lang='lat' dir='ltr'>vobis</span> 
     </span>
     <span class='ocr_line' id='line_1_25' title="bbox 164 2420 1911 2492; baseline -0.003 -12"><span class='ocrx_word' id='word_1_182' title='bbox 164 2434 519 2492; x_wconf 87' lang='lat' dir='ltr'>Synonimarum</span> <span class='ocrx_word' id='word_1_183' title='bbox 535 2432 753 2486; x_wconf 89' lang='lat' dir='ltr'>libellum,</span> <span class='ocrx_word' id='word_1_184' title='bbox 771 2445 863 2476; x_wconf 91' lang='lat' dir='ltr'>non</span> <span class='ocrx_word' id='word_1_185' title='bbox 880 2446 962 2488; x_wconf 91' lang='lat' dir='ltr'>pro</span> <span class='ocrx_word' id='word_1_186' title='bbox 977 2430 1022 2475; x_wconf 90' lang='lat' dir='ltr'>id</span> <span class='ocrx_word' id='word_1_187' title='bbox 1040 2431 1163 2487; x_wconf 88' lang='lat' dir='ltr'>quod</span> <span class='ocrx_word' id='word_1_188' title='bbox 1179 2430 1372 2475; x_wconf 91' lang='lat' dir='ltr'>alicuius</span> <span class='ocrx_word' id='word_1_189' title='bbox 1388 2430 1597 2474; x_wconf 90' lang='lat' dir='ltr'>utilitatis</span> <span class='ocrx_word' id='word_1_190' title='bbox 1615 2420 1690 2486; x_wconf 85' lang='lat' dir='ltr'>sit,</span> <span class='ocrx_word' id='word_1_191' title='bbox 1705 2431 1787 2475; x_wconf 92' lang='lat' dir='ltr'>sed</span> <span class='ocrx_word' id='word_1_192' title='bbox 1803 2432 1911 2487; x_wconf 88' lang='lat' dir='ltr'>quia</span> 
     </span>
     <span class='ocr_line' id='line_1_26' title="bbox 160 2504 1909 2560; baseline -0.002 -8"><span class='ocrx_word' id='word_1_193' title='bbox 160 2522 264 2552; x_wconf 90' lang='lat' dir='ltr'>eum</span> <span class='ocrx_word' id='word_1_194' title='bbox 283 2507 509 2552; x_wconf 78' lang='lat' dir='ltr'>volueras,</span> <span class='ocrx_word' id='word_1_195' title='bbox 576 2504 868 2550; x_wconf 86' lang='lat' dir='ltr'>Commendo</span> <span class='ocrx_word' id='word_1_196' title='bbox 884 2511 1039 2548; x_wconf 91' lang='lat' dir='ltr'>autem</span> <span class='ocrx_word' id='word_1_197' title='bbox 1053 2504 1177 2548; x_wconf 90' lang='lat' dir='ltr'>hunc</span> <span class='ocrx_word' id='word_1_198' title='bbox 1194 2518 1387 2560; x_wconf 89' lang='lat' dir='ltr'>puerum</span> <span class='ocrx_word' id='word_1_199' title='bbox 1405 2518 1415 2558; x_wconf 83' lang='lat'><em>3</em></span> <span class='ocrx_word' id='word_1_200' title='bbox 1451 2504 1729 2548; x_wconf 89' lang='lat' dir='ltr'>commendo</span> <span class='ocrx_word' id='word_1_201' title='bbox 1747 2512 1791 2549; x_wconf 88' lang='lat' dir='ltr'>et</span> <span class='ocrx_word' id='word_1_202' title='bbox 1814 2519 1909 2548; x_wconf 90' lang='lat' dir='ltr'>me-</span> 
     </span>
    </p>
   </div>
   <div class='ocr_carea' id='block_1_15' title="bbox 92 2575 1910 2639">
    <p class='ocr_par' dir='ltr' id='par_1_15' title="bbox 92 2575 1910 2639">
     <span class='ocr_line' id='line_1_27' title="bbox 92 2575 1910 2639; baseline -0.001 -19"><span class='ocrx_word' id='word_1_203' title='bbox 92 2593 109 2620; x_wconf 86' lang='lat'><em>2</em></span> <span class='ocrx_word' id='word_1_204' title='bbox 118 2595 139 2632; x_wconf 83' lang='lat'>5</span> <span class='ocrx_word' id='word_1_205' title='bbox 162 2588 255 2624; x_wconf 89' lang='lat' dir='ltr'>met</span> <span class='ocrx_word' id='word_1_206' title='bbox 271 2581 437 2637; x_wconf 88' lang='lat' dir='ltr'>ipsum,</span> <span class='ocrx_word' id='word_1_207' title='bbox 453 2587 501 2623; x_wconf 93' lang='lat' dir='ltr'>ut</span> <span class='ocrx_word' id='word_1_208' title='bbox 518 2593 620 2623; x_wconf 90' lang='lat' dir='ltr'>ores</span> <span class='ocrx_word' id='word_1_209' title='bbox 635 2593 717 2635; x_wconf 91' lang='lat' dir='ltr'>pro</span> <span class='ocrx_word' id='word_1_210' title='bbox 731 2593 806 2623; x_wconf 90' lang='lat' dir='ltr'>me</span> <span class='ocrx_word' id='word_1_211' title='bbox 821 2578 1004 2631; x_wconf 80' lang='lat' dir='ltr'>misem,</span> <span class='ocrx_word' id='word_1_212' title='bbox 1022 2577 1129 2634; x_wconf 89' lang='lat' dir='ltr'>quia</span> <span class='ocrx_word' id='word_1_213' title='bbox 1143 2576 1277 2621; x_wconf 91' lang='lat' dir='ltr'>valde</span> <span class='ocrx_word' id='word_1_214' title='bbox 1294 2577 1491 2633; x_wconf 89' lang='lat' dir='ltr'>langueo</span> <span class='ocrx_word' id='word_1_215' title='bbox 1505 2585 1549 2620; x_wconf 92' lang='lat' dir='ltr'>et</span> <span class='ocrx_word' id='word_1_216' title='bbox 1566 2575 1910 2639; x_wconf 87' lang='lat' dir='ltr'>infirmitatibus</span> 
     </span>
    </p>
   </div>
   <div class='ocr_carea' id='block_1_16' title="bbox 160 2649 1909 2856">
    <p class='ocr_par' dir='ltr' id='par_1_16' title="bbox 160 2649 1909 2856">
     <span class='ocr_line' id='line_1_28' title="bbox 161 2649 1909 2710; baseline -0.002 -14"><span class='ocrx_word' id='word_1_217' title='bbox 161 2653 311 2697; x_wconf 89' lang='lat' dir='ltr'>carnis</span> <span class='ocrx_word' id='word_1_218' title='bbox 334 2661 378 2698; x_wconf 88' lang='lat' dir='ltr'>et</span> <span class='ocrx_word' id='word_1_219' title='bbox 397 2654 533 2710; x_wconf 88' lang='lat' dir='ltr'>culpa</span> <span class='ocrx_word' id='word_1_220' title='bbox 555 2653 736 2696; x_wconf 88' lang='lat' dir='ltr'>mentis.</span> <span class='ocrx_word' id='word_1_221' title='bbox 805 2653 859 2694; x_wconf 92' lang='lat' dir='ltr'>In</span> <span class='ocrx_word' id='word_1_222' title='bbox 875 2659 1067 2708; x_wconf 90' lang='lat' dir='ltr'>utroque</span> <span class='ocrx_word' id='word_1_223' title='bbox 1084 2658 1213 2694; x_wconf 92' lang='lat' dir='ltr'>tuum</span> <span class='ocrx_word' id='word_1_224' title='bbox 1229 2650 1511 2707; x_wconf 89' lang='lat' dir='ltr'>praesidium</span> <span class='ocrx_word' id='word_1_225' title='bbox 1528 2664 1684 2707; x_wconf 89' lang='lat' dir='ltr'>posco,</span> <span class='ocrx_word' id='word_1_226' title='bbox 1703 2649 1811 2707; x_wconf 88' lang='lat' dir='ltr'>quia</span> <span class='ocrx_word' id='word_1_227' title='bbox 1828 2665 1909 2706; x_wconf 90' lang='lat' dir='ltr'>per</span> 
     </span>
     <span class='ocr_line' id='line_1_29' title="bbox 162 2722 1907 2780; baseline -0.002 -12"><span class='ocrx_word' id='word_1_228' title='bbox 162 2740 236 2770; x_wconf 90' lang='lat' dir='ltr'>me</span> <span class='ocrx_word' id='word_1_229' title='bbox 259 2725 371 2769; x_wconf 91' lang='lat' dir='ltr'>nihil</span> <span class='ocrx_word' id='word_1_230' title='bbox 394 2740 586 2769; x_wconf 90' lang='lat' dir='ltr'>mereor.</span> <span class='ocrx_word' id='word_1_231' title='bbox 652 2726 726 2769; x_wconf 92' lang='lat' dir='ltr'>De</span> <span class='ocrx_word' id='word_1_232' title='bbox 757 2732 911 2768; x_wconf 93' lang='lat' dir='ltr'>cetero</span> <span class='ocrx_word' id='word_1_233' title='bbox 941 2731 1049 2780; x_wconf 89' lang='lat' dir='ltr'>peto</span> <span class='ocrx_word' id='word_1_234' title='bbox 1079 2731 1142 2778; x_wconf 87' lang='lat' dir='ltr'>ut,</span> <span class='ocrx_word' id='word_1_235' title='bbox 1165 2724 1275 2767; x_wconf 92' lang='lat' dir='ltr'>dum</span> <span class='ocrx_word' id='word_1_236' title='bbox 1298 2723 1393 2767; x_wconf 89' lang='lat' dir='ltr'>vita</span> <span class='ocrx_word' id='word_1_237' title='bbox 1415 2723 1582 2766; x_wconf 90' lang='lat' dir='ltr'>comite</span> <span class='ocrx_word' id='word_1_238' title='bbox 1615 2722 1820 2779; x_wconf 92' lang='lat' dir='ltr'>portitori</span> <span class='ocrx_word' id='word_1_239' title='bbox 1847 2723 1907 2765; x_wconf 86' lang='lat' dir='ltr'>ad</span> 
     </span>
     <span class='ocr_line' id='line_1_30' title="bbox 160 2793 1909 2856; baseline -0.002 -15"><span class='ocrx_word' id='word_1_240' title='bbox 160 2812 245 2842; x_wconf 90' lang='lat' dir='ltr'>nos</span> <span class='ocrx_word' id='word_1_241' title='bbox 260 2799 440 2856; x_wconf 87' lang='lat' dir='ltr'>regredi</span> <span class='ocrx_word' id='word_1_242' title='bbox 457 2799 592 2843; x_wconf 83' lang='lat' dir='ltr'>fuerit</span> <span class='ocrx_word' id='word_1_243' title='bbox 607 2798 915 2855; x_wconf 84' lang='lat' dir='ltr'>oportunitaS,</span> <span class='ocrx_word' id='word_1_244' title='bbox 930 2796 1093 2841; x_wconf 90' lang='lat' dir='ltr'>vestris</span> <span class='ocrx_word' id='word_1_245' title='bbox 1110 2810 1194 2840; x_wconf 90' lang='lat' dir='ltr'>nos</span> <span class='ocrx_word' id='word_1_246' title='bbox 1210 2795 1402 2841; x_wconf 90' lang='lat' dir='ltr'>iubeatis</span> <span class='ocrx_word' id='word_1_247' title='bbox 1416 2796 1665 2840; x_wconf 88' lang='lat' dir='ltr'>laetificare</span> <span class='ocrx_word' id='word_1_248' title='bbox 1680 2793 1909 2852; x_wconf 89' lang='lat' dir='ltr'>eloquiis.]</span> 
     </span>
    </p>
   </div>
   <div class='ocr_carea' id='block_1_17' title="bbox 161 2916 1909 3078">
    <p class='ocr_par' dir='ltr' id='par_1_17' title="bbox 161 2916 1909 3078">
     <span class='ocr_line' id='line_1_31' title="bbox 213 2916 1902 2969; baseline -0.001 -13"><span class='ocrx_word' id='word_1_249' title='bbox 213 2917 416 2969; x_wconf 84' lang='lat' dir='ltr'>Epistolas</span> <span class='ocrx_word' id='word_1_250' title='bbox 429 2917 471 2955; x_wconf 84' lang='lat' dir='ltr'><em>A</em></span> <span class='ocrx_word' id='word_1_251' title='bbox 491 2921 528 2956; x_wconf 81' lang='lat' dir='ltr'>et</span> <span class='ocrx_word' id='word_1_252' title='bbox 546 2917 586 2955; x_wconf 90' lang='grc' dir='ltr'><em>Β</em></span> <span class='ocrx_word' id='word_1_253' title='bbox 601 2931 684 2957; x_wconf 86' lang='lat' dir='ltr'>om.</span> <span class='ocrx_word' id='word_1_254' title='bbox 700 2920 767 2961; x_wconf 85' lang='grc' dir='ltr'>αβ.</span> <span class='ocrx_word' id='word_1_255' title='bbox 831 2917 997 2956; x_wconf 80' lang='lat' dir='ltr'>Contuli</span> <span class='ocrx_word' id='word_1_256' title='bbox 1019 2916 1055 2955; x_wconf 84' lang='lat' dir='ltr'><em>T</em></span> <span class='ocrx_word' id='word_1_257' title='bbox 1055 2917 1094 2955; x_wconf 86' lang='lat' dir='ltr'><em>U</em></span> <span class='ocrx_word' id='word_1_258' title='bbox 1300 2919 1326 2956; x_wconf 90' lang='lat'>6</span> <span class='ocrx_word' id='word_1_259' title='bbox 1355 2916 1489 2968; x_wconf 92' lang='lat' dir='ltr'>quod]</span> <span class='ocrx_word' id='word_1_260' title='bbox 1506 2916 1576 2967; x_wconf 91' lang='lat' dir='ltr'>qui</span> <span class='ocrx_word' id='word_1_261' title='bbox 1599 2917 1640 2954; x_wconf 88' lang='lat' dir='ltr'><em>U</em></span> <span class='ocrx_word' id='word_1_262' title='bbox 1800 2929 1902 2954; x_wconf 88' lang='lat' dir='ltr'>con-</span> 
     </span>
     <span class='ocr_line' id='line_1_32' title="bbox 161 2970 1909 3022; baseline -0.001 -12"><span class='ocrx_word' id='word_1_263' title='bbox 161 2972 399 3022; x_wconf 87' lang='lat' dir='ltr'>plectentur</span> <span class='ocrx_word' id='word_1_264' title='bbox 426 2971 462 3009; x_wconf 93' lang='lat' dir='ltr'><em>T</em></span> <span class='ocrx_word' id='word_1_265' title='bbox 563 2985 606 3010; x_wconf 88' lang='lat'>11</span> <span class='ocrx_word' id='word_1_266' title='bbox 640 2972 797 3011; x_wconf 89' lang='lat' dir='ltr'>letifice</span> <span class='ocrx_word' id='word_1_267' title='bbox 824 2972 907 3010; x_wconf 79' lang='lat' dir='ltr'>Ul:</span> <span class='ocrx_word' id='word_1_268' title='bbox 939 2985 1002 3011; x_wconf 92' lang='lat' dir='ltr'>-ca</span> <span class='ocrx_word' id='word_1_269' title='bbox 1028 2971 1084 3009; x_wconf 85' lang='lat' dir='ltr'>U2</span> <span class='ocrx_word' id='word_1_270' title='bbox 1182 2983 1230 3020; x_wconf 86' lang='lat'>13</span> <span class='ocrx_word' id='word_1_271' title='bbox 1261 2971 1319 3010; x_wconf 88' lang='lat' dir='ltr'>fili</span> <span class='ocrx_word' id='word_1_272' title='bbox 1340 2985 1421 3011; x_wconf 82' lang='lat' dir='ltr'>om.</span> <span class='ocrx_word' id='word_1_273' title='bbox 1444 2971 1486 3009; x_wconf 88' lang='lat' dir='ltr'><strong><em>U</em></strong></span> <span class='ocrx_word' id='word_1_274' title='bbox 1614 2983 1659 3018; x_wconf 88' lang='lat'>17</span> <span class='ocrx_word' id='word_1_275' title='bbox 1691 2970 1848 3020; x_wconf 84' lang='lat' dir='ltr'>perfrui</span> <span class='ocrx_word' id='word_1_276' title='bbox 1867 2970 1909 3009; x_wconf 86' lang='lat' dir='ltr'><em>U</em></span> 
     </span>
     <span class='ocr_line' id='line_1_33' title="bbox 162 3024 1909 3078; baseline -0.002 -12"><span class='ocrx_word' id='word_1_277' title='bbox 162 3026 353 3076; x_wconf 84' lang='lat' dir='ltr'>perfruer</span> <span class='ocrx_word' id='word_1_278' title='bbox 379 3026 416 3065; x_wconf 89' lang='lat' dir='ltr'><em>T</em></span> <span class='ocrx_word' id='word_1_279' title='bbox 431 3026 520 3078; x_wconf 72' lang='lat' dir='ltr'>(vix</span> <span class='ocrx_word' id='word_1_280' title='bbox 536 3025 742 3078; x_wconf 77' lang='lat' dir='ltr'>Isidorus)</span> <span class='ocrx_word' id='word_1_281' title='bbox 860 3026 1000 3065; x_wconf 85' lang='lat' dir='ltr'>saltim</span> <span class='ocrx_word' id='word_1_282' title='bbox 1029 3026 1065 3065; x_wconf 90' lang='lat' dir='ltr'><em>T</em></span> <span class='ocrx_word' id='word_1_283' title='bbox 1177 3027 1225 3064; x_wconf 88' lang='lat'>18</span> <span class='ocrx_word' id='word_1_284' title='bbox 1254 3026 1309 3064; x_wconf 90' lang='lat' dir='ltr'>sit</span> <span class='ocrx_word' id='word_1_285' title='bbox 1328 3026 1422 3064; x_wconf 86' lang='lat' dir='ltr'>mici</span> <span class='ocrx_word' id='word_1_286' title='bbox 1449 3025 1490 3063; x_wconf 85' lang='lat' dir='ltr'><em>U</em></span> <span class='ocrx_word' id='word_1_287' title='bbox 1583 3038 1634 3062; x_wconf 75' lang='lat'>22</span> <span class='ocrx_word' id='word_1_288' title='bbox 1665 3024 1782 3076; x_wconf 87' lang='lat' dir='ltr'>eum]</span> <span class='ocrx_word' id='word_1_289' title='bbox 1804 3025 1842 3063; x_wconf 89' lang='lat' dir='ltr'>ei</span> <span class='ocrx_word' id='word_1_290' title='bbox 1874 3024 1909 3062; x_wconf 84' lang='lat' dir='ltr'><em>T</em></span> 
     </span>
    </p>
   </div>
   <div class='ocr_carea' id='block_1_18' title="bbox 993 3123 1069 3157">
    <p class='ocr_par' dir='ltr' id='par_1_18' title="bbox 993 3123 1069 3157">
     <span class='ocr_line' id='line_1_34' title="bbox 993 3123 1069 3157; baseline -0.013 0"><span class='ocrx_word' id='word_1_291' title='bbox 993 3123 1069 3157; x_wconf 79' lang='lat'>132</span> 
     </span>
    </p>
   </div>
  </div>
 </body>
</html>
