2176 3424
983 157 1257 206 ISIDORI

22 295 215 335 XXVIII
380 289 461 335 DE
499 301 786 335 COLORIBVS
818 301 1057 335 VESTIVM.
1133 286 1370 336 Tinctura
1404 297 1576 336 vocata
1610 288 1725 351 quia
1758 288 1993 352 tinguitur

242 377 290 417 et
330 368 378 416 in
417 368 562 417 aliam
607 370 770 417 fucata
811 368 1026 432 speciem
1070 369 1240 418 nitoris
1287 369 1438 433 gratia
1476 371 1733 419 coloratur.
1809 371 1994 420 Κόκκον

241 452 433 511 Graeci,
462 467 553 498 nos
580 451 781 498 rubrum
810 467 895 499 seu
927 452 1252 500 vermiculum
1279 451 1490 500 dicimus
1510 470 1522 512 5
1569 461 1641 500 est
1667 452 1798 501 enim
1824 452 1994 502 vermi-

187 546 216 580 2
241 534 380 580 culus
407 548 465 581 ex
495 532 797 581 silvestribus
828 532 1100 581 frondibus.
1176 533 1506 597 Conchylium
1543 534 1732 582 dictum
1763 551 1823 583 eo
1858 536 1994 597 quod

242 631 299 662 ex
338 613 595 663 conchulis
635 614 834 662 marinis
875 617 1010 663 color
1053 614 1156 663 eius
1205 614 1477 678 colligitur:
1537 615 1671 664 idem
1711 624 1759 664 et
1807 626 1994 665 ostrum
2018 627 2039 667 5

188 706 218 752 3
242 705 458 745 vocatur.
531 697 751 756 Ostrum,
778 698 912 758 quod
940 713 1028 759 pro
1054 698 1220 745 colore
1245 713 1489 760 purpurae
1514 706 1826 760 temperatur,
1854 698 1998 761 pluri-

242 777 333 826 mis
359 777 562 841 quidem
590 777 640 825 in
665 777 800 838 locis,
821 780 906 826 sed
937 777 1181 841 optimum
1209 778 1260 825 in
1286 778 1443 827 insula
1469 781 1634 842 Cypro
1659 778 1871 843 gignitur
1896 782 1997 829 sive

184 872 217 918 4
242 859 293 907 in
329 861 404 908 his
435 876 559 922 quos
590 859 789 923 propius
827 860 942 908 solis
976 877 1145 908 cursus
1182 860 1457 910 inluminat.
1532 861 1805 924 Conchylia
1830 871 1996 910 autem

244 950 358 989 sunt
400 941 561 1001 maris,
606 958 733 1004 quae
782 941 1071 990 circumcisa
1109 943 1235 990 ferro
1277 942 1500 990 lacrimas
1539 944 1769 1006 purpurei
1819 944 1996 993 coloris

243 1024 502 1074 emittunt:
541 1023 616 1072 his
643 1023 862 1072 collectis
887 1026 1023 1072 color
1043 1040 1314 1086 purpureus
1342 1032 1651 1087 temperatur.
1726 1027 1789 1073 Et
1809 1035 1992 1074 ostrum
2023 1043 2073 1072 10

189 1116 219 1165 5
242 1106 421 1155 exinde
445 1107 743 1170 appellatum
764 1107 936 1154 dicunt
961 1107 1098 1168 quod
1115 1123 1173 1153 ex
1199 1115 1352 1155 testae
1379 1108 1586 1155 humore
1612 1105 1814 1154 elicitur.
1882 1109 1998 1154 Pur-

242 1205 363 1251 pura
378 1190 512 1251 apud
535 1187 736 1236 Latinos
756 1205 785 1236 a
799 1187 1009 1250 puritate
1029 1189 1151 1236 lucis
1174 1197 1358 1237 vocata.
1425 1190 1576 1251 Apud
1597 1189 1812 1236 Graecos
1832 1194 1998 1234 autem

241 1271 461 1334 πόρφυρα
496 1269 675 1318 dicitur
705 1286 818 1318 cum
849 1268 1198 1331 adspiratione,
1233 1271 1366 1333 apud
1397 1286 1488 1318 nos
1526 1286 1740 1332 purpura
1777 1268 1882 1317 sine
1918 1270 1999 1317 ad-

185 1350 521 1416 6·spiratione.
599 1353 813 1414 Ferrugo
847 1352 984 1399 color
1018 1361 1091 1399 est
1124 1368 1368 1414 purpurae
1406 1351 1667 1414 subnigrae
1702 1367 1828 1414 quae
1859 1351 1912 1398 fit
1950 1349 1999 1397 in

245 1433 503 1497 Hispania,
533 1441 585 1481 ut
625 1432 776 1496 (Virg.
798 1435 922 1480 Aen.
945 1449 987 1493 9,
1010 1432 1126 1495 582)
1150 1452 1157 1480 ε

782 1513 1047 1577 Ferrugine
1084 1515 1241 1562 clarus
1281 1515 1438 1563 Ibera.

246 1599 394 1646 Dicta
417 1605 581 1645 autem
618 1597 811 1659 ferrugo
848 1597 984 1658 quod
1015 1595 1177 1643 omnis
1207 1612 1422 1659 purpura
1451 1595 1608 1658 prima
1643 1596 1855 1643 tinctura
1881 1593 2002 1642 eius-

194 1698 222 1746 7
247 1678 383 1728 modi
417 1677 593 1726 coloris
623 1677 811 1726 existat.
883 1677 1103 1725 Glaucus
1138 1679 1274 1726 color
1311 1686 1383 1725 est
1420 1676 1723 1739 ferrugineus
1756 1675 2000 1738 subniger.

248 1760 486 1809 Elbidum
512 1761 576 1807 ab
593 1759 707 1807 elbo
733 1760 898 1808 colore
923 1768 1153 1807 vocatum
1174 1777 1187 1819 5
1223 1759 1390 1807 elbum
1411 1768 1484 1807 est
1504 1758 1633 1807 enim
1657 1759 1850 1806 medius
1868 1760 2004 1806 color

189 1850 218 1896 8
246 1844 371 1892 inter
403 1842 595 1905 nigrum
627 1850 674 1889 et
707 1841 893 1900 album,
931 1849 979 1888 et
1013 1841 1182 1888 elbum
1217 1841 1280 1888 ab
1311 1842 1426 1888 albo
1464 1841 1740 1889 dirivatum.
1817 1842 2002 1889 Luteus
2029 1857 2079 1883 20

245 1928 381 1974 color
406 1924 727 1983 rubicundUS‚
747 1923 884 1985 quod
910 1931 982 1970 est
1009 1939 1225 1971 croceus.
1301 1924 1430 1971 Nam
1459 1939 1658 1970 crocum
1688 1922 1805 1971 lutei
1826 1921 2003 1970 coloris

245 2017 331 2067 est,
360 2016 412 2055 ut
440 2007 593 2072 (Virg.
615 2006 719 2054 Ecl.
739 2022 783 2064 4,
804 2003 890 2068 44)
912 2024 920 2053 :

719 2087 913 2136 Croceo
951 2085 1158 2134 mutavit
1195 2087 1374 2134 vellera
1409 2088 1528 2135 luto.

247 2174 458 2220 Menum
499 2168 659 2236 [quod
700 2168 760 2217 sit
799 2170 965 2216 colore
1004 2167 1178 2231 nigr03
1229 2168 1406 2217 Graeci
1445 2168 1577 2216 enim
1617 2170 1768 2232 μέλαν
1809 2168 2002 2232 nigrum

247 2251 456 2318 dicunt].
517 2250 840 2299 Masticinum
886 2248 1043 2316 [quod
1083 2252 1299 2298 colorem
1341 2249 1557 2298 masticis
1596 2248 1814 2316 habeat}
1877 2251 2078 2300 Blat-25
2150 2291 2157 2295 ,

2027 1451 2073 1491 15

306 2397 322 2422 1
357 2382 454 2433 quia
474 2381 664 2420 BCTU:
693 2380 803 2429 quod
821 2378 866 2416 K
1029 2393 1054 2417 2
1085 2379 1127 2417 in
1150 2392 1234 2418 om.
1258 2378 1304 2416 K
1438 2379 1686 2417 cohortatur
1709 2378 1756 2416 K
1909 2379 2005 2430 Ka]

250 2440 436 2478 Coccum
457 2435 571 2475 codd.
711 2447 736 2483 3
767 2435 912 2472 rubum
939 2433 976 2471 T
1109 2433 1397 2472 mermiculum
1418 2433 1475 2471 Β1
1587 2447 1612 2482 4
1642 2434 1877 2472 Concilium
1898 2433 2009 2473 codd.

251 2507 274 2543 5
307 2492 499 2532 conculis
520 2490 631 2529 codd.
751 2491 776 2527 6
807 2495 983 2527 vocatur
1002 2488 1190 2528 BCTU:
1218 2493 1412 2527 vocatum
1435 2488 1482 2525 K
1591 2502 1612 2536 7
1643 2501 1712 2537 qu.
1729 2489 1805 2528 loc.
1831 2489 2010 2527 diversis

252 2550 328 2588 sed
357 2547 395 2586 T
546 2547 571 2583 8
600 2557 704 2594 quas
725 2543 771 2581 K
926 2543 1104 2593 propius
1124 2543 1190 2583 K:
1223 2543 1396 2593 proprio
1417 2541 1621 2592 BT(pro
1643 2543 1884 2595 propior?):
1914 2556 2010 2592 pro-

254 2605 346 2654 prie
369 2601 405 2641 C
555 2598 745 2638 Concilia
765 2597 877 2638 codd.
904 2598 1047 2646 (etiam
1068 2598 1114 2636 N
1117 2598 1174 2649 U)
1326 2604 1465 2636 autem
1487 2610 1569 2637 om.
1601 2595 1652 2634 T1
1858 2611 1884 2647 9
1912 2611 2007 2647 pur-

254 2671 388 2709 purea
409 2654 468 2695 B¹
571 2667 622 2692 10
650 2653 881 2692 immittunt
900 2652 1022 2691 BCT
1120 2665 1165 2690 11
1198 2652 1296 2690 inde
1325 2652 1377 2690 T1
1485 2664 1532 2701 13
1553 2652 1664 2701 apud
1687 2665 1765 2690 nos
1786 2682 1796 2691 .
1821 2683 1829 2692 .
1856 2682 1864 2691 .
1889 2653 2008 2701 adsp.

255 2727 338 2751 om.
362 2711 420 2750 Β1
555 2711 604 2747 16
633 2709 684 2747 cl.
710 2708 853 2747 sidera
873 2706 939 2746 B:
973 2708 1038 2746 cla
1060 2708 1155 2760 (sic)
1178 2708 1312 2745 fidere
1333 2705 1379 2744 K
1509 2707 1558 2744 18
1588 2705 1744 2745 Glacus
1762 2705 1804 2744 Β
1931 2707 2012 2744 fer-

257 2778 476 2817 ruganeus
496 2763 580 2803 B1:
612 2763 829 2812 ferrugine
851 2761 897 2800 K
1074 2775 1123 2812 19
1153 2761 1350 2800 Elbidum
1373 2791 1383 2801 .
1407 2793 1416 2801 .
1441 2792 1450 2801 .
1471 2774 1564 2801 voc.
1587 2774 1670 2800 om.
1695 2759 1745 2798 Cl
1894 2760 2013 2798 elbus

257 2829 322 2861 est
343 2820 389 2859 K
540 2831 593 2857 20
623 2824 664 2856 et
686 2817 826 2856 elbum
847 2830 932 2857 om.
961 2817 997 2854 T
1148 2829 1197 2855 21
1229 2817 1457 2866 quodquod
1480 2821 1543 2854 est
1571 2815 1608 2854 T
1758 2826 1869 2854 nam.
1891 2820 1934 2853 et
1956 2827 2011 2853 cr.

265 2877 322 2915 T:
364 2888 462 2914 nam
496 2886 646 2912 crocus
680 2871 722 2909 Β
886 2884 940 2910 22
970 2877 1036 2910 est
1070 2876 1142 2922 pet
1178 2871 1283 2921 (pro
1313 2876 1440 2920 poeta
1458 2870 1493 2922 2)
1526 2870 1671 2919 inquid
1708 2876 1754 2908 ut
1791 2868 1828 2906 T
1855 2873 1904 2907 ut
1931 2868 2012 2907 vid.

259 2944 312 2980 23
342 2935 501 2969 mutata
520 2927 608 2966 ΒΚ
820 2939 871 2975 24
904 2926 1103 2965 Maenum
1125 2924 1171 2962 K
1358 2926 1470 2975 quod
1492 2954 1502 2964 .
1523 2955 1533 2965 .
1557 2954 1568 2964 .
1591 2924 1736 2963 dicunt
1754 2924 1846 2963 hah.
1875 2922 2016 2963 TUV:

265 2999 347 3026 om.
374 2982 582 3022 BCDEK
690 2993 741 3030 25
771 2981 884 3030 quod
908 3011 916 3021 .
937 3012 946 3021 .
961 3011 971 3022 .
993 2981 1086 3021 h-ab.
1110 2980 1204 3020 hab.
1234 2978 1272 3017 T
1273 2978 1355 3018 UV
1368 2994 1377 3018 ι
1407 2993 1489 3019 om.
1513 2977 1722 3018 BCDEK
1827 2977 2014 3017 Blattum

270 3039 412 3079 TUV:
442 3038 624 3077 Bliteum
646 3036 690 3074 D
711 3037 815 3087 (non
827 3034 886 3087 E>
