2176 3424
1076 119 1349 170 ISIDORI

342 243 444 292 alio
480 246 630 294 latere
667 246 865 295 Indiam
905 256 1107 309 spectat,
1135 247 1232 297 alio
1261 246 1462 312 Syriam.
1537 252 1625 299 Est
1657 260 1822 300 autem
1858 253 2089 302 Indicum

343 326 659 387 multiforme,
688 329 776 377 sed
802 329 978 378 melius
1004 331 1273 392 Syriacum,
1298 332 1419 390 leve,
1437 332 1641 391 fulvum,
1662 349 1935 396 comosum,
1959 337 2092 399 spica

341 424 560 472 parvum,
589 409 954 469 odorissimum,
982 427 1215 474 cyperum
1242 412 1477 462 similans.
1550 415 1703 476 Quod
1733 417 1771 463 si
1805 417 2015 464 multum
2042 416 2092 463 in

341 507 424 539 ore
463 491 739 551 tardaverit,
776 492 993 556 linguam
1038 493 1203 543 siccat.
1277 496 1501 543 Nardum
1543 496 1788 546 Celticum
1824 515 1853 546 a
1894 497 2093 561 regione

343 572 534 622 Galliae
560 590 744 623 nornen
771 576 943 636 traxit3
980 575 1197 624 nascitur
1227 576 1358 625 enim
1394 577 1587 640 saepius
1616 577 1668 626 in
1702 579 1927 642 Liguriae
1960 582 2094 643 Alpi-
2116 598 2138 638 5

342 657 434 704 bus
472 664 519 704 et
556 657 607 703 in
644 657 792 719 Syria,
820 656 993 705 frutice
1030 674 1194 720 parv0‚
1224 658 1472 707 radicibus
1505 659 1556 707 in
1587 659 1842 724 manipulo
1874 662 2093 711 collectis

341 733 632 797 ligamentis.
708 737 823 784 Flos
861 737 964 784 eius
1002 745 1196 784 tantum
1234 746 1432 800 propter
1468 739 1673 787 odorem
1710 739 1903 788 bonus:
1940 740 2092 802 thyrsi

285 834 318 881 4
343 815 447 864 eius
473 825 622 879 atque
651 817 900 867 radiculae
934 818 1079 867 utiles
1114 819 1384 881 probantur
1414 819 1585 868 usibus
1618 820 1807 869 nostris.
1883 822 2091 871 Costum

342 899 478 946 radix
503 897 687 947 herbae
713 909 786 948 est
806 899 1053 948 nascentis
1074 899 1124 947 in
1148 899 1306 959 India,
1330 901 1514 950 Arabia
1533 911 1580 950 et
1601 902 1737 966 Syria
1757 922 1765 951 :
1804 905 1892 952 sed
1917 903 2092 952 melius

344 980 628 1028 Arabicum.
703 982 792 1028 Est
829 980 962 1029 enim
999 982 1168 1029 album
1212 990 1260 1029 et
1301 983 1421 1042 leve,
1461 1000 1623 1044 suave,
1662 983 1867 1044 iucundi
1910 985 2089 1044 odoris,
2119 1003 2169 1033 10

344 1061 578 1111 Indicum
612 1063 776 1111 colore
809 1072 915 1111 atro
949 1071 997 1112 et
1027 1064 1147 1123 leve,
1176 1073 1229 1112 ut
1258 1066 1425 1125 ferula,
1454 1067 1706 1128 Syriacum
1731 1083 1847 1115 vero
1872 1068 2093 1130 pondere

343 1160 501 1207 grave,
530 1145 696 1193 colore
730 1145 906 1205 buxeo,
943 1147 1097 1194 odore
1129 1145 1242 1205 acri,
1276 1163 1527 1195 summum
1559 1156 1726 1197 tamen
1759 1147 1941 1207 album,
1971 1149 2091 1208 leve,

290 1239 320 1288 5
342 1226 550 1286 aridum,
578 1235 724 1289 gustu
758 1226 1045 1276 incendenS.
1117 1228 1332 1277 Crocum
1364 1227 1552 1277 dictum
1579 1229 1642 1277 ab
1668 1229 1855 1293 oppido
1889 1229 2094 1280 Ciliciae

344 1308 429 1371 qui
465 1317 668 1357 vocatur
705 1309 984 1372 Corycium,
1018 1325 1322 1373 quamquam
1354 1319 1401 1359 et
1438 1311 1556 1360 alibi
1592 1320 1833 1372 nascatur,
1869 1313 1957 1361 sed
1993 1329 2095 1361 non

344 1399 536 1439 tantum
564 1392 641 1439 vel
665 1392 762 1440 tale
787 1393 932 1454 quale
958 1392 1008 1439 in
1035 1390 1209 1441 Cilicia
1230 1410 1239 1439 ε
1278 1393 1411 1441 unde
1437 1401 1484 1440 et
1509 1409 1538 1441 a
1557 1392 1733 1456 potiori
1754 1401 1890 1456 parte
1910 1409 2095 1442 nomen
2120 1414 2169 1457 15

343 1473 547 1534 accepit.
622 1473 753 1520 Nam
781 1474 966 1522 multae
991 1490 1065 1522 res
1092 1472 1296 1521 nomina
1322 1483 1636 1537 sumpserunt
1660 1491 1689 1523 a
1713 1474 1847 1534 locis,
1875 1475 1961 1524 ubi
1985 1477 2095 1538 plus

345 1554 571 1616 provenit
607 1562 655 1602 et
693 1553 868 1602 melius
905 1554 1107 1617 aliquid.
1183 1555 1443 1618 Optimum
1475 1564 1641 1605 autern
1676 1565 1750 1605 est
1783 1559 1920 1619 quod
1953 1556 2095 1606 fuerit

347 1650 532 1694 recens,
559 1634 725 1684 odoris
759 1635 896 1696 boni,
923 1635 1156 1685 albedine
1186 1652 1346 1698 parva,
1373 1646 1626 1700 porrectae
1655 1637 1992 1701 longitudinis,
2028 1639 2097 1685 in-

346 1726 537 1779 tegrum
564 1727 612 1765 et
638 1733 801 1779 neque
826 1719 877 1765 in
902 1718 1174 1780 fragmenta
1199 1720 1577 1778 comminutum,
1601 1718 1921 1782 inspiratione
1946 1720 2092 1780 bona,

346 1807 394 1847 et
420 1814 534 1845 cum
561 1798 774 1862 carpitur
798 1815 975 1847 manus
1001 1798 1226 1848 inficiens
1252 1808 1300 1848 et
1325 1799 1494 1849 leviter
1519 1817 1641 1849 acre.
1718 1802 1870 1862 Quod
1900 1801 1939 1849 si
1973 1801 2096 1850 eius·
2119 1818 2176 1848 πα

349 1880 486 1930 modi
511 1897 612 1928 non
639 1882 796 1941 fuerit,
818 1891 902 1929 aut
919 1889 1167 1930 vetustum
1191 1891 1276 1930 aut
1301 1880 1517 1930 infusum
1543 1882 1836 1945 agnoscitur.
1894 1884 2096 1932 Adulte-

347 1972 478 2011 ratur
503 1971 670 2011 autem
695 1962 918 2012 admixto
937 1972 1362 2026 crocomagmate:
1399 1963 1613 2027 augendi
1639 1981 1840 2026 quoque
1865 1964 2098 2027 ponderis

346 2060 495 2093 causa
520 2061 697 2108 spuma
720 2044 909 2107 argenti
933 2045 1143 2093 contrita
1167 2044 1387 2093 adicitur.
1462 2046 1536 2093 Ea
1566 2045 1788 2108 proditur
1813 2047 1849 2094 si
1877 2048 2098 2110 pulveru-

349 2129 538 2176 lentum
560 2127 796 2191 reperitur
811 2136 960 2190 atque
979 2128 1243 2176 decoctum
1261 2127 1324 2175 ab
1341 2127 1495 2176 odore
1512 2127 1709 2190 proprio
1725 2127 1867 2176 fuerit
1887 2129 2092 2191 lapsum.

287 2211 324 2258 6
351 2211 711 2273 Crocomagma
748 2208 987 2272 expressis
1023 2208 1327 2257 aromatibus
1363 2208 1548 2257 crocini
1577 2210 1814 2272 unguenti
1846 2218 1996 2272 atque
2028 2209 2097 2256 in-
2121 2227 2176 2269 25

350 2294 562 2340 formato
599 2293 843 2340 sedimine
879 2292 930 2339 in
966 2291 1265 2354 panusculos
1302 2291 1390 2351 fit;
1437 2300 1486 2340 et
1522 2290 1636 2340 ideo
1673 2293 1741 2340 sic
1776 2293 2094 2355 appellatum.

293 2385 323 2434 7
349 2376 559 2422 Asarum
598 2373 814 2421 nascitur
850 2374 900 2420 in
935 2372 1179 2422 umbrosis
1211 2371 1478 2432 montibus,
1508 2372 1710 2421 floribus
1742 2372 1902 2421 casiae
1937 2372 2098 2421 simili-

350 2456 441 2505 bus
459 2474 473 2517 ;
509 2455 634 2504 inter
670 2471 798 2518 quae
835 2455 925 2503 flos
962 2453 1095 2502 iuxta
1131 2453 1346 2502 radicem
1386 2470 1672 2517 purpureus,
1707 2454 1758 2502 in
1792 2471 1892 2518 quo
1929 2471 2099 2504 semen

407 2599 424 2624 1
459 2590 658 2635 expectat
678 2584 768 2623 DT
945 2596 971 2633 3
1001 2583 1197 2634 cypirum
1218 2582 1264 2620 K
1280 2597 1288 2621 :
1319 2583 1508 2634 ciperum
1530 2582 1619 2621 DT
1807 2595 1831 2633 5
1859 2584 2039 2633 galileae
2059 2584 2105 2622 K

348 2643 375 2679 6
403 2641 503 2680 sirie
531 2638 569 2677 T
583 2640 630 2692 (i.
649 2653 677 2681 e.
701 2639 873 2691 Syriae)
1033 2638 1221 2677 fructuce
1241 2638 1285 2675 D
1479 2651 1500 2687 7
1531 2638 1690 2677 bonum
1710 2639 1822 2678 codd.
1995 2639 2100 2677 tursi

350 2695 441 2735 DK
455 2709 465 2735 z
494 2694 586 2733 tirsi
614 2694 652 2732 T
756 2707 783 2744 9
812 2692 942 2732 herba
962 2693 1007 2731 D
1122 2705 1171 2732 10
1201 2693 1279 2732 iuc.
1303 2691 1396 2743 od.]
1419 2693 1642 2732 iucundior
1660 2692 1706 2730 K
1815 2705 1857 2731 11
1890 2693 2024 2732 fex-ule
2053 2692 2100 2732 T:

350 2750 527 2789 ferulam
548 2748 593 2787 D
724 2749 919 2798 pondero
941 2746 987 2785 K
1155 2760 1204 2785 12
1233 2759 1331 2786 acro
1359 2746 1436 2785 TD
1455 2761 1505 2786 ex
1523 2761 1619 2787 corr.
1645 2748 1699 2799 (et
1715 2748 1863 2801 Isid.):
1893 2760 1995 2796 agro
2014 2746 2102 2784 KD

351 2811 446 2844 ante
461 2818 559 2844 corr.
667 2816 832 2842 sumum
855 2802 900 2841 D
1008 2803 1057 2840 16
1086 2802 1206 2841 multi
1225 2800 1270 2840 D
1371 2814 1418 2852 17
1450 2802 1705 2853 proveniunt
1724 2801 1771 2839 K
1870 2814 1923 2840 20
1951 2801 2096 2840 eiusm.

351 2860 405 2900 fu.
430 2859 477 2898 K
624 2871 673 2896 21
706 2858 826 2908 aga]
847 2857 1064 2896 albiscitur
1083 2856 1129 2894 K
1286 2868 1338 2905 23
1368 2855 1498 2906 adic.]
1521 2857 1672 2895 dicitur
1699 2855 1737 2894 T
1855 2868 1906 2895 ea
1924 2869 2008 2895 om.
2031 2855 2100 2896 K:

353 2920 395 2952 et
415 2913 459 2951 D
626 2912 684 2964 si]
705 2917 749 2952 et
770 2911 806 2950 si
827 2912 870 2950 D
1064 2922 1115 2960 25
1145 2912 1488 2960 Crocummagna
1507 2910 1554 2948 K
1567 2924 1578 2950 z
1607 2912 1901 2959 Crocomagna
1923 2911 1991 2962 (ex
2013 2924 2102 2949 -cu-

353 2974 402 3007 ut
418 2968 521 3020 vid.)
549 2966 588 3005 T
719 2965 879 3006 crocini
899 2979 947 3006 ex
965 2966 1077 3005 croci
1099 2964 1137 3003 T
1296 2967 1349 3003 26
1378 2966 1634 3016 panuscolos
1658 2965 1716 3004 T:
1746 2965 2001 3015 panusculus
2017 2963 2106 3003 DK

354 3022 592 3073 appellatur
611 3021 658 3060 K
765 3034 815 3070 27
845 3021 1031 3059 Asurum
1052 3019 1143 3059 DK
1249 3021 1302 3058 28
1333 3018 1556 3070 purpureis
1584 3019 1621 3059 T
