2228 3444
1101 170 1374 220 ISIDORI

300 288 335 335 6
359 285 588 336 humana.
668 287 771 337 Erit
800 298 965 338 autem
999 292 1074 339 lex
1108 293 1330 355 honesta,
1364 295 1502 357 iusta,
1540 300 1803 362 possibilis,
1840 304 2114 354 secundum

358 376 598 430 naturam,
638 373 914 421 secundum
957 376 1370 426 consuetudinem
1415 380 1613 443 patriae,
1651 385 1762 433 loco
1805 387 2114 452 temporique

356 450 672 513 conveniens,
700 454 990 515 necessaria,
1019 455 1164 516 utilis,
1194 459 1455 510 manifesta
1481 479 1695 527 quoque,
1723 483 1786 515 ne
1811 468 1999 532 aliquid
2029 487 2115 533 per

353 531 705 583 obscuritatem
723 535 773 583 in
790 536 1072 599 captionem
1090 539 1354 601 contineat,
1367 545 1506 592 nullo
1521 545 1711 609 privato
1727 553 2010 614 commodo,
2026 555 2114 602 sed

352 631 441 678 pro
467 617 722 665 communi
748 619 927 666 civium
956 619 1165 671 utilitate
1191 623 1483 688 conscripta.
2139 658 2159 696 5

265 706 328 745 XI
492 699 574 746 DE
600 713 908 750 SENTENTIA.
964 703 1221 753 Sententia
1245 715 1318 754 est
1338 708 1526 756 dictum
1554 709 1878 774 inpersonale‚
1903 725 1956 764 ut
1977 715 2108 781 (Ter.

353 781 507 829 Andr.
531 780 619 846 68)
646 802 654 830 :

665 865 979 928 Obsequium
1016 867 1218 930 amicos,
1259 871 1435 921 veritas
1472 873 1642 923 odium
1682 877 1820 939 parit.

355 943 491 992 Huic
517 944 554 992 si
581 962 793 1008 persona
819 947 962 996 fuerit
987 949 1194 1011 adiecta,
1218 953 1351 1001 chria
1371 953 1474 1014 erit,
1497 956 1563 1004 ita
1586 975 1595 1005 t
1638 959 1870 1008 ‘offendit
1893 961 2110 1010 Achilles

350 1028 783 1089 Agamemnonem
801 1046 914 1079 vera
940 1030 1187 1093 dicendo‚'
1210 1037 1221 1059 ‘
1240 1037 1598 1100 Metrophanes
1619 1042 1887 1103 promeruit
1903 1043 2108 1106 gratiam
2138 1064 2186 1094 10

296 1122 327 1157 2
353 1108 656 1159 Mithridatis
682 1111 1043 1175 obsequendo.'
1114 1118 1245 1165 Nam
1273 1119 1398 1167 inter
1423 1121 1591 1170 chrian
1619 1132 1666 1171 et
1691 1125 1986 1174 sententiam
2014 1129 2109 1176 hoc

350 1190 565 1251 interest,
594 1195 731 1256 quod
759 1195 1005 1245 sententia
1039 1197 1144 1246 sine
1179 1215 1389 1262 persona
1419 1205 1674 1266 profertur,
1702 1206 1836 1256 chria
1867 1208 1972 1258 sine
2005 1227 2108 1273 per-

347 1291 470 1324 sona
494 1293 768 1339 numquam
801 1276 993 1327 dicitur.
1068 1282 1216 1329 Vnde
1242 1282 1280 1330 si
1308 1285 1582 1335 sententiae
1616 1304 1826 1350 persona
1850 1290 2103 1352 adiciatur,

347 1359 399 1406 fit
426 1357 560 1406 chria
583 1377 592 1416 ;
629 1358 665 1407 si
694 1360 992 1421 detrahatur,
1022 1363 1075 1410 fit
1101 1364 1360 1414 sententia.

235 1444 321 1484 XII
486 1442 568 1488 DE
607 1442 917 1491 CATASCEVA
956 1459 1020 1492 ET
1055 1447 1358 1496 ANASCEVA.
1433 1450 1707 1500 Catasceua
1739 1463 1811 1502 est
1848 1456 2107 1506 confirma·
2133 1477 2178 1517 15

346 1522 415 1570 tio
437 1523 718 1586 propositae
739 1524 820 1573 rei.
885 1528 1148 1576 Anasceua
1164 1538 1330 1578 autem
1352 1532 1595 1581 contraria
1615 1535 1851 1597 superiori
1873 1547 1957 1585 est.
2010 1539 2105 1588 Re-

345 1605 497 1652 vincit
523 1604 655 1653 enim
688 1622 789 1654 non
815 1606 978 1667 fuisse,
1007 1618 1093 1658 aut
1129 1627 1231 1659 non
1257 1628 1375 1671 esse,
1407 1616 1543 1676 quod
1576 1624 1761 1677 natum,
1789 1627 1872 1666 aut
1902 1620 2101 1680 factum,

343 1695 428 1734 aut
454 1688 643 1736 dictum
670 1704 777 1738 esse
803 1690 1095 1753 proponitur
1114 1711 1125 1752 3
1163 1702 1215 1741 ut
1242 1693 1281 1741 si
1307 1694 1417 1757 quis
1439 1696 1754 1747 Chimaeram
1776 1709 1921 1763 neget
1938 1701 2100 1762 fuisse,

289 1783 319 1817 2
349 1778 433 1817 aut
459 1768 608 1818 fuisse
634 1772 907 1821 confirmet.
984 1775 1120 1823 Inter
1145 1776 1268 1825 haec
1295 1786 1342 1825 et
1368 1779 1530 1827 thesin
1563 1781 1655 1829 hoc
1689 1780 1939 1844 interesse,
1967 1786 2103 1847 quod

344 1851 511 1912 thesis,
541 1853 765 1915 quamvis
792 1863 840 1904 et
866 1854 970 1918 ipsa
996 1856 1179 1907 habeat
1204 1859 1592 1922 disputationem
1619 1864 1670 1911 in
1707 1873 1966 1928 utramque
1999 1883 2103 1929 par·
2128 1886 2177 1914 20

343 1943 458 1995 tem,
478 1944 644 1984 tamen
666 1935 882 1986 incertae
902 1937 969 1986 rei
990 1939 1130 2001 quasi
1157 1942 1403 2003 quaedam
1425 1943 1716 1993 deliberatio
1733 1948 1808 1996 vel
1825 1949 2101 1998 cohortatio

343 2025 429 2066 est.
504 2016 782 2067 Catasceua
797 2028 963 2068 autem
983 2028 1030 2068 et
1050 2037 1296 2070 anasceua
1315 2021 1366 2070 in
1387 2024 1462 2072 his
1483 2025 1643 2086 rebus,
1668 2043 1795 2090 quae
1814 2029 2100 2079 verisimiles

289 2116 319 2162 3
342 2112 443 2143 non
462 2104 589 2156 sunt,
611 2098 698 2146 sed
715 2113 804 2160 pro
821 2097 945 2147 veris
963 2109 1322 2163 proponuntur,
1342 2103 1635 2167 plerumque
1653 2116 1916 2157 versantur.
1972 2111 2100 2157 Ana-

342 2191 520 2225 sceuae
545 2177 702 2241 prima
727 2179 904 2229 divisio
930 2190 1003 2230 est
1037 2180 1393 2233 inconveniens
1429 2194 1477 2234 et
1510 2188 1844 2239 mendacium.
1918 2192 2100 2240 Incon-

340 2258 581 2309 venientis
599 2261 789 2324 species
807 2272 934 2323 sunt,
949 2265 1086 2326 quod
1102 2264 1421 2314 inhonestum
1440 2276 1512 2316 est
1528 2277 1576 2317 et
1593 2272 1729 2332 quod
1745 2270 1932 2322 inutile.
1970 2275 2097 2323 Item
2124 2295 2171 2335 25

340 2340 659 2392 inhonestum
694 2354 926 2394 tractatur
955 2355 1039 2395 aut
1064 2346 1116 2394 in
1149 2347 1293 2397 dictis
1323 2358 1407 2398 aut
1442 2349 1492 2398 in
1526 2351 1680 2400 factis.
1757 2354 1816 2401 In
1850 2353 2008 2414 dictis,
2044 2365 2099 2405 ut

340 2424 378 2471 si
405 2424 489 2487 qui
515 2425 750 2475 indecora
775 2437 823 2477 et
848 2445 950 2476 non
976 2430 1328 2492 respondentia
1364 2432 1642 2482 auctoritati
1669 2434 1850 2485 dixisse
1875 2437 2067 2486 dicatur
2085 2457 2098 2499 3

337 2505 471 2552 velut
507 2505 544 2553 si
576 2506 728 2570 aliqui
762 2507 966 2557 infamet
1000 2510 1246 2559 Catonem
1279 2509 1417 2558 illum
1453 2512 1763 2573 Censorium,
1789 2513 2095 2565 iuventutem

282 2597 315 2644 4
337 2585 474 2634 illum
500 2589 564 2636 ad
590 2588 862 2652 nequitiam
893 2599 941 2638 et
960 2590 1199 2639 luxuriam
1221 2593 1546 2642 cohortatum.
1623 2596 1683 2642 In
1704 2595 1854 2655 factis,
1878 2606 1931 2645 ut
1952 2597 1990 2645 si
2011 2598 2096 2661 qui

393 2732 418 2757 2
447 2731 523 2769 pro
545 2719 879 2759 consuitudinem
902 2721 948 2758 K
1097 2737 1120 2769 4
1151 2722 1349 2774 captione
1369 2723 1415 2761 K
1541 2724 1658 2763 nullo
1680 2727 1858 2776 probato
1881 2726 1931 2765 C1
2069 2731 2095 2767 8

336 2779 458 2824 parat
479 2773 525 2811 K
689 2787 716 2824 9
744 2775 859 2814 crian
878 2775 1027 2815 BCK:
1058 2777 1282 2816 criminum
1312 2777 1349 2814 T
1485 2792 1534 2818 10
1563 2793 1843 2830 agamemnon
1873 2782 1911 2819 T
2045 2796 2090 2822 11

336 2829 658 2879 obsequendum
674 2829 721 2867 K
829 2831 945 2869 crian
964 2832 1058 2884 (ter)
1072 2831 1183 2872 codd.
1252 2848 1254 2850 ·
1328 2844 1377 2881 13
1397 2836 1610 2874 sententia
1624 2847 1665 2884 p.
1679 2835 1740 2876 B:
1773 2849 1812 2885 p.
1829 2838 2042 2877 sententia
2063 2838 2101 2876 T

340 2895 387 2932 15
418 2883 856 2935 confirmatiopposite
885 2885 922 2923 T
922 2885 937 2910 1
1141 2899 1190 2937 19
1219 2892 1291 2926 aut
1311 2887 1440 2926 fuisse
1462 2902 1544 2930 om.
1567 2888 1664 2928 KCl
1830 2891 1943 2930 inter
1962 2898 2027 2931 est
2049 2893 2096 2931 K

336 2951 385 2976 21
418 2939 581 2978 incerta
602 2938 662 2978 rei
684 2952 788 2990 quos
809 2940 989 2990 quadarn
1003 2941 1050 2979 K
1140 2941 1333 2981 liberatio
1352 2943 1394 2981 A
1402 2956 1480 2983 rev.
1564 2945 1802 2995 quoartatio
1824 2947 1935 2998 (co-)
1955 2946 2100 2986 BC1T

336 3006 389 3031 22
419 3007 460 3044 q.
482 2994 643 3033 similes
660 2994 706 3032 K
847 3007 899 3044 23
929 2996 1066 3035 versis
1080 2995 1127 3034 K
1233 3002 1449 3047 ponuntur
1463 2997 1551 3037 ΒΚ
1656 3013 1707 3049 24
1738 3000 2092 3041 inconvenientes

336 3061 399 3098 sp.
433 3047 530 3087 ClT
703 3063 752 3100 27
795 3051 1052 3090 auctoritate
1081 3049 1160 3090 BC
1321 3054 1374 3090 28
1405 3053 1606 3093 infament
1647 3053 1685 3092 T
1834 3055 2015 3096 iuvetem
2060 3057 2098 3095 T

337 3115 392 3154 29
419 3103 532 3142 illam
550 3103 628 3143 BC
789 3111 1024 3145 courtatum
1044 3106 1092 3144 K
1107 3121 1116 3146 ε
1146 3111 1379 3145 coartatum
1395 3107 1483 3146 BT
