2176 3424
427 131 1059 181 ETYMOLOGIARVM
1103 133 1233 179 LIB.
1274 134 1442 180 XVII.
1482 131 1546 179 vii

114 261 327 320 maturis,
356 277 622 309 commune
647 260 837 309 dicitur.
912 263 987 309 Ex
1018 260 1093 310 his
1123 263 1187 310 ad
1221 278 1364 311 usum
1391 262 1518 311 vitae
1549 263 1760 326 primum
1787 274 1861 313 est

114 341 412 405 Hispanum,
440 343 714 391 secundum
739 342 905 402 viride,
934 342 1131 391 tertium
1166 360 1446 392 commune.
1518 347 1737 393 Amurca
1761 345 1857 394 olei
1883 350 1958 408 69

114 442 222 488 pars
247 441 434 488 aquosa
457 425 521 473 ab
547 426 845 488 emergendo
864 423 1010 483 dicta,
1032 423 1083 473 id
1109 433 1194 484 est,
1218 427 1354 487 quod
1372 426 1435 474 ab
1456 427 1567 476 oleo
1593 443 1645 476 se
1670 438 1855 491 mergat

114 516 161 555 et
187 508 293 554 faex
319 507 379 554 sit
403 505 524 556 eius.
597 506 743 555 Hanc
770 506 945 555 Graeci
970 508 1180 573 ἀμόργην
1203 516 1382 556 vocant
1407 524 1466 556 ex
1491 508 1666 557 Latina
1690 511 1856 573 lingua

68 604 88 642 5
113 589 359 637 trahentes
383 588 695 636 vocabulum.
746 588 950 637 Gummi
976 591 1221 638 Graecum
1248 606 1431 638 nornen
1456 599 1530 639 est
1551 609 1564 652 3
1601 592 1696 640 hoc
1720 591 1851 640 enirn
1879 609 1946 657 70

112 670 180 718 illi
206 671 348 733 κόμμι
384 669 568 719 dicunt.
644 669 879 719 Resinam
917 671 1094 720 Graeci
1129 672 1318 735 ῥητίνην
1349 681 1559 734 vocant3
1594 675 1688 736 ῥεῖν
1720 673 1853 723 enirn
1878 684 1930 733 71

113 754 301 802 Graece
326 752 502 801 dicitur
527 751 772 815 quidquid
809 762 989 801 manat.
1059 755 1147 802 Est
1173 755 1304 802 enim
1341 754 1542 803 lacrima
1575 758 1754 805 sudore
1781 774 1856 805 ex-

111 836 274 882 halata
315 834 575 897 lignorum,
616 843 669 882 ut
711 834 877 895 cerasi,
921 837 1127 896 lentisci,
1171 836 1392 896 balsami,
1437 839 1514 886 vel
1556 837 1853 901 reliquarum

110 917 340 965 arborum
382 916 482 964 sive
524 915 840 978 virgultarum
883 934 1010 980 quae
1053 920 1230 967 sudare
1271 920 1578 982 produntur3
1633 920 1757 969 sicut
1806 930 1854 970 et

39 1024 86 1053 10
111 1000 315 1047 odorata
351 997 550 1046 orientis
594 997 737 1060 ligna,
783 998 908 1047 sicut
947 1009 1083 1062 gutta
1126 1000 1333 1049 balsami
1375 1018 1433 1049 ac
1470 1003 1731 1051 ferularum
1777 1005 1853 1052 vel

110 1079 406 1139 sucinorum,
430 1079 568 1128 cuius
583 1080 785 1128 lacrima
804 1081 1019 1130 durescit
1035 1081 1085 1129 in
1104 1099 1366 1145 gemmam.
1419 1083 1583 1132 Prima
1602 1094 1675 1134 est
1695 1084 1855 1133 resina

109 1161 452 1221 terebinthina,
485 1161 707 1210 omnium
738 1162 1090 1225 praestantior:
1129 1165 1345 1213 adfertur
1377 1174 1542 1214 autem
1578 1183 1636 1215 ex
1673 1169 1856 1217 Arabia

110 1247 311 1292 Petraea
334 1253 483 1306 atque
516 1245 702 1293 Iudaea
727 1254 774 1293 et
799 1246 950 1307 Syria,
978 1247 1142 1308 Cypro
1169 1256 1216 1295 et
1248 1247 1426 1308 Africa,
1457 1265 1515 1297 ex
1541 1248 1712 1298 insulis
1738 1267 1855 1313 quo-

108 1342 205 1388 que
229 1325 544 1388 Cycladibus
618 1328 848 1375 Secunda
873 1336 946 1376 est
971 1327 1243 1388 lentiscina,
1273 1346 1401 1392 quae
1426 1330 1602 1378 mastix
1622 1340 1825 1380 vocatur
1842 1351 1855 1393 3

36 1431 80 1470 15
107 1408 229 1457 haec
265 1424 324 1456 ex
362 1406 489 1457 Chio
526 1407 684 1456 insula
720 1410 1017 1472 deportatur.
1092 1412 1259 1458 Tertia
1295 1411 1485 1474 pinalis,
1514 1430 1722 1475 quarum
1759 1414 1853 1463 alia

106 1490 299 1552 πιτυΐνη,
334 1488 429 1537 alia
463 1490 665 1552 πευκίνη,
694 1489 789 1537 alia
824 1490 1026 1553 liquida,
1061 1493 1155 1540 alia
1190 1491 1347 1541 arida:
1386 1502 1434 1541 et
1470 1495 1758 1543 adferuntur
1795 1513 1852 1544 ex

106 1573 359 1634 Tyrrhena
383 1572 710 1634 Colophonia.
785 1574 932 1621 Vnde
958 1574 1106 1622 etiam
1140 1590 1325 1623 nomen
1352 1575 1668 1638 Colophonia
1693 1576 1852 1626 resina

107 1652 329 1716 sumpsit.
403 1653 489 1700 Pix
527 1655 772 1703 Graecum
809 1671 993 1703 nomen
1031 1665 1118 1716 est,
1147 1673 1296 1719 quam
1335 1657 1402 1704 illi
1438 1658 1620 1708 πίσσαν
1655 1669 1849 1708 vocant.
1875 1678 1938 1727 72

108 1732 206 1780 Alii
230 1736 401 1782 volunt
434 1751 491 1783 ex
525 1734 643 1798 pino
669 1734 829 1798 picem
867 1736 1043 1784 vocari.
1119 1740 1262 1786 Haec
1287 1755 1315 1786 a
1341 1740 1542 1788 Graecis
1578 1743 1852 1804 appellatur

34 1840 84 1868 20
109 1817 307 1865 κλωνία;
345 1833 435 1864 nos
461 1818 693 1865 ramalem
720 1817 883 1866 dicere
902 1835 1178 1882 possumus.
1230 1819 1384 1870 Cuius
1404 1821 1674 1884 probabilis
1691 1825 1852 1886 splen-

106 1898 250 1957 dens,
281 1898 403 1946 lenis
440 1908 487 1947 et
524 1900 724 1948 munda.
805 1901 1143 1949 Creandarum
1180 1901 1410 1950 arborum
1447 1905 1730 1954 naturaliter
1765 1907 1855 1954 tria
1877 1922 1939 1971 73

105 1988 217 2027 sunt
242 1995 450 2040 genera:
483 1989 566 2028 aut
591 1979 724 2028 enim
751 1996 838 2029 sua
863 1990 1040 2043 sponte
1066 1991 1335 2031 nascuntur
1355 2002 1367 2044 3
1391 1994 1476 2032 aut
1500 2002 1559 2033 ex
1579 1985 1851 2036 seminibus

102 2059 303 2109 fortuitu
328 2060 602 2110 iacentibus
632 2071 837 2125 surgunt
855 2081 867 2123 3
901 2072 986 2111 aut
1011 2079 1071 2112 ex
1103 2063 1349 2113 radicibus
1386 2067 1642 2128 pullulant.
1719 2069 1850 2117 Nam

101 2151 263 2192 cetera
287 2159 403 2191 usus
428 2142 614 2192 invenit
637 2144 832 2192 favente
865 2154 1049 2193 natura.
1124 2145 1307 2195 Omnia
1340 2164 1490 2210 poma
1516 2147 1690 2198 Latine
1715 2150 1850 2199 femi·
1873 2167 1936 2216 74

29 2250 76 2290 25
101 2224 205 2272 nini
230 2226 330 2273 fere
353 2233 468 2273 sunt
492 2224 696 2287 generis,
719 2226 934 2290 exceptis
960 2227 1144 2290 paucis,
1169 2236 1222 2277 ut
1247 2227 1327 2277 hic
1353 2231 1576 2291 oleaster,
1599 2232 1695 2280 hoc
1721 2231 1844 2291 siler,

101 2315 154 2354 ut
177 2305 419 2369 Vergilius
445 2306 644 2370 (Georg.
666 2324 706 2367 2,
732 2307 811 2371 12)
834 2326 843 2355 :

157 2450 180 2474 2
211 2449 308 2486 pars
330 2435 410 2474 olei
433 2449 530 2486 pars
551 2435 594 2473 D
764 2449 788 2484 3
818 2451 887 2487 qu.
913 2437 966 2476 ol.
990 2439 1035 2477 K
1145 2453 1190 2478 se
1212 2448 1403 2490 emergat
1422 2441 1514 2480 dett.
1698 2457 1722 2492 4
1752 2445 1846 2495 ἀμ.]

101 2504 295 2531 amorcen
326 2491 386 2528 T:
416 2492 630 2530 amurcian
652 2490 722 2530 K:
753 2505 954 2531 amurcen
974 2494 1018 2530 D
1145 2506 1168 2543 5
1200 2495 1422 2535 Gummem
1443 2495 1513 2536 K:
1545 2498 1757 2536 Gummen
1787 2498 1846 2536 T:

103 2547 268 2586 Gumen
291 2546 334 2583 D
561 2548 587 2583 6
614 2546 697 2597 κα]
718 2548 875 2596 gummi
896 2546 962 2586 K:
993 2548 1106 2597 gomi
1127 2548 1216 2587 DT
1399 2552 1508 2603 ῥητ.]
1530 2553 1708 2591 retinam
1731 2553 1841 2592 codd.

102 2601 209 2652 ῥεῖν]
230 2601 292 2639 rei
314 2598 423 2638 DT:
454 2613 522 2639 res
542 2599 588 2638 K
742 2615 762 2650 7
795 2603 1022 2651 quodquod
1042 2601 1088 2640 K
1206 2618 1277 2644 ex.
1298 2619 1321 2644 a
1342 2606 1412 2655 lig.
1445 2605 1483 2643 T
1629 2610 1655 2646 8
1685 2607 1845 2646 cerasis

103 2655 215 2695 codd.
358 2655 615 2704 reliquorum
642 2655 679 2693 T
840 2670 867 2706 9
895 2657 1173 2707 virgultorum
1194 2658 1240 2696 K
1413 2674 1461 2699 12
1492 2662 1760 2701 terebentina
1778 2661 1844 2700 K:

103 2709 296 2750 terebina
324 2709 360 2747 T
463 2710 606 2748 arabie
628 2709 755 2762 (dae)
776 2711 912 2760 patria
932 2712 1043 2751 codd.
1161 2726 1206 2764 15
1239 2714 1367 2766 Chio]
1389 2716 1493 2754 cisio
1513 2716 1557 2754 D
1661 2717 1710 2754 16
1739 2715 1845 2766 πιπ]

105 2765 260 2816 pitines
287 2762 345 2802 T:
373 2762 530 2802 abitina
551 2762 619 2802 K:
650 2764 793 2814 pitinis
813 2765 857 2803 D
1162 2768 1270 2820 πευ.]
1291 2770 1468 2819 peucine
1495 2770 1556 2810 T:
1587 2771 1753 2821 piccina
1774 2769 1846 2810 K:

103 2819 296 2869 piucinae
317 2818 361 2857 D
467 2818 698 2857 afferentur
717 2818 764 2856 K
939 2833 986 2871 17
1016 2827 1164 2860 terena
1185 2822 1229 2861 D
1391 2826 1439 2863 18
1468 2826 1616 2865 rumsit
1637 2830 1684 2864 ut
1703 2825 1782 2864 vid.
1803 2825 1848 2864 D

103 2873 174 2913 illa
192 2872 237 2912 D
418 2884 466 2924 19
495 2873 607 2911 aliud
624 2886 691 2912 vo.
719 2873 756 2911 T
885 2876 1154 2926 appellantur
1181 2876 1219 2915 T
1388 2893 1443 2919 20
1472 2879 1610 2919 clonia
1630 2879 1846 2931 DK(cum

108 2927 238 2968 Gloss.
263 2939 301 2977 5,
319 2929 407 2977 180,
429 2926 495 2978 11)
515 2942 522 2965 :
543 2927 710 2967 colonia
730 2927 768 2966 T
943 2930 992 2971 cl.
1012 2944 1052 2972 n.
1070 2931 1225 2971 ramale
1239 2931 1303 2973 K:
1324 2934 1547 2973 clonianus
1565 2934 1787 2974 Ramalem
1802 2933 1847 2973 D

107 2994 159 3020 22
187 2995 263 3022 sua
282 2995 364 3022 om.
389 2981 436 3019 K
608 2995 661 3034 24
690 2982 812 3034 usus]
831 2984 953 3025 huius
971 2985 1015 3024 D
1152 2987 1297 3039 poma]
1318 2989 1515 3028 arborum
1536 2989 1708 3028 nomina
1727 2988 1845 3028 Serv.

105 3036 164 3076 ad
177 3035 284 3077 Aen.
312 3048 372 3086 12,
392 3037 471 3085 766
713 3037 857 3076 femini
878 3039 932 3079 fe.
956 3053 990 3081 s.
1013 3040 1083 3079 D:
1112 3041 1318 3082 feminine
1338 3049 1435 3083 sunt
1462 3043 1498 3082 T
1515 3044 1618 3095 (non
1643 3043 1725 3094 U):
1755 3043 1844 3083 sere

105 3097 205 3130 sunt
225 3089 270 3127 K
377 3093 429 3129 26
456 3090 583 3140 Verg.
604 3097 649 3131 ut
671 3092 782 3131 codd.

164 3146 266 3185 1182
287 3157 319 3183 ιι
988 3164 1021 3197 R
