2176 3424
1055 95 1328 144 ISIDORI

251 222 286 268 6
314 221 574 284 subcingit.
662 220 834 270 Fascia
870 230 943 269 est
979 238 1078 284 qua
1113 221 1289 285 tegitur
1326 230 1497 284 pectus
1541 231 1588 270 et
1626 222 1836 286 papillae
1872 227 2064 286 ,conpri-

315 312 527 362 muntur,
571 311 719 365 atque
753 302 984 365 crispanti
1022 302 1220 366 cingulo
1255 302 1509 366 angustius
1546 313 1717 366 pectus
1754 314 1967 353 artatur:
2016 314 2064 353 et

313 383 446 433 dicta
470 384 620 433 fascia
644 386 780 448 quod
811 384 861 432 in
891 386 1096 433 modum
1129 386 1346 434 fasciculi
1383 402 1559 449 corpus
1592 386 1769 449 alligat.
1845 386 1980 437 Hinc
2018 395 2066 435 et

260 479 288 527 7
313 465 561 536 fasciolae,
609 467 789 529 quibus
838 467 1041 514 vulnera
1089 466 1411 530 conligantur.
1485 467 1620 516 Vitta
1659 467 1792 516 dicta
1830 470 1966 531 quod
2009 485 2067 516 ea

314 557 487 610 pectus
526 546 735 596 vincitur
774 547 925 595 instar
965 547 1075 596 vitis
1114 547 1322 611 ligantis.
1414 548 1621 598 Limbus
1670 559 1743 598 est
1786 567 1935 612 quam
1975 566 2065 599 nos
2093 566 2114 606 5

259 630 288 676 8
313 638 595 677 ornaturam
644 628 869 678 dicimus.
962 629 1187 678 Fasciola
1225 640 1297 680 est
1346 647 1473 693 quae
1511 630 1667 679 ambit
1710 631 2065 680 extremitatem

313 710 536 770 vestium,
563 719 647 759 aut
674 728 732 759 ex
753 710 858 770 filis,
887 720 971 758 aut
992 727 1049 759 ex
1068 728 1187 759 auro
1213 721 1443 761 contexta
1467 714 1741 775 adsutaque
1767 712 2066 761 extrinsecus

313 792 360 840 in
397 803 612 841 extrema
641 802 778 856 parte
807 792 1087 841 vestimenti
1116 795 1192 842 vel
1225 793 1510 857 chlamydis.
1588 797 1665 843 De
1694 811 1791 857 qua
1823 794 2065 858 Vergilius

313 874 432 923 dicit
460 875 605 938 (Aen.
627 891 670 934 4,
697 873 810 940 137)
835 895 842 923 :

517 955 774 1005 Sidoniam
812 956 945 1018 picto
983 958 1298 1019 chlamydem
1335 957 1638 1007 circumdata
1674 957 1845 1007 limbo.
2106 973 2153 1000 10

97 1044 291 1083 XXXIV
455 1040 536 1085 DE
562 1052 965 1086 CALCIAMENTIS.
1039 1041 1238 1087 Sutores
1264 1049 1576 1102 nuncupatos
1603 1042 1739 1102 quod
1765 1039 1956 1088 insertis
1983 1041 2066 1089 filo

260 1136 291 1170 2
314 1136 575 1183 porcorum
602 1119 718 1168 setis
745 1129 902 1179 suant,
923 1121 973 1168 id
993 1130 1066 1169 est
1087 1131 1343 1181 consuant,
1365 1122 1504 1184 quasi
1521 1132 1721 1169 setores
1797 1120 2065 1183 Caligarios

313 1219 428 1250 vero
458 1218 559 1249 non
590 1218 617 1249 a
650 1203 777 1249 callo
810 1203 1010 1263 pedum,
1041 1204 1128 1250 sed
1158 1219 1186 1250 a
1215 1204 1341 1262 calo,
1366 1202 1417 1251 id
1443 1212 1515 1251 est
1541 1202 1687 1265 ligno,
1716 1211 1933 1262 vocatos,
1960 1201 2065 1250 sine

314 1300 412 1346 quo
452 1283 624 1332 consui
667 1282 989 1332 calciamenta
1032 1301 1135 1331 non
1173 1294 1398 1346 possunt,
1437 1301 1557 1347 quas
1591 1283 1768 1333 Graeci
1802 1285 2065 1335 καλόποδας

313 1364 486 1413 dicunt
510 1385 517 1413 :
558 1366 742 1413 fiebant
768 1374 934 1414 autem
959 1364 1091 1429 prius
1118 1382 1176 1413 ex
1202 1365 1349 1414 salice
1375 1374 1582 1414 tantum.
1658 1365 1795 1414 Hinc
1821 1375 1868 1415 et
1894 1366 2064 1415 calcia-
2090 1380 2136 1419 15

315 1456 482 1495 menta
507 1446 639 1495 dicta
659 1448 795 1509 quod
817 1446 868 1494 in
885 1449 1006 1506 calo,
1026 1446 1077 1495 id
1097 1455 1170 1496 est
1189 1446 1336 1510 ligno,
1361 1449 1480 1495 fiant
1501 1466 1514 1508 3
1551 1450 1626 1496 vel
1643 1449 1779 1510 quod
1799 1449 2064 1496 calcentur.

260 1540 289 1585 3
315 1528 553 1591 Crepidas
603 1528 779 1577 Graeci
827 1537 941 1576 ante
990 1538 1203 1591 repertas
1252 1530 1326 1577 usi
1376 1539 1502 1577 sunt.
1579 1532 1667 1577 Est
1708 1538 1874 1585 autem
1909 1547 2064 1593 genus

315 1609 543 1673 singulari
575 1611 744 1670 forma,
786 1620 834 1659 et
870 1610 1003 1659 idem
1042 1610 1235 1673 utrique
1271 1620 1442 1674 aptum
1483 1611 1612 1673 pedi,
1658 1613 1734 1660 vel
1776 1613 1947 1661 dextro
1989 1615 2065 1661 vel

316 1691 525 1740 sinistro.
600 1691 840 1754 Crepidas
877 1702 1042 1740 autem
1076 1692 1231 1741 dictas
1269 1694 1405 1755 quod
1441 1709 1554 1740 cum
1593 1710 1716 1742 sono
1754 1695 2062 1757 stringantur,

259 1797 291 1842 4
318 1773 418 1823 sive
445 1790 472 1822 a
498 1775 683 1836 pedum
711 1775 899 1837 crepitu
926 1774 974 1821 in
1012 1775 1331 1824 ambulandO.
1406 1775 1615 1826 Calceos
1640 1792 1776 1838 reges
1802 1777 2066 1825 utebantur
2093 1797 2142 1825 20

315 1866 363 1905 et
397 1857 648 1906 Caesares.
725 1857 905 1903 Forma
941 1872 1112 1904 eorum
1134 1856 1252 1905 ***.
1326 1857 1562 1905 Patricios
1593 1859 1784 1906 calceos
1819 1860 2065 1906 Romulus

313 1937 526 2001 repperit
551 1946 783 2000 quattuor
809 1937 1432 2002 corrigiarum,adsutaque
1457 1940 1574 1986 luna
1598 1958 1606 1987 ;
1643 1941 1734 1988 hos
1761 1940 1851 1988 soli
1875 1939 2065 2003 patricii

313 2020 593 2067 utebantur.
668 2021 811 2067 Luna
835 2028 1001 2067 autem
1027 2019 1078 2067 in
1104 2019 1172 2068 eis
1198 2037 1300 2068 non
1331 2019 1502 2069 sideris
1529 2022 1755 2081 formam,
1781 2022 1868 2069 sed
1895 2031 2063 2070 notam

314 2100 583 2150 centenarii
625 2100 816 2149 numeri
855 2100 1176 2163 significabat,
1220 2103 1356 2165 quod
1403 2101 1543 2150 initio
1582 2101 1769 2165 patricii
1813 2113 2063 2151 senatores

261 2194 291 2242 5
315 2192 514 2231 centum
553 2182 743 2230 fuerint.
820 2183 1010 2231 Ocreae
1043 2182 1229 2232 tibialia
1254 2184 1576 2232 calciamenta
1606 2193 1736 2244 sunt,
1763 2183 1895 2233 dicta
1927 2186 2064 2247 quod
2090 2202 2138 2243 25

314 2282 452 2312 crura
486 2274 666 2327 tegant.
741 2263 950 2314 Coturni
988 2273 1101 2312 sunt
1137 2264 1317 2327 quibus
1348 2264 1684 2313 calciabantur
1713 2265 1946 2329 tragoedi,
1979 2265 2063 2328 qui

314 2347 362 2394 in
407 2349 598 2395 theatro
647 2345 824 2394 dicturi
873 2356 1011 2395 erant
1059 2355 1107 2395 et
1154 2349 1251 2395 alta
1300 2346 1646 2410 intonantique
1684 2364 1807 2396 voce
1847 2349 2063 2396 carmina

314 2428 568 2477 cantaturi.
661 2429 749 2476 Est
787 2428 920 2477 enim
959 2428 1339 2478 calciamentum
1379 2428 1430 2476 in
1479 2430 1687 2477 modum
1734 2428 2059 2492 crepidarum,

369 2572 394 2607 3
424 2558 596 2598 fasciola
634 2572 704 2609 qu.
746 2557 787 2596 Β
926 2572 951 2608 4
981 2560 1156 2597 vulnere
1199 2558 1238 2597 T
1368 2570 1392 2607 5
1421 2564 1568 2609 pectus
1607 2571 1691 2598 om.
1731 2557 1820 2597 KN
1855 2560 1957 2610 (non
2002 2559 2059 2609 U)

318 2627 338 2662 7
370 2619 442 2652 aut
477 2614 517 2661 fi.
557 2612 605 2651 C²
743 2613 1050 2663 adsumptaque
1084 2612 1218 2652 BKN
1376 2614 1401 2651 8
1432 2614 1474 2651 in
1512 2627 1594 2653 om.
1635 2614 1677 2651 Β
1826 2619 2058 2653 extremam

317 2674 480 2718 partem
501 2667 547 2706 K
785 2680 834 2706 10
863 2668 1027 2708 sidonia
1047 2668 1094 2707 K
1261 2668 1405 2718 pineto
1433 2667 1471 2706 T
1628 2667 1807 2707 clamide
1832 2669 1898 2721 <ex
1914 2669 1994 2719 ,-te)
2015 2668 2062 2706 K
2123 2691 2126 2694 ι

317 2724 456 2762 nimbo
495 2721 583 2761 ΒΚ
788 2735 834 2761 11
867 2723 950 2762 filis
989 2723 1035 2761 K
1241 2735 1289 2760 12
1319 2728 1509 2761 sertores
1555 2722 1593 2760 T
1744 2722 1979 2773 caligarius
2017 2723 2058 2761 Β

317 2791 366 2827 13
398 2777 504 2818 collo
521 2777 678 2829 pellum
701 2776 738 2815 T
870 2777 1098 2817 vocatusB
1239 2789 1286 2826 15
1317 2778 1414 2816 hinc
1435 2776 1777 2817 calceamentaK
1914 2779 1962 2816 16
1991 2779 2059 2816 vel

312 2833 387 2871 cal.
407 2832 448 2870 Β
589 2845 637 2882 17
670 2831 924 2881 CrepitasK
1061 2832 1110 2869 18
1139 2837 1317 2881 utroque
1333 2831 1380 2870 K
1519 2845 1568 2882 19
1598 2832 1791 2881 Crepitas
1811 2831 1859 2869 K
1965 2845 2058 2871 cum

311 2901 393 2927 om.
419 2888 454 2927 C
589 2887 851 2935 stringantur
870 2887 1155 2936 ex'stringitur
1181 2886 1218 2925 T
1235 2924 1238 2925 γ
1350 2900 1403 2925 20
1433 2886 1694 2936 crepitudine
1714 2885 1761 2923 K
1904 2899 1954 2924 22
1984 2888 2057 2926 ad-

310 2948 447 2981 sutum
470 2955 579 2991 quae
601 2941 642 2979 Β
655 2956 663 2980 :
693 2943 843 2980 adsuta
862 2943 982 2991 quasi
1002 2941 1049 2979 K
1201 2954 1252 2991 23
1282 2942 1406 2980 lunae
1427 2955 1493 2990 au.
1515 2941 1562 2979 K
1722 2953 1774 2989 24
1803 2941 1979 2980 centerii
1999 2941 2057 2980 51

308 3009 377 3044 qu.
415 2998 455 3034 in
487 2995 557 3035 ini.
594 2996 640 3034 K
793 3009 844 3046 25
875 2996 1045 3035 fuerunt
1074 2995 1111 3033 T
1246 2996 1355 3038 dicta
1379 3025 1387 3034 .
1413 3024 1422 3034 .
1448 3025 1458 3034 .
1481 3001 1580 3034 sunt
1613 3008 1694 3034 om.
1728 2993 1780 3033 Cl
1930 3009 1981 3045 27
2013 3001 2056 3035 et

308 3051 391 3088 alta
415 3082 422 3090 .
448 3081 457 3091 .
482 3080 489 3090 .
513 3051 779 3101 crepidarum
799 3063 881 3090 om.
905 3050 996 3089 KN
1101 3051 1152 3088 28
1181 3050 1462 3101 crepidiarum
1483 3049 1524 3087 Β
1533 3049 1570 3089 Τ
1571 3048 1614 3088 U
