2176 3424
529 28 641 39 ἉΫ
650 27 693 37 l-

426 112 1055 160 ETYMOLOGIARVM
1097 112 1226 159 LIB.
1265 113 1374 158 XX.
1414 109 1576 158 xi-xiii

127 249 356 304 quattuor
392 248 620 289 rotarum.
696 242 803 288 Has
840 239 1028 302 antiqui
1061 247 1186 288 retas
1227 240 1475 299 dicebant,
1505 248 1703 303 propter
1738 239 1874 302 quod

127 322 365 372 haberent
390 331 535 371 rotaS.
608 321 910 385 Carpentum
944 321 1282 384 pompaticum
1321 321 1530 370 vehiculi
1555 338 1710 385 genus
1739 318 1871 387 [est],
1898 340 1928 386 3

126 406 265 467 quasi
292 420 480 452 carrum
512 404 862 467 pompaticum.
942 404 1218 451 Plaustrum
1253 402 1535 451 vehiculum
1569 404 1777 452 duarum
1805 418 1875 450 ro-
1919 398 1922 401 ’

126 495 283 534 tarum
301 501 400 548 quo
421 501 569 534 onera
586 485 893 533 deferuntur:
933 493 979 532 et
996 485 1184 532 dictum
1207 486 1495 547 plaustrum,
1517 483 1633 547 quia
1650 483 1873 542 volvitur,

80 590 100 628 5
125 566 265 629 quasi
294 567 480 615 diceret
510 567 778 629 pilastrum.
853 564 1169 615 Caracutium
1205 566 1486 613 vehiculum
1525 564 1873 614 altissimarum

123 656 353 707 rotarum,
383 646 522 711 quasi
548 664 735 695 carrum
771 655 986 695 acutum.
1062 648 1254 709 Capsus
1281 663 1480 695 carruca
1514 648 1736 710 undique
1762 663 1875 695 con·

125 739 269 789 tecta,
296 728 435 792 quasi
460 745 622 791 capsa.
698 727 944 777 Pilentum
971 730 1047 776 vel
1074 730 1363 791 petorritum
1389 737 1618 778 contecta
1644 738 1875 793 quattuor
1897 746 1930 792 4

123 819 338 859 rotarum
365 811 601 870 vehicula,
631 808 811 873 quibus
847 818 1100 858 matronae
1126 808 1243 858 olim
1279 810 1557 859 utebantur.
1631 809 1874 873 Vergilius

125 891 273 956 (Aen.
296 895 338 952 8,
362 891 481 955 666)
507 911 514 940 :

52 993 100 1020 10
575 972 777 1022 Pilentis
815 980 994 1022 matres
1034 970 1127 1039 [in]
1170 973 1416 1021 mollibus.

123 1056 361 1104 Horatius
388 1054 506 1118 (Sat.
533 1073 571 1114 1,
592 1058 634 1113 6,
665 1054 781 1116 104)
805 1074 813 1103 :

727 1137 895 1184 Plures
933 1137 1131 1184 calones
1170 1144 1319 1199 atque
1356 1135 1533 1185 caballi

591 1218 843 1282 pascendi,
884 1218 1115 1266 ducenda
1153 1218 1398 1280 petorrita.

118 1301 270 1347 Erant
306 1309 473 1348 autern
506 1309 651 1348 antea
687 1299 874 1362 pilenta
903 1299 1067 1347 veneti
1105 1300 1296 1359 coloris,
1335 1316 1450 1359 non,
1487 1309 1539 1348 ut
1576 1300 1711 1348 nunc
1741 1309 1868 1359 sunt,

48 1398 91 1437 15
116 1379 289 1428 russati
311 1399 324 1441 ,·
360 1379 540 1444 quibus
566 1380 659 1429 nisi
680 1390 844 1429 castae
871 1389 1124 1429 matronae
1145 1380 1214 1428 uti
1240 1397 1342 1430 non
1367 1390 1608 1444 poterant,
1629 1381 1753 1430 sicut
1779 1399 1870 1430 nec

116 1461 261 1511 vittis.
326 1465 562 1511 Basterna
577 1462 859 1511 vehiculum
879 1460 1099 1528 [itineris,
1123 1462 1263 1525 quasi
1286 1462 1390 1511 viae
1410 1472 1616 1523 sternax,
1637 1463 1870 1512 mollibus
1895 1478 1924 1528 5

116 1543 393 1592 stramentis
418 1543 689 1607 conposita,
718 1560 747 1592 a
771 1544 968 1592 duobus
993 1543 1290 1592 animalibus
1317 1542 1616 1611 deportata]

253 1628 335 1673 DE
373 1640 615 1681 RELIQvls
641 1641 779 1682 QVAE
814 1640 869 1673 IN
898 1640 989 1673 vsv
1029 1640 1329 1674 HABENTVR.
1403 1628 1616 1675 Baculus
1650 1644 1678 1675 a
1706 1630 1870 1676 Bacco
1895 1639 2004 1679 XIII

118 1715 363 1770 repertore
396 1707 505 1756 vitis
539 1709 687 1756 fertur
720 1709 962 1767 inventus,
992 1724 1093 1771 quo
1127 1708 1355 1757 homines
1386 1708 1507 1756 moti
1546 1708 1660 1758 vino
1698 1709 1871 1759 innite-

45 1809 95 1837 20
118 1798 296 1838 rentur.
370 1788 504 1837 Sicut
540 1798 705 1837 autem
744 1806 772 1837 a
812 1791 976 1837 Bacco
1006 1789 1226 1850 baculus,
1264 1789 1330 1838 ita
1359 1807 1388 1838 a
1426 1790 1603 1839 baculo
1636 1791 1869 1840 bacillum

119 1887 202 1934 per
227 1870 623 1920 diminutionem.
696 1872 883 1931 Fustes,
913 1872 1050 1934 quod
1076 1870 1275 1933 praefixi
1302 1871 1351 1919 in
1379 1880 1552 1920 terram
1581 1881 1723 1932 stent,
1744 1890 1870 1937 quos
1894 1890 1924 1925 2

116 1954 254 2015 palos
280 1951 445 2000 rustici
484 1961 663 2000 vocant
682 1970 695 2013 3
736 1951 916 2015 quibus
944 1953 1147 2000 iuvenes
1177 1969 1266 2016 pro
1300 1954 1589 2002 criminibus
1617 1954 1869 2004 feriuntur.

116 2037 297 2082 Vectes
347 2033 464 2082 dicti
514 2034 650 2096 quod
700 2033 928 2082 manibus
978 2043 1268 2092 vectentur,.
1298 2036 1432 2084 unde
1479 2035 1605 2084 ostia
1655 2053 1871 2100 saxaque

119 2116 375 2164 velluntur.
444 2117 482 2162 F
485 2116 659 2164 orfices
681 2134 688 2163 :
728 2116 1003 2164 secundum
1022 2114 1385 2178 etymologiam,
1409 2115 1447 2165 si
1473 2133 1501 2164 a
1520 2104 1601 2165 filo
1624 2116 1867 2179 dicuntur,
1895 2137 1925 2184 3

46 2213 95 2253 25
122 2198 160 2244 F
199 2195 409 2259 ponitur,
453 2205 506 2244 ut
546 2183 737 2246 forfices
778 2213 905 2259 quae
945 2205 1057 2245 sunt
1094 2205 1368 2258 sartorum3
1429 2199 1466 2246 si
1504 2215 1543 2250 a,
1569 2198 1682 2261 pilo,
1725 2203 1775 2259 P,
1817 2210 1868 2249 ut

176 2339 191 2363 1
227 2332 339 2365 retas
360 2325 444 2364 BT
462 2331 510 2364 ut
526 2325 628 2365 viat:
661 2327 785 2365 redas
807 2326 884 2364 CK
1117 2339 1140 2364 2
1172 2327 1296 2365 rodas
1317 2327 1362 2365 K
1541 2328 1790 2378 pomaticum
1820 2330 1868 2368 Τι

119 2382 220 2432 (non
246 2381 303 2430 U>
416 2386 481 2419 est
501 2380 593 2419 hab.
622 2380 718 2419 BC:
749 2394 831 2420 om.
856 2379 982 2418 KTU
1121 2394 1144 2430 3
1177 2394 1320 2431 pomp.
1342 2395 1423 2420 om.
1446 2382 1491 2420 K
1638 2398 1661 2432 4
1694 2397 1776 2433 quo
1799 2385 1866 2423 K:

117 2436 266 2485 quibus
287 2434 512 2484 BCTfort.
537 2439 629 2474 recte
733 2434 851 2486 quia]
872 2436 985 2483 quod
1010 2436 1044 2473 C
1166 2446 1190 2484 5
1221 2436 1437 2475 Caratium
1459 2436 1514 2474 Β1
1534 2451 1542 2476 :
1573 2438 1864 2477 Carracutium

114 2490 207 2528 dett.
345 2491 372 2528 6
401 2496 537 2528 actum
567 2490 604 2528 T
710 2490 859 2539 capsis
886 2489 922 2527 T
1056 2502 1078 2538 7
1110 2491 1361 2539 pretoritum
1384 2493 1543 2540 (prae-)
1571 2491 1716 2531 CKT:
1747 2506 1865 2542 prae-

117 2544 269 2583 torium
287 2543 328 2581 Β
450 2549 651 2583 contexta
681 2544 717 2582 T
866 2555 913 2581 10
941 2543 1135 2582 mollibus
1157 2544 1258 2584 CT:
1288 2546 1328 2583 in
1353 2545 1504 2584 ollibus
1525 2545 1593 2585 B:
1624 2547 1664 2584 in
1689 2547 1798 2586 moll.
1824 2549 1868 2586 K

121 2611 167 2636 12
198 2605 240 2636 at
279 2599 368 2638 cab.
409 2599 449 2636 Β
614 2611 662 2648 Ι3
694 2599 884 2637 decunda
926 2598 992 2637 B:
1039 2599 1284 2638 deducenda
1325 2599 1402 2638 CT
1519 2601 1722 2650 pretorita
1763 2601 1864 2641 CK:

117 2653 320 2703 preterita
365 2652 421 2692 T:
470 2653 680 2702 praetoria
716 2653 757 2691 Β
966 2665 1012 2700 14
1041 2658 1180 2691 autem
1220 2653 1290 2691 K:
1339 2654 1451 2692 enim
1497 2654 1535 2692 T
1674 2656 1791 2694 venti
1826 2657 1866 2694 Β

120 2719 167 2756 15
197 2707 327 2746 rosati
349 2707 394 2745 K
516 2719 594 2746 ma.
621 2712 796 2745 utuntur
816 2706 967 2759 (delet.)
989 2707 1048 2744 uti
1070 2707 1114 2745 K
1279 2711 1327 2746 16
1356 2709 1470 2747 vitiis
1498 2709 1536 2748 T
1667 2710 1757 2750 itin.
1781 2740 1790 2749 .
1819 2740 1828 2750 .
1854 2743 1861 2750 .

117 2763 338 2810 deportata
358 2761 450 2800 hab.
480 2760 579 2799 TU:
611 2774 693 2801 om.
715 2760 881 2800 BCKN
1030 2761 1253 2800 viestenax
1281 2761 1318 2800 T
1335 2764 1438 2815 (non
1465 2763 1522 2814 U)
1733 2777 1778 2814 17
1810 2767 1861 2804 ad

115 2816 234 2854 vobis
271 2829 336 2854 an.
383 2815 422 2854 U
591 2816 640 2853 18
669 2815 876 2854 Bacculus
923 2815 959 2854 T
1083 2816 1242 2855 baccho
1284 2817 1319 2855 C
1497 2831 1544 2867 19
1573 2818 1789 2857 inventum
1822 2819 1864 2858 K

117 2870 227 2919 quod
267 2870 339 2909 K:
388 2871 430 2908 in
469 2883 552 2919 quo
598 2869 633 2908 C
823 2882 877 2908 20
906 2870 1036 2908 bacco
1076 2869 1111 2908 C
1245 2871 1440 2911 bacculus
1487 2872 1524 2910 T
1656 2873 1862 2912 bacellum

117 2923 185 2962 K:
214 2923 385 2963 bacillus
413 2924 449 2962 T
633 2936 681 2962 21
714 2937 797 2973 quo
818 2923 865 2962 K
1024 2930 1138 2963 terra
1158 2925 1198 2963 B
1395 2939 1447 2975 23
1477 2933 1596 2966 osten
1618 2926 1684 2965 B:
1713 2940 1796 2966 om.
1821 2927 1867 2966 K

118 2991 169 3026 24
200 2977 438 3017 evelluntur
457 2978 604 3018 BCK:
634 2979 863 3017 volvuntur
891 2978 1009 3029 T(cf.
1032 2979 1082 3019 V.
1106 2992 1240 3018 xxvn.
1270 2981 1337 3030 16)
1585 2981 1620 3020 si
1642 2995 1665 3019 a
1688 2981 1754 3020 filo
1776 2995 1861 3022 om.

119 3031 207 3069 KN
224 3032 325 3082 (non
352 3033 409 3083 U)
521 3045 572 3081 25
601 3039 807 3071 sactorum
828 3031 879 3070 13¹

914 3114 1050 3146 Aa2
