2228 3444
1058 132 1333 182 ISIDORI

221 273 286 320 28
312 267 570 318 Paroemia
594 276 667 317 est
694 265 840 315 rebus
867 274 915 314 et
941 264 1247 328 temporibus
1272 266 1715 315 adcommodatum
1741 265 2068 329 proverbium,

311 351 499 410 Rebus,
522 359 604 399 ut:
646 354 657 376 ‘
675 349 863 400 Contra
889 346 1144 397 stimulum
1170 348 1361 407 calces‚’
1387 348 1507 396 dum
1534 347 1833 411 significatur
1856 347 2072 397 adversis

309 433 654 483 resistendum.
729 429 1076 494 Temporibus,
1100 439 1181 479 ut:
1223 432 1422 494 ‘Lupus
1447 429 1497 478 in
1514 430 1711 480 fabula.'
1769 430 1925 479 Aiunt
1941 429 2072 479 enim

311 515 478 565 rustici
518 531 692 564 vocem
732 514 988 563 hominem
1031 513 1251 575 perdere,
1281 512 1320 560 si
1363 529 1477 562 eum
1520 514 1665 576 lupus
1714 512 1844 577 prior
1882 511 2070 562 viderit.

310 599 459 647 Vnde
502 607 551 646 et
583 595 749 646 subito
788 593 971 644 tacenti
1005 592 1183 643 dicitur
1221 593 1353 644 istud
1387 594 1734 658 proverbium:
1799 598 2000 660 ‘Lupus
2026 595 2076 644 in
2099 609 2121 649 5

215 689 286 736 29
309 681 508 730 fabula.⁷
563 681 845 728 Sarcasmos
865 686 938 727 est
958 674 1148 726 hostilis
1167 675 1335 726 inrisio
1355 694 1467 725 cum
1488 676 1829 737 amaritudine,
1850 686 1902 726 ut
1922 676 2075 743 (Virg.

311 767 436 814 Aen.
461 781 502 823 2,
526 762 644 826 547)
665 781 673 810 ι

516 845 720 893 Referes
758 859 873 906 ergo
910 843 1047 902 haec,
1087 851 1135 890 et
1171 841 1374 890 nuntius
1412 841 1505 891 ibis

519 925 721 975 Pelidae
756 923 1026 988 genitoris,
1075 922 1144 971 illi
1180 940 1291 972 mea
1327 922 1481 972 tristia
1516 926 1643 973 facta

518 1010 916 1073 degeneremque
953 1007 1343 1070 Neoptolemum
1379 1022 1571 1055 narrare
1608 1014 1874 1055 memento.
2106 1018 2154 1045 10

221 1108 290 1156 30
317 1091 454 1141 Huic
479 1090 750 1141 contrarius
777 1098 851 1139 est
870 1091 1145 1153 AstysmOS,
1173 1087 1426 1137 urbanitas
1453 1088 1558 1137 sine
1584 1087 1852 1148 iracundia,
1879 1097 1932 1136 ut
1957 1087 2079 1136 illud

317 1174 470 1238 (Virg.
493 1175 597 1222 Ecl.
619 1191 663 1237 3,
685 1171 769 1237 90)
790 1192 798 1221 :

521 1255 623 1318 Qui
659 1253 868 1303 Bavium
906 1270 1008 1302 non
1047 1252 1169 1312 odit,
1208 1261 1342 1301 amet
1379 1262 1463 1301 tua
1500 1251 1731 1311 carmina,
1761 1252 1941 1310 Maevi,

520 1347 670 1401 atque
707 1336 841 1386 idem
878 1337 1047 1399 iungat
1083 1337 1254 1399 vulpes
1292 1343 1340 1383 et
1378 1335 1593 1398 mulgeat
1629 1333 1805 1382 hircos

319 1423 380 1471 Id
397 1429 492 1471 est:
520 1422 606 1485 qui
625 1418 833 1468 Bavium
845 1435 946 1468 non
964 1419 1084 1477 odit,
1098 1434 1186 1481 pro
1197 1433 1360 1480 poena
1370 1416 1677 1479 eicontingat
1694 1426 1748 1464 ut
1764 1414 1933 1478 diligat
1946 1417 2079 1464 Mae·
2108 1433 2154 1472 15

318 1503 465 1553 vium.
508 1505 903 1552 Fueruntautem
921 1499 1149 1549 Maevius
1165 1507 1214 1548 et
1224 1498 1405 1547 Bavius
1422 1508 1598 1561 poetae
1607 1496 1818 1561 pessimi,
1830 1505 1877 1546 et
1894 1493 2081 1544 inimici

320 1585 536 1649 Vergilii.
610 1583 711 1646 Qui
732 1585 822 1632 hos
848 1599 964 1646 ergo
984 1581 1156 1645 diligit,
1182 1580 1327 1631 faciat
1353 1597 1481 1644 quae
1506 1589 1676 1629 contra
1700 1589 1924 1628 naturam
1951 1586 2077 1636 sunt,

244 1682 299 1729 31
322 1668 372 1718 id
398 1678 485 1728 est,
514 1667 683 1730 iungat
722 1668 894 1730 vulpes
919 1674 968 1714 et
994 1666 1211 1728 mulgeat
1237 1662 1413 1711 hircos.
1491 1661 1798 1712 Homoeosis
1837 1669 1925 1720 est,
1954 1675 2083 1723 quae

325 1751 501 1800 Latine
526 1751 872 1813 interpretatur
907 1746 1194 1807 similitudo,
1225 1763 1310 1810 per
1344 1762 1494 1808 quam
1522 1744 1683 1793 minus
1721 1753 1869 1794 notae
1902 1742 1970 1791 rei
1996 1758 2082 1805 per

324 1831 700 1882 similitudinem
726 1831 845 1890 eius,
875 1846 1003 1894 quae
1030 1829 1183 1893 magis
1200 1838 1318 1877 nota
1345 1837 1431 1887 est,
1458 1828 1691 1891 panditur
1706 1824 2078 1877 demonstratio.
2110 1840 2161 1870 20

326 1915 493 1964 Huius
527 1914 717 1979 species
755 1923 870 1963 sunt
912 1923 1037 1961 tres:
1089 1911 1218 1971 icon,
1257 1910 1534 1974 parabolae,
1576 1908 1875 1973 paradigma,
1920 1906 1971 1956 id
2010 1915 2083 1955 est

240 2011 303 2057 32
326 1999 504 2062 imago,
528 1996 830 2061 conparatio,
855 1995 1151 2058 exemplum.
1210 1995 1334 2042 Icon
1360 2001 1433 2040 est
1459 1990 1636 2055 imago,
1660 2008 1773 2039 cum
1794 1991 1998 2053 figuram
2015 1987 2083 2036 rei

327 2100 386 2131 ex
407 2080 553 2130 simili
579 2096 758 2143 genere
784 2094 1024 2127 conamur
1050 2075 1336 2139 exprimere,
1365 2082 1418 2122 ut
1445 2072 1599 2137 (Virg.
1618 2075 1743 2121 Aen.
1766 2089 1809 2132 4,
1832 2085 1856 2134 5
1868 2070 1950 2136 58)
1972 2090 1980 2118 :

531 2161 715 2211 Omnia
753 2159 1003 2208 Mercurio
1040 2156 1225 2217 similis,
1265 2171 1541 2218 vocemque
1578 2156 1897 2217 coloremque

532 2253 580 2292 et
616 2242 775 2292 crines
810 2243 963 2290 flavos
1000 2249 1048 2289 et
1084 2239 1307 2288 membra
1342 2239 1523 2286 decora
1557 2235 1770 2285 iuventa.
2109 2252 2158 2293 25

332 2329 565 2389 Congrua
590 2324 723 2373 enim
744 2333 817 2373 est
834 2322 1108 2372 similitudo
1135 2323 1197 2370 de
1224 2318 1403 2384 specie,
1428 2317 1567 2367 cuius
1588 2334 1801 2381 persona
1819 2316 2083 2366 inducitur.

245 2414 309 2461 33
333 2408 574 2457 Parabola
600 2405 887 2470 conparatio
924 2421 983 2453 ex
1008 2401 1329 2453 dissimilibus
1356 2401 1517 2460 rebus,
1545 2408 1599 2448 ut
1626 2399 1835 2463 (Lucan.
1860 2416 1899 2458 1,
1923 2397 2038 2462 205)
2060 2415 2070 2445 ε

1414 2481 1588 2544 Qualis
1625 2482 1676 2529 in
1710 2480 1837 2529 arvis

535 2571 791 2620 aestiferae
829 2568 1015 2632 Libyae
1050 2569 1182 2616 visus
1218 2568 1298 2615 leo
1335 2565 1615 2613 comminus
1651 2563 1846 2612 hostem

535 2652 794 2714 consedit,
2111 2659 2167 2701 30

337 2737 423 2787 ubi
448 2735 581 2786 leoni
607 2736 873 2787 Caesarem
900 2730 1202 2797 conparavit,
1228 2747 1332 2779 non
1365 2744 1424 2777 ex
1450 2745 1554 2786 suo,
1592 2729 1680 2776 sed
1706 2742 1764 2775 ex
1788 2723 1886 2774 alio
1909 2739 2088 2788 genere

395 2880 413 2905 1
447 2871 513 2906 est
542 2879 624 2905 om.
648 2865 690 2904 Β
854 2876 878 2901 2
908 2869 954 2902 ut
979 2875 1066 2902 om.
1102 2861 1160 2900 T:
1190 2865 1262 2899 aut
1284 2858 1319 2898 C
1478 2870 1503 2906 4
1534 2855 1684 2895 viderit
1715 2855 1829 2905 prior
1857 2853 1900 2891 A
2064 2853 2092 2892 6

339 2922 483 2961 iurisio
521 2921 558 2960 T
743 2933 770 2969 9
799 2917 970 2957 tristitia
1004 2916 1042 2955 T
1229 2926 1278 2953 10
1307 2914 1359 2952 de
1381 2924 1624 2963 genereque
1651 2910 1689 2948 T
1881 2920 1925 2946 11
1959 2913 2006 2946 ut
2025 2913 2092 2946 est

340 2977 443 3015 illud
463 2976 504 3014 A
697 2976 747 3014 18
776 2974 857 3012 hoc
877 2978 943 3012 est
962 2973 1004 3011 Β
1221 2974 1263 3008 et
1289 2982 1370 3007 om.
1395 2968 1435 3006 A
1624 2978 1676 3015 23
1705 2970 1750 3003 ut
1784 2976 1864 3012 per
1882 2961 2023 3002 omnia
2053 2961 2096 3000 Β

340 3032 393 3069 28
422 3031 612 3080 qualibus
651 3029 688 3068 T
951 3027 1066 3066 arvis
1104 3024 1198 3064 A²z
1245 3023 1372 3063 armis
1411 3020 1556 3061 A1BC
1562 3021 1599 3059 T
1826 3031 1878 3069 29
1908 3023 1973 3056 est
2004 3017 2092 3055 fere

340 3085 463 3124 libiae
481 3086 521 3123 Β
685 3095 731 3135 31
764 3083 902 3122 alieno
923 3082 964 3120 Β
