2228 3444
388 163 1019 214 ETVMOLOGIARVM
1060 165 1189 213 LIB.
1231 166 1319 213 VI.
1359 163 1485 220 xviii,
1513 164 1590 212 xix

113 282 401 344 est'lavandi
426 281 588 358 capita
613 292 890 352 infantium,
910 280 994 357 qui
1012 293 1266 357 unguendi
1292 278 1406 343 sunt
1430 310 1494 343 ne
1519 278 1864 363 observatione

113 376 515 442 quadragesimae
535 375 786 425 sordidata
803 377 868 425 ad
886 375 1174 425 unctionem
1193 377 1499 426 accederent.
1564 378 1682 445 Hoc
1698 386 1863 426 autem
1888 391 1942 440 15

113 459 521 523 die-symbolum
561 457 943 521 conpetentibus
983 459 1189 507 traditur
1235 467 1436 522 propter
1473 459 1723 525 confinem
1765 460 1864 507 Do-

114 539 323 589 minicae
361 542 575 604 paschae
615 539 998 589 sollemnitatem
1017 557 1031 600 3
1066 549 1119 588 ut
1159 539 1244 604 qui
1283 541 1379 588 iam
1418 542 1484 588 ad
1523 541 1619 607 Dei
1658 539 1860 603 gratiam

65 635 86 674 5
112 623 479 685 percipiendam
516 623 762 682 festinant,
803 622 967 681 fidem,
1010 637 1159 685 quam
1197 623 1538 682 confiteantur,
1577 633 1862 686 agnoscant.

112 703 284 752 Coena
311 703 577 753 Dominica
601 702 734 752 dicta
758 711 846 763 est,
876 719 935 752 eo
969 705 1106 766 quod
1140 705 1190 751 in
1222 720 1282 752 eo
1314 703 1396 753 die
1434 705 1656 753 Salvator
1680 705 1865 768 pascha
1890 701 1949 748 16

109 802 224 833 cum
251 787 348 834 suis
369 784 622 850 discipulis
639 784 806 834 fecerit
823 803 836 845 3
862 786 998 848 quod
1016 795 1064 834 et
1085 787 1348 850 hodieque,
1373 785 1499 835 sicut
1519 795 1592 835 est
1612 786 1862 847 traditum,

110 868 395 927 celebratur,
425 876 756 931 sanctumque
785 868 834 915 in
861 884 922 916 eo
947 867 1160 916 chrisma
1194 868 1467 928 conficitur,
1494 878 1646 932 atque
1670 868 1863 918 initium

110 949 225 998 novi
262 959 310 999 et
345 949 519 998 veteris
558 951 839 998 testamenti
874 950 1084 999 cessatio
1121 952 1411 1000 declaratur.
1484 951 1757 1000 Sabbatum
1800 952 1864 1001 ab
1892 968 1944 1017 17

39 1042 88 1070 10
112 1031 356 1081 Hebraeis
404 1049 462 1081 ex
501 1033 903 1095 interpretatione
951 1033 1180 1082 vocabuli
1219 1033 1293 1082 sui
1332 1033 1525 1097 requies
1565 1034 1861 1094 nominatur,

109 1115 244 1176 quod
283 1116 419 1162 Deus
456 1113 505 1161 in
543 1113 676 1177 ipso,
704 1115 924 1177 perfecto
956 1117 1158 1174 mundo,
1196 1115 1530 1179 requievisset.
1606 1117 1862 1180 Siquidem
1889 1116 1944 1162 18

107 1205 154 1244 et
203 1212 263 1244 eo
311 1197 392 1245 die
440 1195 679 1258 requievit
730 1195 978 1245 Dominus
1018 1196 1069 1244 in
1109 1199 1385 1261 sepulchro,
1426 1207 1479 1246 ut
1517 1197 1698 1261 quietis
1736 1197 1863 1248 illius

108 1277 390 1340 mysterium
416 1279 728 1327 confirmaret
746 1296 758 1339 3
797 1280 932 1341 quod
969 1278 1167 1327 Iudaeis
1202 1278 1568 1328 observandum
1601 1279 1650 1327 in
1688 1279 1863 1328 umbra

106 1358 253 1408 futuri
289 1369 607 1423 praeceptum
656 1369 741 1408 est.
817 1362 914 1409 Sed
953 1369 1218 1424 postquam
1261 1361 1485 1411 Christus
1524 1361 1574 1409 in
1615 1363 1863 1425 sepultura

36 1450 83 1490 15
108 1453 193 1485 sua
218 1436 322 1486 eius
348 1438 552 1499 figuram
578 1437 861 1500 adimplevit,
881 1437 1159 1487 observatio
1181 1438 1284 1488 eius
1302 1439 1500 1502 quievit.
1565 1438 1862 1488 Dominicus
1887 1448 1946 1494 19

108 1520 213 1569 dies
249 1518 457 1582 proinde
494 1529 709 1580 vocatur,
738 1520 852 1583 quia
884 1521 933 1568 in
969 1537 1029 1569 eo
1059 1521 1427 1570 resurrectionis
1468 1522 1673 1569 Domini
1711 1521 1862 1570 nostri

107 1602 341 1666 gaudium
368 1601 653 1651 celebratur.
731 1604 830 1664 Qui
858 1602 963 1651 dies
989 1620 1091 1650 non
1123 1603 1338 1663 Iudaeis,
1367 1605 1454 1652 sed
1490 1602 1783 1653 Christianis
1814 1602 1863 1651 in

109 1684 515 1734 resurrectionem
545 1684 750 1733 Domini
788 1686 1064 1733 declaratus
1096 1694 1181 1745 est,
1212 1694 1259 1734 et
1285 1703 1343 1734 ex
1373 1685 1457 1733 illo
1492 1686 1674 1734 habere
1699 1685 1864 1748 coepit

110 1766 422 1816 festivitatem
467 1783 622 1816 suam.
698 1766 800 1814 Illis
839 1768 971 1814 enim
1010 1768 1170 1816 solum
1208 1767 1562 1816 celebrandum
1601 1767 1861 1816 sabbatum
1887 1776 1952 1810 20

37 1863 85 1890 20
110 1848 342 1898 traditum
377 1857 463 1908 est,
497 1848 611 1911 quia
652 1857 753 1896 erat
786 1858 931 1897 antea
965 1848 1159 1912 requies
1195 1858 1534 1911 mortuorum,
1571 1849 1863 1898 resurrectio

109 1941 274 1980 autem
322 1929 503 1978 nullius
547 1940 648 1979 erat
687 1931 770 1993 qui
814 1947 1070 1994 resurgens
1114 1948 1142 1979 a
1185 1931 1389 1980 mortuis
1431 1948 1533 1980 non
1578 1941 1860 1980 moreretur.

112 2017 382 2076 Postquam
407 2021 573 2060 autem
607 2014 738 2060 facta
769 2023 842 2061 est
875 2012 985 2061 talis
1012 2014 1303 2062 resurrectio
1330 2013 1380 2061 in
1407 2029 1612 2077 corpore
1641 2012 1860 2072 Domini,
1887 2024 1942 2059 21

110 2103 163 2142 ut
187 2093 396 2156 praeiret
421 2095 471 2141 in
497 2095 658 2157 capite
689 2093 942 2143 Ecclesiae
975 2097 1112 2157 quod
1146 2111 1324 2158 corpus
1361 2094 1615 2143 Ecclesiae
1649 2106 1863 2159 speraret

113 2175 163 2222 in
196 2176 360 2234 finem,
389 2176 486 2222 iam
524 2174 629 2223 dies
661 2174 968 2234 Dominicus,
1008 2175 1058 2224 id
1094 2186 1167 2225 est
1205 2185 1421 2236 octavus,
1460 2177 1543 2240 qui
1579 2186 1627 2225 et
1659 2176 1860 2240 primus,

37 2270 85 2309 25
111 2256 345 2305 celebrari
371 2256 546 2319 coepit.

248 2340 330 2386 DE
367 2353 600 2386 OFFlcns.
675 2338 963 2388 Officiorum
1007 2340 1216 2403 plurima
1247 2357 1427 2404 genera
1460 2357 1580 2401 esse,
1610 2342 1697 2390 sed
1731 2358 1863 2405 prae·
1886 2351 1991 2390 XIX

169 2481 186 2506 1
211 2467 392 2506 labanda
408 2466 449 2504 Β
560 2467 900 2507 observationem
919 2467 1019 2506 C1K
1033 2484 1041 2510 :
1071 2470 1124 2508 ob
1141 2469 1480 2508 observationem
1498 2468 1538 2506 Β
1649 2483 1673 2508 2
1692 2471 1862 2509 sordata

110 2521 155 2560 K
317 2535 342 2572 3
372 2523 440 2560 die
460 2535 544 2561 om.
565 2521 611 2559 K
737 2523 1038 2563 confitentibus
1058 2522 1104 2560 K
1123 2525 1227 2573 (uon
1246 2523 1289 2561 D
1318 2523 1450 2574 Trz'n.)
1567 2524 1799 2563 confinium
1822 2524 1863 2561 Β

117 2576 229 2616 Trin.
251 2577 290 2616 T
396 2590 417 2626 7
448 2581 491 2615 et
508 2589 560 2615 eo
576 2577 642 2615 die
655 2590 762 2627 quae
780 2578 828 2617 Cl
847 2593 856 2617 :
887 2584 929 2617 et
945 2579 1040 2617 odie
1055 2577 1166 2618 KT:
1197 2579 1409 2628 hodieque
1424 2578 1487 2619 B:
1521 2584 1563 2618 et
1583 2592 1717 2630 usque
1734 2580 1861 2618 hodie

118 2629 230 2671 Trin.
354 2633 380 2670 8
409 2638 541 2671 sanct.
569 2661 578 2670 .
614 2663 621 2670 .
648 2664 656 2671 .
685 2632 794 2672 conf.
810 2638 909 2684 post
928 2634 1169 2672 declaratur
1196 2633 1255 2672 T:
1278 2639 1376 2684 post
1400 2641 1634 2682 agnoscant
1657 2637 1695 2686 (5
1722 2637 1788 2685 15)
1810 2633 1855 2672 C¹

113 2686 215 2736 (non
241 2684 376 2739 Trin.)
470 2692 597 2736 atque
617 2717 626 2727 .
651 2717 659 2725 .
682 2717 692 2727 .
711 2687 864 2726 declar.
885 2701 964 2727 om.
990 2687 1125 2726 BDH
1150 2687 1261 2728 Trin.
1282 2702 1290 2726 :
1320 2695 1448 2738 atque
1465 2702 1547 2727 om.
1567 2688 1602 2727 C
1705 2702 1731 2739 9
1752 2701 1858 2728 cess.

110 2746 206 2780 test.
233 2740 309 2779 CT
446 2753 495 2780 10
524 2747 793 2791 nuncupatur
812 2741 858 2779 K
996 2756 1040 2780 11
1073 2743 1306 2793 perfectum
1337 2741 1600 2782 mundumK
1738 2755 1785 2780 12
1817 2749 1858 2781 et

109 2809 191 2835 om.
214 2793 259 2832 K
278 2796 381 2846 <non
401 2795 464 2846 A)
624 2796 667 2834 in
690 2809 742 2834 eo
763 2795 832 2836 K:
861 2797 943 2835 hoc
972 2796 1009 2834 T
1193 2810 1240 2846 13
1272 2799 1458 2836 misterio
1479 2797 1548 2836 K:
1581 2797 1857 2836 ministerium

110 2849 151 2886 Β
295 2850 546 2889 confirmare
569 2863 690 2900 quem
721 2849 780 2889 T:
810 2852 1062 2891 confirmare
1084 2858 1125 2891 et
1145 2866 1269 2903 quem
1292 2851 1362 2890 K:
1393 2854 1616 2892 confirmet
1637 2865 1763 2902 quem
1785 2852 1826 2888 A
1849 2867 1857 2890 :

110 2904 380 2943 confirmaret
399 2917 521 2954 quem
545 2904 586 2941 Β
755 2918 801 2954 14
833 2908 1014 2945 futurum
1039 2906 1075 2945 C
1197 2907 1239 2945 in
1261 2907 1486 2957 sepulchro
1508 2920 1584 2946 suo
1606 2905 1651 2943 K
1670 2906 1771 2954 (non
1791 2905 1855 2957 A)

115 2969 162 3006 15
192 2957 299 3010 qui.]
322 2959 506 2998 cessavit
526 2958 572 2996 K
585 2959 690 3011 (non
705 2959 770 3011 A)
885 2962 933 2998 18
964 2961 1270 3000 resurrectione
1286 2960 1374 2998 ΒΚ
1481 2963 1592 3002 dom.
1612 2960 1747 2999 nostri
1768 2961 1856 2999 iesu

110 3012 256 3051 christi
276 3011 322 3049 K
339 3013 442 3064 (non
462 3015 526 3064 A)
639 3013 894 3054 declaratum
917 3022 980 3054 est
999 3015 1043 3052 K
1058 3030 1066 3054 :
1097 3017 1335 3055 declaratus
1363 3015 1401 3053 T
1523 3029 1572 3066 19
1600 3015 1695 3054 fest.
1717 3014 1854 3066 suam]

110 3065 437 3106 sollemnitatem
458 3066 504 3104 K
519 3068 621 3119 (non
641 3069 705 3120 A)
833 3082 885 3108 20
914 3077 981 3110 est
1000 3084 1078 3111 cm.
1105 3070 1150 3109 C¹
1265 3069 1383 3121 quia]
1403 3070 1474 3119 qui
1500 3069 1543 3106 K
1664 3082 1716 3119 23
1745 3071 1856 3119 quod

109 3132 223 3171 corp.
245 3121 347 3160 eccl.
368 3135 448 3162 om.
478 3120 515 3158 T
673 3122 809 3174 spen]
829 3130 949 3173 paret
972 3124 1015 3161 K
