2228 3444
78 614 99 654 5

54 1020 102 1048 10

55 1830 105 1859 20

400 136 1035 185 ETYMOLOGIARVM
1077 137 1207 182 LIB.
1249 137 1319 183 II.
1357 153 1460 195 xxx,
1490 136 1595 182 xxxi

123 264 264 314 trarie
289 263 382 312 sibi
408 269 740 326 opponuntur,
770 269 822 310 ut
857 277 957 309 non
985 277 1155 310 eorum
1192 261 1287 309 sint
1320 261 1501 323 quibus
1532 269 1864 324 opponuntur,

123 355 176 394 ut
213 345 451 409 sapientia
486 343 703 392 stultitia.
790 344 944 405 Quod
979 359 1134 406 genus
1171 342 1221 390 in
1260 351 1356 390 tres
1394 342 1583 406 species
1620 342 1865 392 dividitur.
1891 354 1923 388 2

126 430 257 476 Nam
292 436 405 476 sunt
431 427 677 490 quaedam
710 424 813 473 eius
843 441 970 488 quae
1001 424 1224 474 medium
1253 425 1441 473 habent
1462 442 1475 486 ;
1512 433 1559 473 et
1586 434 1700 473 sunt
1725 441 1870 487 quae-

124 511 239 558 dam
279 525 405 571 quae
442 508 548 556 sine
588 506 755 556 medio
799 515 944 565 sunt;
997 516 1044 555 et
1081 507 1327 569 quaedam
1366 515 1480 554 sunt
1519 523 1646 569 quae
1684 507 1869 555 habent

124 590 345 639 medium
372 600 419 639 et
455 598 622 638 tamen
649 590 755 637 sine
787 587 992 636 nomine
1022 597 1149 648 sunt,
1180 587 1274 636 nisi
1300 597 1565 651 utrumque
1592 588 1636 637 ei
1661 589 1871 637 voeabu-

124 675 226 721 lum
263 682 406 721 creet.
482 672 767 721 Candidum
801 679 850 718 et
884 669 1074 733 nigrum
1111 669 1333 719 medium
1367 671 1565 729 habent,
1595 670 1711 733 quia
1747 670 1871 718 inter

125 772 208 804 eos
236 772 381 818 saepe
406 756 542 809 color
566 753 777 816 pallidus
794 754 870 801 vel
886 754 1052 800 fuscus
1070 754 1328 801 invenitur.
1404 751 1521 801 Sine
1547 752 1715 801 medio
1739 762 1866 812 sunt,
1894 763 1923 808 3

124 839 353 900 quotiens
403 852 557 884 unum
595 836 658 884 de
694 835 892 883 duobus
928 834 1120 890 accidit,
1163 843 1214 882 ut
1252 835 1433 882 sanitas
1472 836 1546 882 vel
1597 834 1865 882 infirmitas.

127 922 325 967 Horum
373 917 494 966 nihil
539 926 611 966 est
654 916 888 965 medium.
978 918 1052 964 Ea
1091 924 1259 964 autem
1302 932 1515 978 quorum
1559 915 1724 964 media
1765 915 1870 964 sine

126 1001 328 1050 nomine
353 1009 480 1060 sunt,
503 1008 556 1048 ut
576 998 689 1047 felix
715 997 895 1058 infelix,
919 997 1140 1046 medium
1162 998 1349 1046 habent
1375 1014 1478 1046 non
1498 997 1624 1046 felix.
1690 999 1870 1046 Secun-

126 1085 245 1132 dum
271 1098 426 1146 genus
459 1090 532 1130 est
566 1080 893 1140 relativorum,
923 1096 1051 1143 quae
1076 1080 1143 1128 ita
1163 1079 1256 1128 sibi
1283 1088 1605 1143 opponuntur
1636 1088 1687 1127 ut
1721 1081 1784 1128 ad
1820 1096 1870 1128 se

126 1166 456 1224 conferantur,
481 1163 606 1212 sicut
633 1163 841 1225 duplum
868 1161 1117 1224 simplum.
1194 1164 1312 1209 Hoc
1339 1163 1500 1210 solum
1528 1161 1870 1225 oppositorum
1894 1174 1926 1220 4

125 1260 278 1306 genus
321 1244 384 1291 ad
428 1259 480 1290 se
518 1242 733 1290 refertur.
818 1242 936 1288 Non
975 1249 1047 1288 est
1086 1241 1219 1287 enim
1258 1239 1430 1299 maius,
1472 1241 1563 1289 nisi
1601 1242 1664 1288 ad
1708 1240 1871 1288 minus

126 1327 357 1374 referatur
379 1342 391 1385 3
416 1333 463 1373 et
479 1323 727 1386 simplum,
752 1321 844 1369 nisi
870 1323 934 1370 ad
960 1323 1184 1384 duplum.
1235 1323 1367 1370 Nam
1394 1321 1652 1370 relativum
1670 1321 1872 1371 relativo

127 1407 192 1455 ita
229 1407 495 1469 opponitur
529 1414 582 1453 ut
616 1406 712 1453 hoc
747 1403 924 1466 ipsum,
953 1405 1089 1466 quod
1124 1403 1408 1467 opponitur,
1435 1412 1520 1452 aut
1554 1405 1658 1452 eius
1692 1405 1767 1463 sit,
1794 1406 1873 1452 cui

127 1486 407 1550 opponitur,
427 1486 532 1552 <aut
557 1484 715 1552 adid>
739 1501 1060 1548 quocumque
1088 1487 1241 1534 modo
1270 1487 1516 1534 referatur.
1595 1485 1874 1534 Dimidium

130 1569 262 1616 enim
300 1568 566 1632 opponitur
600 1570 769 1631 duplo,
796 1567 1002 1630 eiusque
1035 1567 1174 1630 dupli
1209 1569 1430 1616 medium
1466 1577 1554 1628 est,
1583 1569 1671 1617 sed
1705 1567 1771 1616 ita
1807 1568 1875 1616 illi

129 1649 396 1712 opponitur
427 1660 479 1699 ut
505 1650 609 1700 eius
635 1650 711 1710 sit,
738 1649 817 1697 cui
843 1649 1126 1712 opponitur.
1199 1648 1278 1698 Sic
1305 1659 1353 1698 et
1379 1666 1583 1712 parvum
1610 1650 1876 1713 opponitur
1900 1659 1930 1707 5

128 1748 323 1794 magno,
361 1732 426 1781 ita
464 1743 516 1781 ut
554 1733 699 1795 ipsud
736 1748 940 1795 parvum
979 1732 1040 1779 ad
1086 1747 1336 1794 magnum,
1376 1731 1455 1780 cui
1495 1731 1774 1794 opponitur,
1815 1732 1875 1780 sit

128 1829 347 1876 parvum.
436 1816 566 1862 Nam
622 1813 875 1877 superiora
922 1828 1049 1875 quae
1098 1812 1330 1861 dicuntur
1378 1813 1621 1862 contraria
1669 1813 1735 1862 ita
1783 1814 1874 1862 sibi

128 1905 447 1958 opponuntur
478 1906 531 1944 ut
564 1911 735 1944 eorum
771 1911 875 1943 non
900 1893 1011 1951 sint,
1038 1894 1217 1956 quibus
1252 1904 1587 1957 opponuntur,
1612 1911 1704 1943 nec
1729 1897 1792 1943 ad
1819 1912 1876 1944 ea

128 1993 444 2040 quocumque
482 1979 634 2027 modo
668 1979 971 2036 referantur5
1007 1975 1254 2038 siquidem
1293 1976 1524 2039 iniquitas
1563 1976 1773 2026 iustitiae
1809 1977 1875 2026 ita

183 2122 206 2147 2
236 2106 414 2147 stultitie
441 2108 478 2146 T
656 2119 680 2155 3
709 2118 818 2156 quae
841 2105 1022 2144 medium
1043 2117 1152 2153 quae
1174 2106 1268 2144 sine
1290 2106 1430 2144 medio
1452 2111 1550 2144 sunt
1577 2106 1614 2144 T
1719 2107 1811 2146 hab.
1834 2114 1876 2146 et

129 2163 333 2213 quaedam
365 2168 464 2200 sunt
494 2162 539 2199 K
737 2174 761 2210 5
793 2159 854 2211 ei]
885 2173 971 2198 uno
1008 2159 1045 2196 T
1231 2162 1257 2197 6
1287 2166 1404 2199 creet
1434 2166 1475 2198 et
1505 2161 1574 2198 K:
1610 2161 1730 2200 daret
1756 2167 1798 2200 et
1828 2161 1878 2201 C¹

131 2232 152 2268 7
193 2216 355 2268 fuscus]
386 2217 506 2265 fagus
537 2217 583 2254 K
772 2217 797 2253 8
837 2228 965 2253 unum
997 2227 1080 2253 om,
1119 2214 1156 2251 T
1297 2228 1321 2253 e
1351 2215 1396 2253 K
1541 2228 1629 2255 san.
1660 2222 1701 2254 et
1732 2216 1807 2257 inf.
1838 2216 1879 2254 Β

135 2286 183 2311 10
211 2272 358 2311 infelix
378 2271 480 2310 felix
502 2271 548 2309 K
686 2283 734 2308 12
764 2269 959 2319 simplum
982 2282 1064 2308 om.
1088 2268 1128 2305 A
1244 2268 1340 2308 Hoc
1361 2283 1443 2308 om.
1466 2269 1511 2307 K
1669 2283 1716 2319 13
1747 2271 1879 2310 fertur

131 2328 202 2367 K:
232 2326 476 2367 referuntur
502 2326 539 2363 T
592 2332 656 2364 est
678 2325 789 2364 enim
816 2323 914 2362 CT:
946 2323 1059 2362 enim
1077 2328 1142 2361 est
1162 2323 1201 2361 Β
1223 2338 1232 2363 z
1261 2330 1326 2363 est
1345 2324 1386 2362 A
1409 2339 1417 2363 :
1448 2323 1559 2363 enim
1581 2325 1627 2363 K
1718 2326 1876 2376 minus]

131 2381 325 2431 simplum
355 2381 401 2419 K
567 2393 614 2429 14
644 2380 719 2420 rel.
751 2379 832 2429 ipsi
859 2379 934 2418 rel.
955 2380 1001 2416 K
1168 2390 1215 2427 15
1246 2379 1474 2428 quodquod
1503 2379 1623 2429 (corr.
1651 2381 1875 2431 quotquot)

133 2435 364 2486 opponitur
395 2436 490 2485 (seq.
523 2449 604 2475 ras.
637 2448 706 2474 sex
734 2434 830 2486 litt.)
870 2434 907 2472 T
1023 2438 1094 2472 aut
1119 2433 1211 2471 eius
1233 2463 1239 2470 .
1263 2463 1271 2473 .
1295 2463 1303 2473 .
1326 2434 1556 2483 opponitur
1583 2447 1666 2474 om.
1696 2435 1767 2474 K:
1806 2441 1878 2473 aut

133 2492 225 2530 eius
255 2491 367 2540 quod
396 2503 494 2540 opp.
524 2490 634 2529 AC:
666 2490 746 2529 ''aut
777 2495 842 2528 est
871 2488 984 2537 quod
1014 2501 1112 2537 opp.
1142 2487 1210 2526 B:
1254 2493 1325 2526 aut
1356 2490 1446 2527 eius
1476 2489 1541 2527 cui
1571 2502 1671 2539 opp.
1694 2489 1764 2528 D:
1804 2494 1877 2529 aut

133 2551 278 2585 contra
310 2546 412 2597 (pro
441 2545 550 2596 eius)
583 2545 650 2583 cui
678 2557 777 2595 opp.
809 2543 924 2593 quod
954 2555 1052 2593 opp.
1084 2542 1135 2580 H
1313 2545 1362 2581 16
1396 2549 1466 2582 aut
1496 2544 1548 2582 ad
1578 2543 1620 2581 id
1648 2557 1732 2583 om.
1763 2544 1874 2583 codd.

133 2601 426 2650 quodcumque
455 2599 529 2638 ΤΒ
549 2599 651 2648 (non
671 2598 783 2651 DH)
804 2613 812 2638 ι
842 2610 1135 2648 quaecumque
1154 2597 1195 2634 A
1399 2599 1447 2635 18
1478 2610 1623 2648 parum
1647 2599 1738 2649 (ter)
1763 2598 1886 2636 CDT

135 2655 201 2693 Sit
222 2661 264 2694 et
285 2655 321 2693 si
341 2667 519 2704 parvum
541 2667 716 2704 parvum
738 2655 791 2693 ad
815 2665 1013 2701 magnum
1044 2652 1108 2689 cui
1133 2653 1360 2701 opponitur
1382 2653 1435 2691 sit
1455 2665 1631 2703 parvum
1653 2653 1879 2703 opponitur

136 2716 178 2748 et
213 2722 366 2759 magno
396 2710 452 2748 ita
482 2714 526 2748 ut
566 2709 690 2759 ipsud
720 2708 790 2746 A:
835 2707 906 2746 Sic
938 2707 1016 2746 etsi
1050 2719 1227 2756 parvum
1259 2720 1432 2756 parvum
1468 2708 1520 2746 ad
1558 2720 1711 2756 magno
1742 2709 1799 2746 ita
1834 2714 1876 2745 ut

136 2765 272 2813 ipsum
295 2777 445 2813 parum
466 2764 518 2802 ad
545 2776 745 2813 magnum
774 2763 839 2801 cui
867 2762 1095 2812 opponitur
1121 2762 1175 2800 sit
1200 2774 1345 2811 parum
1368 2761 1432 2800 B:
1469 2762 1539 2800 Sic
1569 2767 1611 2799 et
1637 2763 1671 2800 si
1702 2774 1875 2811 parvum

137 2819 369 2868 opponitur
396 2832 550 2868 magno
577 2824 618 2857 et
642 2819 678 2857 si
706 2830 905 2867 magnum
932 2818 988 2854 ita
1009 2821 1054 2854 ut
1074 2828 1245 2865 parvum
1266 2816 1319 2854 ad
1341 2829 1535 2865 magnum
1556 2817 1623 2854 cui
1645 2816 1878 2866 opponitur

138 2874 192 2911 sit
213 2885 386 2922 parvum
409 2872 479 2912 K:
511 2873 580 2912 Sic
609 2879 651 2912 et
679 2873 714 2910 si
742 2884 920 2922 parvum
942 2871 1077 2921 ipsum
1107 2870 1338 2920 opponitur
1358 2876 1400 2909 et
1422 2883 1576 2920 magno
1598 2871 1654 2908 ita
1675 2876 1719 2908 ut
1741 2871 1877 2919 ipsum

138 2939 311 2976 parvum
341 2928 394 2966 ad
425 2941 625 2977 magnum
656 2927 709 2966 ad
740 2939 938 2976 magnum
970 2926 1036 2964 cui
1067 2925 1297 2976 opponitur
1323 2924 1375 2963 sit
1404 2937 1578 2976 parvum
1606 2923 1657 2961 H
1683 2924 1784 2973 (non
1814 2922 1876 2973 D)

139 2994 185 3019 21
219 2980 325 3073 εἰῙῐέῒ]
347 2982 401 3021 sit
422 2982 468 3019 K
577 2980 750 3031 quibus]
772 2993 853 3030 que
879 2980 917 3018 T
1023 2992 1100 3018 nec
1121 2980 1172 3017 ad
1195 3010 1203 3019 .
1230 3010 1238 3018 .
1262 3009 1269 3018 .
1293 2979 1528 3019 referantur
1547 2992 1628 3020 om.
1655 2978 1691 3015 T
1779 2977 1879 3027 nec]

139 3049 227 3074 non
