2228 3444
552 126 1184 175 ETYMOLOGIARVM
1226 127 1356 172 LIB.
1396 126 1513 171 VII.
1556 123 1587 170 ii

195 256 322 305 facit.
397 254 545 318 Lapis
588 254 889 315 offensionis,
917 253 1032 316 quia
1064 252 1267 302 veniens
1305 251 1504 300 humilis
1541 253 1855 300 offenderunt
1892 253 1941 299 in
1963 265 2034 312 40

194 355 308 386 eum
335 336 573 386 increduli
599 336 842 395 homines,
870 344 918 385 et
950 337 1107 384 factus
1141 344 1215 384 est
1248 342 1384 398 petra
1409 332 1643 393 scandali,
1672 332 1797 382 sicut
1824 332 1943 382 dicit

195 421 464 482 Apostolus
515 417 560 482 (1
587 420 810 469 Corinth.
836 436 874 477 1,
899 417 1010 482 23):
1082 417 1309 465 ‘Iudaeis
1358 417 1561 478 quidem
1622 416 1941 464 scandalum.'

196 502 595 550 Fundamentum
621 509 788 549 autem
813 499 927 548 ideo
952 508 1167 559 vocatur,
1197 497 1312 561 quia
1342 499 1464 546 fides
1498 496 1550 544 in
1579 513 1639 545 eo
1665 496 1942 546 firmissima
1964 506 2021 553 41

147 605 168 644 5
194 591 279 642 est,
299 583 376 630 vel
402 581 517 645 quia
542 599 687 645 super
711 599 825 631 eum
851 579 1095 630 catholica
1112 579 1336 629 Ecclesia
1362 588 1645 628 constructa
1669 587 1755 627 est.
1810 580 1941 627 Nam
1966 588 2033 635 42

194 673 240 712 et
269 662 492 713 Christus
513 666 684 726 Agnus
710 680 798 727 pro
824 662 1110 711 innocentia
1128 681 1140 723 3
1177 672 1225 710 et
1251 661 1371 711 Ovis
1398 670 1596 725 propter
1621 660 1909 724 patientiam
1930 679 1942 721 3

192 755 239 794 et
259 745 397 794 Aries
423 754 619 808 propter
643 744 972 808 principatum
992 762 1004 804 3
1040 753 1087 792 et
1109 745 1319 792 Haedus
1344 752 1543 806 propter
1569 741 1941 791 similitudinem

194 826 350 875 carnis
367 826 553 891 peccati
573 844 584 886 3
621 836 669 875 et
688 825 884 875 Vitulus
904 843 993 889 pro
1020 843 1079 874 eo
1100 827 1236 889 quod
1262 843 1350 889 pro
1370 825 1515 874 nobis
1536 834 1610 874 est
1630 825 1913 873 immolatus
1931 842 1942 885 3
1965 837 2030 886 43

194 919 242 957 et
277 911 379 957 Leo
416 925 504 971 pro
540 924 691 971 regno
729 917 776 956 et
812 907 1099 956 fortitudine
1117 926 1130 968 3
1166 917 1214 956 et
1251 909 1463 969 Serpens
1497 923 1586 970 pro
1617 914 1775 955 morte
1801 915 1848 954 et
1874 923 1944 954 sa-

122 1012 170 1041 10
194 989 378 1054 pientia
396 1008 408 1050 3
444 989 577 1039 idem
603 999 650 1038 et
675 988 884 1049 Vermis,
904 989 1019 1052 quia
1044 990 1299 1038 resurrexit
1318 1007 1331 1050 3
1371 987 1565 1052 Aquila,
1585 997 1784 1052 propter
1808 989 1943 1051 quod
1965 1001 2032 1049 44

193 1081 304 1136 post
336 1073 741 1121 resurrectionem
771 1073 835 1120 ad
863 1080 991 1120 astra
1021 1070 1268 1120 remeavit.
1344 1072 1451 1119 Nec
1486 1072 1664 1118 mirum
1698 1071 1737 1119 si
1766 1069 1943 1119 vilibus

193 1152 631 1216 significationibus
666 1155 909 1217 figuretur,
938 1152 1023 1216 qui
1059 1169 1215 1216 usque
1251 1153 1316 1202 ad
1347 1161 1623 1202 nostrarum
1656 1151 1942 1216 passionum

193 1252 278 1284 seu
305 1237 462 1284 carnis
497 1234 819 1284 contumelias
852 1234 1170 1284 descendisse
1203 1233 1528 1298 cognoscitur.
1602 1234 1702 1296 Qui
1737 1235 1857 1283 dum
1884 1233 1944 1283 sit
1965 1245 2033 1295 45

197 1315 290 1365 Dei
317 1316 471 1366 Patris
498 1326 788 1366 coaeternus
812 1326 927 1365 ante
953 1318 1149 1365 saecula
1175 1315 1340 1376 Filius,
1360 1325 1624 1380 postquam
1640 1316 1774 1365 venit
1793 1316 1944 1380 pleni-

121 1419 167 1459 15
193 1400 315 1448 tudo
342 1398 588 1462 temporis,
618 1409 815 1462 propter
841 1400 1047 1447 salutem
1082 1407 1301 1447 nostram
1336 1399 1545 1446 formam
1579 1397 1703 1446 servi
1734 1398 1940 1462 accepit,

176 1490 240 1530 >et
265 1482 420 1530 factus
455 1490 528 1531 est
555 1482 706 1529 Filius
743 1480 837 1530 Dei
871 1479 1085 1529 hominis
1122 1479 1261 1528 filius.
1335 1481 1484 1529 Vnde
1519 1489 1566 1528 et
1600 1481 1845 1542 quaedam
1881 1481 1944 1529 de
1965 1487 2036 1544 46

191 1562 275 1610 illo
308 1561 357 1610 in
393 1562 651 1626 Scripturis
686 1563 961 1612 secundum
996 1563 1204 1610 formam
1245 1561 1354 1621 Dei,
1384 1563 1631 1625 quaedam
1666 1563 1942 1611 secundum

191 1646 398 1693 formam
425 1644 547 1694 servi
572 1644 815 1693 dicuntur.
869 1646 1108 1706 Quorum,
1139 1643 1350 1707 exempli
1375 1645 1540 1707 gratia,
1569 1645 1671 1692 duo
1697 1645 1942 1707 quaedam

193 1736 656 1787 commemorantur,
685 1736 738 1775 ut
762 1726 953 1790 singula
985 1728 1049 1776 ad
1083 1726 1273 1790 singula
1298 1728 1580 1775 referantur.
1654 1728 1942 1775 Secundum

117 1830 167 1858 20
192 1810 400 1857 formam
439 1808 571 1857 enim
608 1809 705 1858 Dei
739 1811 802 1858 de
846 1825 897 1857 se
935 1810 1041 1872 ipso
1079 1808 1199 1858 dixit
1237 1807 1435 1871 (Ioann.
1462 1826 1536 1869 10,
1557 1807 1672 1872 30):
1721 1810 1857 1871 ‘Ego
1894 1818 1942 1857 et

192 1893 334 1939 Pater
360 1907 512 1938 unum
541 1907 711 1939 sumus
729 1891 768 1939 ’1
808 1891 1083 1939 secundum
1110 1891 1319 1938 formam
1355 1891 1478 1939 servi
1507 1890 1706 1953 (Ioann.
1734 1907 1805 1949 14,
1831 1890 1911 1953 28)
1934 1909 1942 1938 :

193 1976 203 1996 ‘
223 1971 473 2033 Quoniam
498 1975 639 2020 Pater
665 1971 818 2021 maior
846 1989 924 2020 me
951 1973 1053 2020 est.'
1105 1971 1353 2021 Homines
1380 1981 1546 2020 autem
1573 1970 1735 2019 minus
1762 1970 1946 2020 intelle·
1968 1980 2031 2030 47

192 2062 363 2116 gentes
401 2053 521 2116 quid
557 2071 645 2117 pro
683 2053 804 2116 quid
841 2054 1045 2112 dicatur,
1083 2070 1139 2102 ea
1177 2070 1303 2116 quae
1340 2062 1539 2117 propter
1576 2055 1785 2102 formam
1821 2053 1946 2102 servi

194 2134 326 2183 dicta
351 2145 464 2184 sunt
490 2137 660 2184 volunt
686 2136 942 2184 transferre
966 2136 1031 2183 ad
1065 2136 1271 2183 formam
1309 2134 1405 2184 Dei
1424 2154 1437 2196 3
1473 2144 1521 2183 et
1546 2152 1709 2184 rursus
1735 2152 1794 2184 ea
1819 2152 1946 2198 quae

122 2238 170 2278 25
195 2214 326 2264 dicta
351 2226 465 2264 sunt
491 2225 543 2264 ut
567 2217 632 2264 ad
658 2233 709 2265 se
735 2215 946 2265 invicem
972 2233 1212 2279 personae
1238 2218 1518 2276 referantur,
1542 2218 1714 2266 volunt
1741 2217 1943 2265 nomina

194 2313 301 2346 esse
326 2307 528 2346 naturae
552 2306 701 2361 atque
727 2297 1042 2358 substantiae,
1071 2306 1119 2346 et
1144 2298 1329 2346 faciunt
1354 2315 1565 2347 errorem
1599 2300 1649 2346 in
1675 2299 1786 2348 fide.
1862 2298 1941 2348 Sic
1963 2299 2030 2358 48

195 2389 359 2428 autem
387 2379 484 2429 Dei
508 2379 609 2428 filio
633 2381 899 2429 coniuncta
925 2389 997 2428 est
1023 2381 1238 2428 humana
1265 2389 1451 2440 natura,
1471 2389 1522 2429 ut
1540 2398 1599 2429 ex
1618 2380 1811 2430 duabus
1833 2380 1943 2429 sub-

197 2461 385 2510 stantiis
412 2463 546 2510 fieret
571 2479 668 2510 una
693 2478 916 2526 persona.
988 2462 1131 2511 Solus
1158 2461 1302 2524 igitur
1327 2463 1479 2511 homo
1504 2464 1703 2526 pertulit
1728 2479 1940 2524 crucem,

252 2603 276 2627 2
306 2589 415 2630 dixit
434 2590 526 2629 AK
661 2605 686 2640 4
715 2597 856 2630 autem
878 2604 959 2630 om.
983 2589 1030 2628 K
1049 2590 1152 2643 (non
1172 2590 1236 2643 A)
1365 2603 1390 2641 5
1423 2590 1531 2630 Nam
1551 2605 1687 2641 agnus
1704 2597 1746 2630 et
1761 2591 1850 2630 ovis
1865 2604 1942 2641 pro

197 2643 282 2683 inn.
306 2650 350 2684 et
369 2645 479 2684 aries
500 2657 618 2695 prop.
643 2645 722 2695 pri.
743 2645 830 2685 ΚΟ
851 2646 955 2698 (non
976 2646 1040 2697 A)
1237 2645 1343 2684 Nam
1365 2647 1453 2685 chr.
1475 2659 1571 2696 agn.
1600 2646 1652 2684 Tl
1845 2647 1870 2683 8
1901 2652 1943 2684 et

199 2699 371 2751 (prim.)
394 2713 477 2740 om.
498 2698 544 2737 K
561 2701 665 2752 (non
684 2700 750 2753 A)
866 2713 915 2740 10
944 2699 1077 2751 idem]
1100 2700 1199 2738 item
1223 2700 1373 2753 C(non
1395 2701 1459 2752 A)
1573 2706 1748 2751 propter
1768 2714 1848 2740 om.
1872 2699 1949 2738 CT

198 2753 330 2806 quod]
351 2755 421 2803 qui
443 2753 494 2792 Cl
515 2754 632 2805 (quia
652 2754 723 2807 C2)
839 2767 887 2793 12
917 2755 1121 2805 figuratur
1141 2753 1188 2792 K
1296 2755 1368 2806 qui
1390 2755 1545 2807 usque]
1563 2756 1680 2795 cuius
1698 2754 1744 2792 K
1758 2756 1862 2807 <non
1874 2755 1939 2806 A)

202 2820 250 2857 13
281 2808 377 2860 seu]
399 2822 474 2848 sue
502 2808 539 2847 T
557 2809 638 2861 (tle.
658 2809 777 2861 suae)
864 2809 947 2858 Qui
969 2823 1062 2849 cum
1080 2809 1148 2847 B:
1169 2809 1279 2858 Quia
1300 2811 1396 2849 dum
1424 2810 1474 2849 Cl
1589 2812 1639 2849 16
1660 2811 1717 2850 fil.
1739 2809 1806 2847 dei
1827 2809 1940 2848 hom.

199 2862 239 2901 fi.
259 2862 345 2901 AB
366 2878 375 2902 z
396 2864 451 2902 fil.
471 2863 581 2902 hom.
601 2863 647 2902 K
665 2879 674 2903 :
694 2865 806 2903 hom.
822 2864 878 2903 fil.
896 2864 972 2903 CT
1103 2863 1209 2903 Inde
1229 2877 1296 2914 qu.
1323 2864 1410 2903 BT
1573 2878 1623 2915 19
1650 2865 1704 2903 ad
1725 2864 1942 2913 singulare

201 2915 251 2954 C1
415 2931 467 2958 20
497 2919 610 2957 enim
630 2932 714 2959 om.
735 2918 856 2958 AK:
885 2924 979 2959 ante
998 2919 1120 2959 form.
1154 2917 1191 2956 T
1314 2920 1382 2958 dei
1406 2920 1512 2959 deus
1533 2920 1585 2958 de
1614 2918 1664 2957 T2‘
1774 2919 1828 2958 de
1848 2919 1941 2970 ipso

201 2970 314 3010 B¹K1
478 2986 531 3023 23
562 2973 661 3024 quid
676 2979 759 3024 'pro
780 2986 864 3023 quo
885 2975 927 3013 A
1095 2973 1248 3013 dicitur
1275 2971 1312 3012 T
1473 2988 1525 3024 24
1536 2975 1640 3024 fort.
1662 2978 1704 3012 et
1725 2986 1871 3014 rursus
1891 2987 1943 3013 ea

201 3037 308 3075 quae
331 3027 409 3066 Dei
430 3033 530 3067 sunt
748 3040 799 3078 25
828 3029 998 3068 nomine
1019 3029 1065 3067 K
1311 3032 1363 3069 26
1394 3028 1463 3069 Sic
1487 3059 1496 3070 .
1521 3058 1529 3068 .
1557 3061 1563 3069 .
1586 3041 1772 3079 persona
1793 3041 1874 3069 om.
1899 3027 1944 3067 K

202 3079 254 3118 28
283 3081 425 3133 fieret]
446 3082 573 3122 fuerit
594 3082 634 3120 Α
691 3142 697 3146 ,
