2228 3444
462 105 1091 157 ETYMOLOGIARVM
1131 106 1258 152 LIB.
1300 106 1416 153 VII.
1457 103 1536 152 viii

126 247 240 302 lum,
280 243 356 290 vel
391 255 623 289 arcanum
665 236 868 286 Domini
904 236 1260 298 interpretatur.
1327 196 1610 297 ‘Vtrumque
1658 236 1722 284 ad
1758 250 1864 298 pro-

124 327 324 388 phetam
350 320 577 371 convenit
599 339 611 381 ;
646 319 738 382 ipsi
764 318 894 367 enim
921 317 1081 366 sciunt
1107 315 1335 380 mysteria
1369 315 1479 365 Dei.
1553 317 1700 365 Vnde
1727 324 1775 365 et
1798 317 1863 365 ad

125 405 352 456 Ezechiel
393 401 570 452 dicitur
606 400 808 466 (3,17):
860 400 1259 462 ‘Speculatorem
1303 406 1350 446 te
1392 398 1566 461 posui!
1639 400 1703 446 Et
1744 397 1862 446 alibi

124 487 301 553 (Amos
319 502 361 548 3,
385 483 432 549 7)
455 505 464 534 :
503 489 513 509 ‘
533 485 649 532 Non
685 482 828 531 faciet
856 481 1104 530 Dominus
1137 480 1419 544 quicquam,
1448 479 1542 529 nisi
1579 480 1863 530 revelaverit

75 587 96 626 5
123 570 270 619 servis
318 566 417 616 suis
462 564 745 629 prophetis.'
814 563 1004 613 Abdias
1047 580 1213 612 servus
1253 562 1473 611 Domini.
1547 562 1683 612 Sicut
1730 562 1862 611 enim
1887 574 1938 622 17

124 653 325 713 Moyses
362 650 572 697 famulus
610 646 814 696 Domini
851 655 898 695 et
933 646 1188 709 apostolus
1227 661 1393 693 servus
1434 643 1632 706 Christi,
1671 643 1738 693 ita
1773 645 1865 693 iste

122 731 307 792 legatus
343 728 406 775 ad
446 734 616 789 gentes
657 725 834 774 missus
869 723 1003 773 venit
1039 733 1087 772 et
1122 722 1384 786 praedicat,
1425 740 1553 785 quae
1590 724 1865 786 prophetali

122 810 271 873 digna
295 817 406 857 sunt
431 807 700 856 ministerio
725 816 773 856 et
797 806 1029 855 servitute
1052 826 1061 855 :
1099 806 1215 854 inde
1242 821 1406 853 servus
1436 803 1655 853 Domini.
1714 806 1864 853 Ionas
1890 805 1945 851 18

122 891 461 953 interpretatur
507 890 753 948 columba,
803 887 903 936 sive
959 888 1147 936 dolens.
1221 885 1472 936 Columba
1526 903 1616 949 pro
1662 886 1864 950 gemitu,

50 996 99 1024 10
123 973 322 1037 quando
358 971 408 1019 in
443 980 612 1020 ventre
648 970 744 1020 ceti
775 971 938 1019 triduo
963 969 1064 1017 fuit.
1140 970 1331 1017 Dolens
1363 977 1530 1018 autem
1563 970 1640 1018 vel
1669 978 1867 1032 propter

120 1054 376 1113 tristitiam,
405 1070 553 1116 quam
579 1053 752 1101 habuit
776 1054 838 1102 de
864 1054 1019 1101 salute
1039 1050 1384 1111 Ninivitarum,
1408 1053 1484 1101 vel
1503 1060 1701 1115 propter
1720 1053 1867 1100 hede-

120 1152 223 1184 ram
248 1135 411 1184 subito
436 1144 756 1195 arescentem,
783 1134 921 1184 cuius
954 1134 1244 1182 umbraculo
1275 1133 1532 1196 tegebatur
1555 1142 1726 1182 contra
1751 1135 1867 1182 solis

120 1219 360 1266 ardorem.
435 1218 549 1279 Ipse
591 1226 663 1266 est
702 1226 750 1265 et
798 1215 1014 1276 Amathi,
1060 1217 1358 1279 Sareptanae
1405 1214 1583 1265 viduae
1626 1214 1768 1274 filius,
1814 1223 1867 1263 ut
1891 1230 1951 1278 19

123 1299 294 1348 Iudaei
330 1299 607 1359 adfirmant,
646 1316 794 1361 quem
832 1297 1135 1347 resuscitavit
1175 1296 1365 1357 Helias,
1405 1306 1559 1346 matre
1595 1305 1768 1359 postea
1803 1297 1867 1345 ad

49 1405 96 1446 15
120 1398 234 1431 eum
270 1380 467 1430 dicente
498 1380 549 1446 (3
571 1383 691 1444 Reg.
719 1396 790 1442 17,
814 1381 894 1445 24)
921 1401 929 1430 ε
972 1381 1151 1428 ‘Nunc
1189 1378 1399 1442 cognovi
1429 1378 1544 1442 quia
1577 1378 1646 1426 vir
1682 1378 1777 1428 Dei
1815 1395 1866 1427 es

118 1473 185 1524 tu,
214 1473 262 1512 et
288 1462 493 1512 verbum
518 1463 611 1511 Dei
646 1462 695 1511 in
730 1479 813 1512 ore
847 1472 933 1511 tuo
963 1471 1035 1511 est
1070 1460 1314 1510 veritatis)
1387 1462 1470 1511 Ob
1503 1462 1631 1509 hanc
1665 1477 1865 1510 causam

119 1545 278 1609 ipsum
300 1561 506 1608 puerum
527 1545 730 1594 Amathi
751 1545 1033 1594 vocitatum.
1085 1545 1287 1592 Amathi
1314 1542 1447 1592 enim
1473 1560 1532 1593 ex
1554 1543 1790 1593 Hebraeo
1815 1543 1866 1591 in

121 1627 346 1676 Latinam
372 1627 589 1691 linguam
615 1627 790 1676 veritas
817 1627 994 1676 dicitur
1014 1646 1026 1687 3
1064 1624 1152 1692 [et]
1180 1643 1238 1675 ex
1263 1642 1323 1674 eo
1343 1627 1479 1688 quod
1500 1643 1669 1675 verum
1692 1626 1866 1675 Helias

119 1711 312 1758 locutus
333 1718 419 1769 est,
441 1709 534 1768 ille,
557 1709 640 1771 qui
667 1709 926 1758 suscitatus
947 1718 1034 1767 est,
1058 1708 1184 1756 filius
1210 1716 1523 1770 nuncupatus
1544 1717 1617 1757 est
1636 1708 1864 1758 veritatis.

50 1814 98 1842 20
120 1790 378 1839 Zacharias
404 1790 642 1839 memoria
663 1790 882 1839 Domini.
956 1789 1329 1853 Septuagesimo
1363 1789 1495 1839 enim
1522 1807 1654 1839 anno
1680 1793 1868 1840 desola-
1890 1806 1957 1842 20

118 1872 264 1921 tionis
301 1873 472 1936 templi
508 1874 755 1936 conpleto,
795 1871 1028 1920 Zacharia
1064 1871 1393 1935 praedicante,
1445 1881 1746 1921 memoratus
1794 1883 1867 1922 est

121 1954 366 2004 Dominus
390 1957 629 2019 populum
655 1970 813 2014 suum,
835 1953 1070 2015 iussuque
1089 1952 1227 2001 Darii
1252 1970 1470 2002 reversus
1495 1963 1568 2003 est
1594 1954 1690 2003 Dei
1715 1971 1868 2019 popu-

118 2037 208 2096 lus,
227 2045 275 2084 et
300 2038 667 2085 reaedificatum
688 2044 760 2083 est
780 2043 828 2083 et
848 2034 963 2082 urbs
990 2044 1038 2082 et
1063 2035 1316 2098 templum.
1369 2037 1596 2098 Aggaeus
1617 2035 1668 2084 in
1688 2036 1867 2086 Latino
1888 2053 1942 2088 21

120 2116 323 2165 festinus
353 2126 399 2166 et
436 2119 591 2166 laetus
628 2125 838 2165 resonat.
910 2117 1230 2164 Destructum
1261 2117 1394 2165 enim
1430 2119 1671 2180 templum
1702 2120 1867 2168 aedifi-

50 2220 96 2261 25
119 2200 334 2247 candum
360 2200 634 2262 prophetat,
657 2206 705 2246 et
730 2206 841 2261 post
867 2198 1055 2245 luctum
1076 2197 1369 2261 captivitatis
1395 2198 1709 2262 regressionis
1736 2199 1867 2248 laeti-

117 2280 234 2329 tiam
260 2280 521 2344 praedicat.
595 2278 868 2328 Malachias
893 2278 1235 2342 interpretatur
1252 2281 1453 2343 angelus
1477 2280 1696 2342 Domini,
1719 2281 1769 2330 id
1795 2291 1868 2330 est
1889 2295 1954 2330 22

119 2364 333 2412 nuntius.
407 2361 666 2424 Quidquid
703 2361 836 2410 enim
870 2361 1177 2424 loquebatur,
1206 2362 1345 2424 quasi
1380 2379 1409 2411 a
1444 2363 1666 2412 Domino
1703 2373 1867 2413 essent

175 2503 198 2527 2
219 2490 311 2539 ipse
331 2488 372 2526 Β
535 2488 766 2526 misterium
788 2487 833 2525 K
1023 2487 1121 2526 inde
1150 2487 1187 2525 T
1364 2490 1418 2528 ad
1441 2490 1513 2529 Ez.
1536 2489 1648 2528 KT:
1678 2492 1865 2530 ezechiel

123 2544 183 2583 C:
213 2542 416 2582 ezechieli
436 2542 478 2580 Β
642 2557 666 2591 4
697 2542 796 2581 facit
816 2541 862 2579 K
1025 2554 1050 2592 5
1082 2543 1275 2595 Domini]
1299 2543 1365 2582 dei
1386 2543 1432 2582 K
1606 2545 1737 2597 enim]
1760 2553 1802 2585 et
1823 2546 1869 2584 K

119 2601 145 2637 6
167 2597 359 2650 Domini]
376 2597 445 2636 dei
464 2597 505 2635 Β
617 2597 665 2636 is.
688 2597 795 2649 leg.]
817 2597 1088 2647 intellegatus
1111 2597 1160 2637 Cl
1272 2611 1294 2647 7
1317 2598 1434 2637 venit
1457 2598 1557 2638 ΘΚ
1572 2613 1580 2637 :
1599 2599 1714 2639 videt
1735 2600 1829 2639 BH
1834 2601 1872 2639 T

119 2654 145 2691 8
166 2652 352 2692 misterio
374 2651 430 2690 T:
451 2652 494 2689 in
511 2652 698 2690 misterio
714 2651 759 2689 K
869 2664 917 2691 10
946 2651 1043 2703 fuit]
1060 2652 1157 2691 fecit
1175 2650 1225 2690 C1
1333 2666 1398 2692 au.
1419 2654 1588 2703 quando
1604 2654 1672 2693 vel
1686 2667 1809 2705 prop.
1835 2655 1873 2693 T

123 2719 173 2756 13
203 2713 268 2746 est
288 2706 406 2746 Ama.
425 2705 471 2744 K
550 2705 616 2757 ut]
631 2712 673 2745 et
692 2706 734 2744 Β
848 2717 895 2756 15
925 2706 1042 2758 quia]
1064 2707 1179 2757 quod
1198 2706 1245 2744 K
1264 2707 1367 2760 (non
1388 2707 1452 2759 A)
1568 2711 1618 2747 16
1646 2711 1806 2749 veritas
1824 2710 1865 2748 Β

121 2762 224 2812 (non
244 2761 313 2814 A)
420 2761 474 2800 ob
494 2761 601 2799 hanc
624 2791 634 2802 .
659 2792 668 2801 .
691 2790 700 2799 .
722 2761 848 2801 vocit.
872 2775 955 2802 om.
976 2760 1045 2799 K:
1074 2761 1170 2801 Am.
1193 2774 1283 2801 voc.
1304 2775 1387 2802 om.
1404 2762 1445 2799 A
1564 2766 1612 2803 18
1643 2764 1722 2802 dic.
1746 2770 1789 2803 et
1810 2778 1865 2803 ex

121 2815 208 2854 ΒΚ
318 2827 366 2865 19
385 2815 540 2854 veritas
555 2814 596 2852 B
706 2828 759 2854 20
780 2817 890 2855 enim
911 2829 994 2857 om.
1020 2815 1057 2854 T
1161 2829 1213 2855 22
1231 2818 1388 2866 populo
1411 2830 1488 2856 suo
1507 2817 1615 2857 BT:
1635 2819 1777 2868 populi
1798 2821 1863 2858 sui

124 2870 159 2908 C
254 2882 307 2920 23
327 2868 477 2911 reedif.
491 2870 589 2909 urbs
609 2868 659 2908 T1
681 2884 689 2909 :
706 2870 851 2910 reedif.
873 2877 938 2910 est
958 2871 1058 2910 urbs
1085 2870 1136 2909 T²
1154 2884 1162 2909 ε
1182 2871 1455 2912 reaedificata
1471 2873 1590 2912 urbis
1607 2872 1675 2924 (ut
1689 2872 1789 2925 vid.)
1813 2873 1864 2913 C1

122 2935 173 2973 24
203 2924 379 2964 festivus
399 2923 441 2962 Β
577 2936 629 2974 25
659 2926 887 2976 prophetet
916 2925 953 2964 T
1074 2925 1169 2964 laet.
1193 2926 1312 2976 pred.
1336 2927 1591 2966 reversionis
1612 2925 1658 2964 K
1674 2927 1778 2979 (non
1798 2929 1862 2981 A)

123 2979 175 3015 26
201 2991 295 3028 ang.
321 2979 440 3019 Dom.
462 2979 536 3020 int.
559 2978 605 3017 K
624 2980 726 3030 (non
748 2979 809 3031 A)
975 2981 1018 3020 id
1039 2986 1103 3020 est
1124 2993 1218 3020 nun.
1240 2993 1321 3021 om.
1347 2981 1394 3020 K
1413 2982 1516 3034 (non
1538 2981 1601 3032 A)

946 3111 1029 3144 U2
