2176 3424
1053 305 1267 351 LIBER
1304 304 1398 350 XV

726 436 833 486 DE
874 433 1313 485 AEDIFICIIS
1356 432 1456 483 ET
1496 431 1738 485 AGRIS

318 578 334 617 1
496 573 578 619 DE
611 585 951 619 elvlTATfflvs.
1025 572 1103 618 De
1135 568 1416 618 auctoribus
1450 567 1760 617 conditarum
1786 568 1980 617 urbium
2006 569 2104 631 ple-

359 670 566 717 rumque
592 651 834 702 dissensio
866 652 1124 711 invenitur,
1152 652 1279 700 adeo
1312 660 1366 698 ut
1390 667 1482 699 nec
1515 649 1647 699 urbis
1682 649 1884 713 quidem
1910 652 2104 699 Romae

359 735 495 798 origo
520 734 675 798 possit
700 733 959 798 diligenter
990 731 1205 797 agnosci.
1280 734 1410 781 Nam
1438 730 1693 780 Sallustius
1727 730 1846 780 dicit
1870 730 2001 795 (Cat.
2022 730 2073 795 6)
2096 750 2104 779 ε

363 818 577 867 ‘Vrbem
622 819 851 877 Romam,
897 815 1041 865 sicuti
1082 831 1174 878 ego
1214 815 1397 877 accepi,
1443 814 1658 863 condere
1698 822 1846 877 atque
1886 812 2106 862 habitare

362 900 502 950 initio
527 899 729 950 Troiani
755 909 803 949 et
828 916 942 948 cum
969 897 1042 946 his
1068 895 1394 960 Aborigines.'
1447 895 1545 944 Alii
1570 895 1743 945 dicunt
1767 896 1830 944 ab
1858 896 2104 954 Evandro,
2131 909 2152 948 5

362 985 637 1034 secundum
663 984 800 1046 quod
824 980 1068 1044 Vergilius
1095 978 1243 1044 (Aen.
1263 981 1305 1038 8,
1326 977 1444 1042 313)
1466 997 1475 1026 z

580 1068 726 1114 Tunc
762 1081 844 1113 rex
881 1064 1141 1112 Evandrus
1180 1063 1439 1109 Romanae
1476 1059 1703 1109 conditor
1738 1057 1876 1108 arcis.

365 1149 462 1198 Alii
487 1167 516 1198 a
542 1150 775 1207 RomuIO,
806 1156 858 1195 ut
883 1145 1035 1211 (Virg.
1056 1147 1180 1193 Aen.
1202 1148 1244 1205 6,
1269 1142 1385 1207 781)
1406 1162 1415 1191 ε

603 1234 682 1280 En
718 1229 879 1290 huius,
918 1238 1047 1288 nate,
1085 1226 1317 1290 auspiciis
1354 1226 1436 1274 illa
1471 1225 1638 1274 inclita
1675 1226 1851 1272 Roma.

311 1328 341 1362 2
365 1314 414 1364 Si
440 1314 584 1378 igitur
608 1322 774 1363 tantae
807 1310 1014 1360 civitatis
1049 1319 1181 1358 certa
1206 1308 1327 1358 ratio
1361 1324 1463 1357 non
1495 1315 1710 1371 apparet,
1739 1322 1841 1354 non
1867 1306 2042 1353 mirum
2069 1301 2108 1352 si
2135 1321 2176 1349 1c

363 1397 414 1445 in
439 1396 643 1446 aliarum
670 1394 906 1458 opinione
931 1391 1197 1442 dubitatur.
1270 1392 1419 1439 Vnde
1444 1406 1536 1438 nec
1569 1387 1828 1438 historicos
1853 1403 1947 1435 nec
1980 1402 2109 1434 com-

364 1489 662 1529 mentatores
688 1476 819 1526 varia
843 1475 1065 1525 dicentes
1091 1475 1315 1537 imperite
1348 1474 1680 1522 condemnare
1712 1470 1968 1529 debemus,
1997 1467 2113 1532 quia

364 1561 631 1625 antiquitas
675 1560 780 1623 ipsa
823 1557 1003 1607 creavit
1046 1573 1273 1606 errorem.
1354 1557 1482 1604 Sane
1526 1555 1781 1617 quasdam,
1827 1553 1889 1601 de
1932 1549 2111 1614 quibus

366 1656 449 1696 aut
483 1654 679 1695 sanctae
714 1641 991 1705 Scripturae
1024 1649 1108 1688 aut
1141 1637 1371 1687 historiae
1404 1636 1625 1701 gentium
1659 1646 1842 1685 certam
1875 1634 2112 1698 originem

316 1730 595 1791 3referunt‚
641 1724 809 1789 paucis
852 1723 1126 1772 admodum
1169 1719 1329 1770 verbis
1371 1729 1586 1768 retexere
1627 1726 1835 1782 oportet.
1921 1714 2113 1763 Primus
2141 1731 2172 1771 12

369 1821 484 1860 ante
520 1808 761 1859 diluvium
805 1805 932 1857 Cain
973 1803 1220 1853 civitatem
1259 1803 1436 1850 Enoch
1478 1818 1537 1849 ex
1579 1798 1781 1849 nomine
1821 1797 1905 1846 filii
1949 1796 2023 1846 sui
2065 1795 2114 1844 in

372 1893 505 1943 Naid
538 1889 774 1949 condidit,
804 1903 954 1951 quam
988 1886 1160 1934 urbem
1195 1886 1299 1932 sola
1331 1881 1647 1931 multitudine
1673 1896 1790 1929 suae
1821 1878 2116 1943 posteritatis

315 1987 348 2033 4
373 1975 605 2039 implevit.
680 1970 872 2020 Primus
901 1978 1012 2033 post
1037 1966 1277 2018 diluvium
1304 1964 1583 2014 Nembroth
1610 1962 1778 2027 gigans
1807 1961 2113 2025 Babylonem

372 2058 546 2106 urbem
606 2053 1003 2117 Mesopotamiae
1062 2048 1298 2099 fundavit.
1403 2049 1554 2095 Hanc
1612 2043 1891 2094 Semiramis
1951 2040 2116 2104 regina

374 2137 684 2202 Assyriorum
740 2134 1005 2198 ampliavit,
1056 2147 1350 2193 murumque
1398 2127 1530 2176 urbis
1579 2126 1822 2175 bitumine
1869 2133 1916 2172 et
1972 2131 2117 2171 cocto
2143 2137 2176 2164 2·-

372 2224 522 2270 latere
547 2219 675 2268 fecit.
749 2216 1061 2266 Vocabulum
1088 2223 1253 2262 autem
1279 2209 1487 2273 sumpsit
1511 2227 1539 2257 a
1564 2207 1868 2266 confusione,
1896 2222 1956 2255 eo
1982 2205 2118 2268 quod

374 2303 442 2352 ibi
468 2303 703 2351 confusae
729 2299 826 2349 sint
849 2307 998 2361 atque
1018 2294 1285 2360 permixtae
1308 2292 1503 2356 linguae
1528 2288 1894 2340 aedificantium
1920 2297 2118 2336 turrem.

323 2400 354 2449 5
377 2386 551 2436 Iudaei
583 2391 806 2433 asserunt
839 2382 968 2440 Sem,
997 2377 1152 2426 filium
1186 2378 1311 2436 Noe,
1339 2391 1487 2438 quem
1522 2372 1694 2422 dicunt
1729 2368 2116 2426 Melchisedech,

377 2468 590 2533 primum
628 2474 741 2529 post
781 2461 1021 2513 diluvium
1058 2459 1109 2507 in
1145 2457 1279 2522 Syria
1320 2455 1603 2505 condidisse
1644 2453 1817 2501 urbem
1854 2452 2030 2509 Salem,
2068 2448 2118 2496 in

379 2565 478 2612 qua
513 2564 718 2611 regnum
743 2545 835 2595 fuit
863 2544 1086 2594 eiusdem
1114 2538 1501 2589 Melchisedech.
1576 2537 1726 2584 Hanc
1758 2542 1929 2597 postea
1953 2542 2120 2581 tenue·
2141 2544 2176 2582 πε

435 2691 459 2718 2
489 2676 590 2729 nec]
607 2690 660 2715 ne
688 2674 724 2715 T
738 2675 850 2728 (cum
870 2673 987 2713 Serv.
1014 2671 1072 2711 ad
1088 2671 1196 2711 Aen.
1219 2683 1255 2720 7,
1274 2668 1375 2718 678)
1533 2678 1558 2714 4
1588 2663 1756 2704 condire
1776 2661 1833 2700 B1
1852 2677 1860 2702 :
1893 2660 2121 2700 condidere

385 2735 420 2774 C
438 2735 550 2786 (cum
570 2732 705 2782 Serv.)
819 2730 1062 2768 habitavere
1086 2726 1121 2765 C
1245 2735 1270 2774 5
1298 2721 1424 2760 inini.
1440 2720 1481 2759 Β
1590 2720 1642 2759 ab
1662 2717 1828 2768 origine
1843 2715 1889 2754 K
1894 2714 1986 2754 TB2
2002 2716 2120 2767 (-ne*

383 2789 460 2842 El)
599 2789 626 2826 6
655 2799 744 2825 sec.
762 2798 869 2834 quos
891 2784 1002 2834 quod
1023 2781 1072 2820 C1
1091 2796 1099 2820 :
1127 2793 1207 2819 sec.
1230 2790 1339 2828 quos
1357 2776 1475 2816 Serv.
1617 2788 1638 2823 7
1670 2786 1813 2812 romae
1835 2771 1885 2810 Cl
2023 2771 2048 2808 8
2077 2774 2122 2807 ut
2168 2785 2171 2787 >

382 2844 571 2894 virgilius
588 2856 642 2882 en
658 2842 693 2881 C
799 2853 826 2889 9
847 2839 999 2878 ennius
1019 2837 1145 2876 huius
1158 2847 1257 2874 narn
1271 2845 1388 2882 ausp.
1402 2829 1449 2868 K
1559 2829 1696 2868 Roma
1716 2841 1800 2867 om.
1816 2825 1863 2864 K
1973 2837 2022 2862 10
2041 2822 2122 2874 ig.]

383 2905 525 2938 autem
551 2896 589 2936 T
691 2900 836 2935 tantae
856 2907 937 2932 om.
958 2889 1005 2930 K
1111 2895 1228 2930 creta
1247 2886 1289 2926 Β
1402 2898 1446 2924 11
1478 2885 1654 2924 aliorum
1677 2881 1758 2923 CK
1886 2892 1934 2918 12
1963 2878 2122 2917 variam

384 2954 425 2991 Β
560 2950 798 3002 imperitiae
822 2948 856 2988 C
873 2951 986 2998 (cum
1005 2945 1146 2996 Serv.)
1331 2954 1378 2991 13
1409 2939 1567 2980 creabit
1603 2938 1640 2976 T
1821 2948 1868 2984 14
1898 2938 2057 2972 cretam
2082 2930 2125 2970 B

389 3010 437 3046 16
466 3009 508 3047 in
533 3005 663 3058 Naid]
684 3006 727 3044 in
747 3004 861 3043 india
881 3001 1006 3041 BCK
1023 3015 1034 3041 ε
1053 3000 1169 3039 india
1189 2997 1225 3037 T
1361 3009 1407 3045 17
1438 3007 1543 3045 quae
1559 3005 1620 3032 ur.
1638 2991 1695 3030 Β1
1865 2988 1913 3026 18
1941 2986 2124 3028 nebroth

387 3063 484 3102 CT:
516 3061 710 3102 nebrodh
731 3057 777 3098 K
939 3070 991 3096 22
1021 3061 1118 3096 sunt
1140 3054 1174 3093 C
1337 3063 1388 3100 24
1418 3063 1507 3100 reg.
1529 3049 1572 3087 in
1593 3059 1676 3097 qua
1698 3045 1732 3085 C
2171 3044 2176 3069 Ξ
