2176 3424
1043 119 1314 169 ISIDORI

177 245 236 291 16
262 254 347 304 est,
378 261 506 307 quae
531 246 768 295 fervendo
792 247 856 295 ad
883 248 1076 295 tertiam
1107 247 1306 296 redacta
1342 249 1669 299 descenderit.
1741 250 1904 300 Sicera
1937 257 2009 297 est

259 325 422 374 omnis
459 326 596 390 potio
633 343 761 390 quae
798 337 931 376 extra
968 327 1137 375 vinum
1174 326 1417 378 inebriare
1453 339 1631 392 potest.
1703 330 1859 381 Cuius
1895 329 2008 379 licet

257 424 443 457 nomen
474 409 766 457 Hebraeum
798 418 886 470 est,
911 418 1078 458 tamen
1113 409 1347 459 Latinum
1382 421 1524 460 sonat
1559 429 1649 476 pro
1682 429 1743 462 eo
1775 414 1912 476 quod
1948 429 2004 461 ex

256 506 376 538 suco
402 490 635 539 frumenti
659 493 737 540 vel
770 508 1034 555 pomorum
1061 493 1363 552 conficiatur,
1390 503 1475 541 aut
1511 496 1783 557 palmarum
1821 496 2006 543 fructus

255 570 305 619 in
350 571 592 634 liquorem
636 573 987 636 exprimantur,
1024 573 1276 636 coctisque
1325 574 1545 638 frugibus
1592 593 1722 638 aqua
1762 576 2002 640 pinguior,
2026 604 2048 643 5

179 671 230 718 17
255 653 394 716 quasi
420 671 581 714 sucus,
611 656 815 716 colatur,
841 665 889 704 et
913 655 1020 718 ipsa
1044 655 1182 718 potio
1208 656 1361 711 sicera
1386 668 1711 721 nuncupatur.
1785 658 2004 708 Cervisia

252 751 280 783 a
321 737 512 796 Cerere,
554 736 605 785 id
648 746 721 786 est
758 739 893 800 fruge
929 747 1137 798 vocata,
1174 748 1246 787 est
1283 740 1415 787 enim
1455 739 1593 802 potio
1635 757 1693 788 ex
1731 739 2001 789 seminibus

171 818 228 865 18
253 818 484 866 frumenti
511 818 644 867 vario
670 820 823 868 modo
844 821 1084 868 confecta.
1137 820 1307 870 Caelia
1325 837 1353 869 a
1372 823 1709 871 calefaciendo
1733 824 1977 885 appellata
1989 841 2001 883 3

250 909 322 948 est
348 899 480 948 enirn
507 900 645 963 potio
671 918 728 949 ex
766 917 886 949 suco
923 901 1068 950 tritici
1105 918 1190 964 per
1224 911 1379 951 artem
1417 905 1654 952 confecta.
1729 906 2000 952 Suscitatur

246 978 380 1027 enim
407 978 519 1042 igne
544 980 626 1027 illa
650 979 721 1028 vis
746 979 978 1043 germinis
1004 982 1313 1030 madefactae
1333 981 1480 1045 frugis
1506 999 1563 1030 ac
1589 982 1772 1031 deinde
1789 982 1998 1031 siccatur
2025 1013 2072 1040 10

245 1070 292 1108 et
318 1071 427 1123 post
454 1060 502 1109 in
524 1060 729 1109 farinam
748 1063 946 1110 redacta
966 1062 1102 1110 molli
1128 1079 1248 1112 suco
1265 1063 1565 1124 admiscitur,
1585 1081 1685 1127 quo
1701 1066 1995 1114 fermentato

244 1159 389 1205 sapor
420 1143 716 1192 austeritatis
747 1153 794 1192 et
825 1146 958 1192 calor
988 1143 1236 1192 ebrietatis
1269 1144 1490 1193 adicitur.
1566 1147 1709 1207 Quae
1746 1147 1800 1194 fit
1832 1145 1883 1194 in
1918 1147 1993 1196 his

243 1224 463 1287 partibus
491 1224 767 1288 Hispaniae
797 1225 936 1274 cuius
971 1227 1101 1274 ferax
1134 1226 1231 1274 vini
1266 1228 1404 1275 locus
1431 1244 1532 1276 non
1558 1236 1648 1276 est.
1719 1229 1818 1275 Fex
1844 1225 1989 1286 dicta,

156 1320 216 1368 19
242 1308 378 1368 quod
405 1323 511 1356 sese
537 1307 664 1355 vasis
690 1308 991 1370 emergendo
1015 1309 1212 1371 adfigat.
1286 1309 1473 1357 Garum
1500 1319 1572 1358 est
1596 1308 1757 1372 liquor
1779 1307 1989 1371 piscium

239 1389 408 1448 salsus,
438 1388 521 1451 qui
547 1388 665 1437 olim
692 1388 1049 1438 conficiebatur
1074 1405 1131 1437 ex
1152 1388 1286 1453 pisce
1313 1408 1461 1452 quem
1481 1392 1654 1440 Graeci
1681 1393 1826 1457 γάρον
1850 1407 1990 1439 voca-
2017 1417 2062 1458 15

237 1469 391 1530 bant,
427 1479 475 1518 et
500 1470 725 1533 quamvis
751 1487 885 1519 nunc
911 1487 968 1519 ex
1006 1470 1200 1519 infinito
1224 1489 1402 1534 genere
1433 1472 1642 1535 piscium
1677 1474 1773 1532 fiat,
1803 1488 1987 1520 nomen

145 1568 213 1604 20
237 1560 405 1600 tamen
443 1551 704 1614 pristinum
748 1551 923 1600 retinet
964 1570 993 1601 a
1032 1570 1132 1616 quo
1174 1552 1368 1602 initium
1411 1554 1634 1618 sumpsit.
1710 1555 1986 1618 Liquamen

235 1633 424 1682 dictum
445 1650 504 1682 eo
524 1635 661 1696 quod
681 1634 829 1682 soluti
849 1633 899 1682 in
919 1636 1219 1684 salsamento
1238 1635 1461 1698 pisciculi
1481 1639 1697 1685 eundern
1723 1639 1983 1687 humorem

228 1716 432 1779 liquant.
503 1715 658 1766 Cuius
695 1715 855 1779 liquor
891 1719 1165 1780 appellatur
1202 1720 1396 1782 salsugo
1425 1721 1501 1768 vel
1538 1721 1707 1768 muria.
1780 1722 1982 1784 Proprie

225 1804 391 1844 autem
430 1797 587 1846 muria
624 1797 804 1846 dicitur
839 1815 967 1860 aqua
1005 1801 1104 1847 sale
1141 1799 1420 1860 commixta,
1450 1803 1722 1864 effectaque
1757 1813 1902 1866 gustu
1928 1804 1979 1852 in
2005 1828 2055 1855 20

147 1896 201 1929 21
227 1879 434 1926 modum
453 1878 611 1928 maris.
671 1881 827 1928 Sucus
848 1879 969 1929 dicti
985 1882 1121 1943 quod
1143 1898 1287 1930 sacco
1305 1882 1649 1945 exprimantur,
1672 1893 1724 1933 ut
1741 1884 1977 1947 ptisanae.

229 1958 440 2021 Ptisana,
471 1978 621 2022 zema,
648 1979 884 2026 apozema
909 1963 1099 2012 Graeca
1124 1963 1368 2012 vocabula
1393 1974 1520 2014 sunt.

147 2048 204 2088 IV
365 2044 447 2090 DE
485 2058 626 2091 VAS1s
665 2059 912 2093 ESCARns.
985 2047 1119 2093 Vasa
1147 2044 1280 2094 dicta
1312 2062 1341 2094 a
1374 2048 1637 2109 vescendo,
1665 2050 1802 2110 quod
1836 2048 1885 2097 in
1919 2067 1977 2098 ea

225 2139 366 2172 escae
391 2126 722 2188 adponantur.
794 2126 950 2176 Cuius
977 2126 1326 2176 diminutivum
1359 2131 1568 2189 vascula,
1597 2131 1735 2192 quasi
1762 2133 1971 2180 vescula.

168 2223 197 2257 2
225 2205 415 2254 Fictilia
445 2205 578 2255 dicta
615 2209 751 2270 quod
783 2209 901 2256 fiant
937 2218 984 2257 et
1015 2209 1259 2271 fingantur
1292 2226 1349 2258 ex
1384 2220 1522 2260 terra.
1596 2211 1802 2275 Fingere
1839 2213 1972 2262 enim
1997 2237 2044 2276 25

220 2295 294 2334 est
319 2288 493 2346 facere,
520 2289 730 2337 formare
755 2299 803 2337 et
829 2290 1086 2352 plasmare,
1109 2292 1242 2339 unde
1267 2300 1315 2339 et
1341 2291 1474 2354 figuli
1500 2291 1744 2342 dicuntur.
1798 2297 1862 2343 Et
1887 2313 1970 2345 vas

277 2429 293 2454 1
326 2417 456 2468 quae]
477 2419 548 2468 qui
578 2419 615 2457 T
684 2432 708 2457 2
738 2420 840 2458 libet
860 2419 918 2457 Bl
993 2434 1018 2470 3
1051 2426 1116 2458 est
1140 2419 1282 2475 ngsit
1298 2421 1413 2460 BK:
1442 2423 1476 2461 si
1507 2422 1543 2460 T
1612 2437 1636 2472 4
1663 2425 1965 2465 frumentorum

215 2470 286 2510 K:
315 2471 512 2511 fermenti
533 2472 619 2510 ΒΤ
749 2474 799 2513 fr.
824 2480 866 2513 et
888 2487 1001 2524 pom.
1022 2475 1068 2513 K
1207 2475 1299 2527 aut]
1321 2483 1368 2516 ut
1395 2475 1433 2514 T
1590 2489 1616 2527 5
1646 2479 1907 2530 exprimatur
1925 2480 1973 2519 K

215 2527 241 2563 6
271 2538 394 2565 sucas
415 2527 472 2565 3²
607 2528 742 2567 sicere
758 2528 799 2566 Β
938 2528 1212 2584 Cervisa:BC
1216 2530 1254 2568 T
1387 2544 1408 2580 7
1440 2545 1464 2570 a
1486 2545 1584 2571 cere
1600 2532 1658 2570 Bl
1795 2536 1821 2573 8
1850 2535 1966 2575 celia

212 2579 404 2620 BCTU:
453 2581 582 2620 Celea
621 2582 710 2620 ΚΝ
853 2597 878 2633 9
908 2590 1078 2634 perarte
1117 2585 1158 2622 B
1318 2598 1367 2625 10
1397 2586 1711 2641 igneajssBTU:
1757 2602 1838 2629 om.
1880 2589 1971 2627 ΚΝ

213 2635 356 2684 fruges
376 2636 417 2674 Β
622 2637 779 2677 siccata
802 2638 836 2676 C
1029 2652 1075 2677 11
1118 2652 1222 2679 sucu
1244 2641 1354 2680 adm.
1376 2640 1423 2678 K
1622 2642 1726 2695 quo]
1749 2645 1861 2693 quod
1882 2643 1971 2682 KT

213 2689 421 2730 fermenta
441 2689 499 2728 Βι
522 2705 531 2730 :
563 2691 768 2730 fermento
793 2691 911 2732 Oros.
937 2693 1048 2734 Hist.
1070 2708 1109 2746 5,
1130 2708 1166 2746 7,
1189 2707 1236 2743 14
1353 2707 1399 2733 12
1429 2708 1582 2746 sapore
1603 2695 1644 2733 Β
1758 2710 1805 2746 13
1838 2697 1960 2749 Hisp.

213 2750 321 2793 part.
346 2744 381 2783 C
510 2758 557 2796 15
586 2747 701 2796 greci
722 2747 894 2795 cigaron
920 2747 968 2786 C1
1103 2750 1151 2787 18
1180 2750 1292 2798 quod
1311 2762 1361 2787 ex
1378 2763 1501 2799 quam
1522 2751 1617 2804 ΒΞ
1661 2751 1899 2805 [salmento
1919 2752 1966 2790 K

211 2799 361 2847 pisculi
403 2799 483 2838 CK
667 2814 715 2851 19
761 2802 951 2852 linquant
989 2802 1081 2841 Bc1
1233 2804 1399 2843 salsuco
1439 2803 1486 2842 K
1677 2819 1730 2844 20
1758 2807 1891 2846 mixta
1930 2808 1966 2846 C

211 2865 259 2890 21
292 2854 420 2892 modo
448 2854 489 2892 Β
641 2868 724 2894 mo.
760 2870 870 2906 aque
905 2870 984 2897 ma.
1026 2858 1063 2895 T
1210 2865 1255 2897 ut
1289 2859 1452 2898 tisanae
1485 2859 1555 2899 B:
1596 2866 1640 2898 ut
1670 2861 1863 2910 tipsanae
1898 2861 1959 2901 C:

210 2914 254 2944 ut
275 2907 411 2947 tisane
432 2907 478 2945 K
484 2909 521 2946 T
537 2910 552 2961 (
560 2916 639 2960 pro
665 2909 835 2961 πτισάνη
852 2912 884 2962 3)
1100 2926 1152 2951 22
1181 2912 1339 2952 Tisane
1361 2913 1447 2951 ΒΤ
1459 2914 1679 2967 εέΤίεειεῐιε
1699 2915 1745 2953 K
1760 2930 1768 2954 :
1798 2928 1904 2955 sane
1928 2917 1963 2955 C

207 2962 536 3053 apozimaKBCT
683 2978 734 3015 23
764 2965 896 3016 quod]
912 2967 1010 3015 quia
1026 2966 1066 3004 Β
1217 2970 1270 3006 26
1300 2973 1363 3007 est
1379 2966 1480 3007 BC:
1512 2975 1553 3007 et
1572 2971 1654 3019 (est
1671 2969 1703 3020 2>
1729 2970 1786 3008 T:
1816 2984 1897 3010 om.
1916 2971 1962 3009 K

206 3029 274 3055 un.
328 3030 364 3065 g.
