2176 3424
0 2477 41 2555 ὲ

463 149 1092 198 ETYMOLOGIARVM
1132 150 1262 197 LIB.
1300 151 1438 197 XIV.
1477 149 1523 198 vi

124 284 344 333 omnium
372 285 638 334 insularum
661 285 1039 346 rotundissima3
1066 288 1199 336 unde
1216 295 1264 336 et
1283 295 1582 350 nuncupata.
1639 286 1863 336 Historia
1886 298 1957 345 29

124 365 242 415 dicit
290 385 348 416 ex
397 366 633 434 Ias(i>one
676 378 846 418 natum
888 368 1037 419 fuisse
1080 368 1411 418 Philomelum
1453 378 1501 418 et
1547 369 1760 429 Plutum,
1807 386 1865 417 ex

123 448 400 499 Philomelo
435 453 729 500 Pareantum
762 450 997 515 genitum,
1025 451 1110 515 qui
1146 452 1210 501 de
1245 468 1334 500 suo
1368 452 1570 500 nomine
1603 452 1765 499 Paron
1800 451 1869 498 in-

122 532 278 579 sulam
299 531 347 580 et
362 531 601 596 oppidum
621 532 910 597 appellavit:
938 534 1070 597 prius
1090 542 1255 582 autem
1277 531 1484 593 Minoia,
1508 531 1692 582 deinde
1712 533 1865 581 Paros

77 628 100 668 5
124 611 267 662 dicta.
343 616 420 663 De
446 630 543 678 qua
568 615 809 679 Vergilius
837 614 982 680 (Aen.
1009 633 1052 679 3,
1078 615 1194 681 126)
1217 635 1226 665 z

465 762 468 763 ⁷
727 698 1039 762 Niveamque
1076 702 1254 748 Paron.

123 777 292 841 Gignit
334 780 465 827 enim
515 796 727 829 marmor
774 779 1198 840 candidissimum,
1244 781 1380 843 quod
1430 778 1626 828 Parium
1676 778 1866 828 dicunt.

125 858 279 908 Mittit
305 869 352 909 et
377 863 569 910 sardam
603 861 818 925 lapidem
857 862 1181 912 marmoribus
1212 863 1415 926 quidem
1442 860 1861 925 praestantiorem,

124 949 172 989 et
197 940 321 990 inter
344 958 562 1006 gemmas
589 942 892 993 vilissimum.
967 944 1120 995 Chios
1142 944 1301 993 insula
1322 945 1439 1007 Syra
1464 942 1628 1007 lingua
1654 943 1865 1007 appella·
1888 952 1956 1000 30

53 1040 101 1069 10
124 1030 200 1070 tur
236 1040 295 1072 eo
332 1026 467 1087 quod
504 1024 572 1074 ibi
609 1025 783 1074 mastix
819 1025 1056 1090 gignitur;
1096 1025 1201 1090 Syri
1238 1025 1369 1076 enim
1409 1024 1663 1074 masticem
1698 1023 1865 1073 ‘chio'

123 1114 314 1153 vocant.
387 1108 559 1155 Samos
590 1106 748 1156 insula
782 1116 854 1156 est
885 1107 935 1156 in
969 1107 1088 1156 mari
1114 1110 1298 1171 Aegeo,
1317 1107 1414 1156 vubi
1448 1116 1565 1156 nata
1594 1116 1667 1156 est
1700 1109 1829 1155 Iuno
1852 1122 1863 1165 3
1888 1117 1942 1163 31

123 1204 180 1235 ex
206 1204 303 1251 qua
322 1187 411 1236 fuit
441 1188 625 1252 Sibylla
658 1189 822 1238 Samia
848 1200 896 1240 et
932 1192 1243 1255 Pythagoras
1278 1191 1487 1251 Samius,
1516 1206 1544 1238 a
1571 1207 1671 1253 quo
1709 1188 1865 1252 philo-

123 1268 325 1332 sophiae
354 1287 537 1320 nomen
567 1271 822 1321 inventum
854 1281 942 1322 est.
1014 1273 1071 1320 In
1107 1274 1201 1321 hac
1236 1272 1397 1321 insula
1435 1280 1625 1335 reperta
1651 1271 1784 1335 prius
1817 1271 1866 1318 fi-

123 1351 253 1400 ctilia
278 1369 391 1401 vasa
417 1355 699 1413 traduntur;
738 1355 871 1404 unde
897 1364 944 1404 et
970 1372 1084 1404 vasa
1110 1356 1274 1404 Samia
1297 1356 1541 1418 appellata
1561 1361 1689 1402 sunt.
1752 1351 1866 1401 Sici-
1889 1361 1951 1408 32

52 1447 99 1489 15
122 1432 185 1482 lia
209 1451 238 1483 a
263 1434 441 1485 Sicano
467 1452 578 1500 rege
604 1436 798 1486 Sicania
823 1437 1173 1502 cognominata
1193 1447 1278 1498 est,
1302 1436 1485 1486 deinde
1510 1453 1539 1484 a
1563 1435 1727 1485 Siculo
1756 1434 1866 1483 Itali

123 1517 265 1566 fratre
302 1517 478 1567 Sicilia.
552 1517 691 1567 Prius
725 1528 891 1568 autem
922 1519 1176 1568 Trinacria
1208 1518 1341 1568 dicta
1370 1527 1569 1582 propter
1605 1519 1697 1567 tria
1734 1519 1865 1581 ἄκρα,

124 1597 174 1648 id
199 1609 271 1648 est
298 1602 661 1664 promontoria:
700 1603 944 1661 Pelorum,
975 1603 1248 1650 Pachinum
1271 1611 1317 1651 et
1338 1600 1643 1664 Lilybaeum.
1700 1598 1870 1648 Trina-

124 1681 222 1730 cria
247 1683 378 1731 enim
410 1685 655 1733 Graecum
688 1693 773 1744 est,
802 1685 938 1748 quod
965 1683 1139 1733 Latine
1171 1683 1405 1747 triquetra
1431 1682 1622 1743 dicitur,
1652 1681 1791 1746 quasi
1817 1680 1868 1729 in

125 1772 219 1812 tres
236 1766 446 1828 quadras
464 1764 631 1814 divisa.
673 1768 817 1816 Haec
832 1767 895 1815 ab
914 1766 1056 1815 Italia
1072 1765 1248 1830 exiguo
1264 1767 1387 1815 fretu
1405 1765 1631 1826 discreta,
1645 1763 1866 1813 Africum

53 1863 103 1893 20
127 1862 258 1895 mare
293 1858 627 1911 prospectans,
656 1848 791 1897 terris
826 1848 1065 1912 frugifera,
1092 1865 1213 1898 auro
1246 1849 1523 1907 abundans,
1552 1846 1772 1896 cavernis
1803 1855 1869 1895 ta-

126 1945 240 1977 men
266 1938 313 1978 et
339 1931 510 1979 fistulis
537 1930 866 1994 penetrabilis,
895 1930 1152 1995 ventisque
1183 1939 1230 1980 et
1262 1931 1494 1994 sulphure
1520 1931 1695 1993 plena3
1734 1930 1868 1978 unde

125 2020 173 2060 et
206 2010 274 2060 ibi
301 2013 525 2062 Aethnae
560 2012 741 2062 montis
776 2022 941 2062 extant
978 2012 1222 2062 incendia.
1299 2015 1359 2061 In
1391 2011 1530 2060 cuius
1557 2013 1682 2061 fretu
1709 2013 1868 2074 Scylla

125 2103 199 2143 est
223 2102 270 2142 et
297 2094 586 2158 Charybdis,
615 2095 794 2159 quibus
820 2094 1011 2158 navigia
1036 2103 1120 2144 aut
1145 2095 1478 2144 absorbuntur
1502 2104 1586 2144 aut
1611 2093 1868 2143 conlidun-

126 2185 213 2224 tur.
288 2175 400 2225 Fuit
429 2186 594 2226 autem
628 2178 882 2241 quondam
917 2176 1071 2241 patria
1101 2178 1394 2241 Cyclopum,
1423 2186 1470 2227 et
1499 2186 1672 2241 postea
1705 2175 1866 2225 nutrix
1889 2187 1952 2235 33

54 2267 103 2313 25
127 2267 441 2320 tyrannorum
461 2277 472 2319 ;
510 2260 702 2323 frugum
738 2258 921 2320 fertilis,
949 2276 1006 2308 ac
1043 2258 1255 2322 primum
1293 2258 1428 2308 terris
1465 2258 1698 2308 omnibus
1735 2275 1867 2306 com-

126 2339 285 2390 missis
315 2341 584 2391 seminibus
614 2351 772 2390 aratro
806 2341 1062 2406 proscissa.
1135 2340 1414 2405 Principem
1447 2341 1643 2390 urbium
1670 2341 1870 2403 Syracu—

127 2438 202 2470 sas
228 2421 390 2482 habet,
420 2425 607 2473 fontem
636 2424 932 2472 Arethusam
959 2432 1006 2472 et
1031 2424 1283 2486 Alpheum
1311 2424 1514 2471 fluvium
1544 2426 1867 2486 ‘magnorum

181 2562 206 2586 2
235 2547 309 2598 ex]
339 2553 379 2587 et
416 2549 454 2588 T
622 2562 648 2600 3
676 2549 910 2599 pariantam
942 2549 1029 2588 ΒΚ
1191 2562 1215 2597 4
1245 2549 1447 2599 oppidum
1480 2548 1654 2600 upidum
1689 2560 1786 2598 app.
1824 2546 1871 2585 K

127 2602 306 2641 mironia
328 2603 378 2642 Cl
507 2605 533 2642 6
562 2604 817 2654 niveumque
841 2604 897 2643 C:
933 2603 1176 2654 niviumque
1199 2608 1246 2643 ut
1264 2603 1342 2643 vid.
1368 2603 1426 2642 Β1
1548 2602 1710 2654 Paron]
1733 2614 1867 2652 pazen

128 2657 174 2695 K
316 2659 342 2696 8
372 2658 538 2708 quidem
559 2672 642 2700 om.
661 2658 702 2696 Β
811 2665 967 2708 praest.
990 2659 1065 2699 int.
1088 2658 1134 2698 K
1281 2672 1308 2708 9
1337 2659 1445 2698 Cion
1467 2657 1616 2696 BCK:
1646 2658 1742 2708 Cyo
1770 2656 1806 2695 T
1822 2669 1870 2693 ex

129 2725 226 2751 corr.
398 2725 447 2751 10
477 2714 540 2751 cio
576 2712 628 2753 C:
662 2713 739 2753 icio
770 2713 856 2752 ΒΚ
873 2727 881 2752 :
912 2727 993 2764 cyo
1033 2713 1071 2751 T
1234 2725 1277 2751 11
1313 2713 1440 2752 Samo
1470 2712 1582 2751 codd.
1716 2723 1796 2759 geo
1838 2710 1875 2748 T

69 2767 71 2774 ’
134 2779 181 2804 12
212 2767 336 2816 Pyth.
359 2767 512 2806 samias
531 2767 584 2806 B¹
728 2781 776 2817 15
809 2768 969 2820 Siculo]
991 2767 1119 2807 sicalo
1140 2767 1180 2806 Β
1323 2770 1371 2806 16
1401 2768 1511 2807 dicta
1531 2773 1706 2817 propter
1738 2765 1869 2804 triaca

129 2820 225 2860 add.
240 2822 283 2860 in
304 2835 387 2872 mg.
420 2821 457 2859 T
559 2820 680 2874 ἄκρα]
704 2836 799 2861 cara
819 2823 860 2860 Β
880 2837 889 2862 :
917 2835 1018 2871 agra
1034 2822 1079 2860 K
1248 2835 1295 2871 17
1327 2823 1438 2861 idem
1459 2835 1521 2872 pr.
1548 2822 1599 2861 Cl
1713 2820 1867 2858 libeum

130 2874 293 2914 BClT:
322 2877 420 2914 lium
444 2877 489 2915 K
611 2878 660 2915 18
688 2877 904 2927 triquedra
923 2877 1033 2916 BT:
1063 2877 1266 2926 diquadra
1283 2877 1332 2916 Cl
1444 2890 1496 2915 20
1524 2880 1806 2925 conspectans
1826 2874 1872 2913 K

131 2941 178 2967 21
209 2930 375 2970 sulforis
394 2930 441 2968 K
574 2944 625 2970 22
656 2937 699 2971 et
718 2932 817 2971 libia
834 2933 991 2971 vethne
1007 2932 1054 2970 K
1161 2936 1311 2970 extans
1339 2931 1376 2970 T
1508 2943 1559 2979 23
1587 2929 1871 2969 obsorbuntur

133 2983 213 3024 Blz
242 2985 473 3025 sorbuntur
499 2986 544 3024 K
706 2998 756 3035 24
787 2986 928 3038 CycL]
961 2987 1180 3036 cocoplum
1210 2986 1261 3024 Cl
1426 2997 1477 3035 25
1508 2986 1688 3024 fructum
1710 2984 1804 3023 sert.
1826 2983 1872 3022 K

133 3038 266 3087 primo
288 3039 323 3078 C
430 3041 640 3080 commisis
665 3039 740 3080 le
771 3041 1033 3080 commisisse
1047 3040 1103 3079 Β1
1127 3055 1136 3079 :
1166 3041 1389 3081 commissa
1406 3040 1450 3080 C¹
1563 3041 1616 3078 26
1645 3038 1870 3089 Syracusis

133 3099 252 3142 (sen,
273 3094 364 3147 sir·)
384 3094 494 3134 codd.
608 3107 658 3145 27
689 3095 866 3148 Areth.]
888 3095 1098 3135 aridosam
1121 3095 1161 3134 Β
