2228 3444
1093 187 1362 236 ISIDORI

243 328 326 368 V11
487 311 572 358 DE
592 312 796 358 POETIS.
871 313 1056 359 Poetae
1075 310 1209 358 unde
1229 309 1326 358 sint
1346 308 1477 368 dicti,
1502 308 1570 357 sic
1587 308 1655 357 ait
1674 308 1988 371 Tranquillus
2010 307 2096 372 (de

350 400 481 455 poet.
514 391 588 457 2):
626 395 637 416 ‘
655 391 784 442 Cum
819 391 1032 456 primum
1059 391 1287 441 homines
1313 400 1458 441 exuta
1483 390 1671 440 feritate
1703 390 1943 440 rationem
1968 390 2095 439 vitae

349 474 533 523 habere
549 473 843 538 coepissent,
863 491 1014 537 seque
1031 490 1088 522 ac
1105 475 1225 523 deos
1243 491 1357 523 suos
1383 490 1541 534 nosse,
1560 475 1748 522 cultum
1768 473 2021 523 modicum
2035 490 2094 522 ac

351 573 630 606 sermonem
649 555 979 606 necessarium
997 555 1266 605 commenti
1283 555 1390 616 sibi,
1409 555 1662 619 utriusque
1679 554 2093 619 magnificentiam

297 653 328 687 2
348 640 413 688 ad
438 638 725 702 religionem
759 640 966 688 deorum
993 655 1193 687 suorum
1227 637 1637 701 excogitaverunt.
1714 637 1868 701 Igitur
1899 646 1952 686 ut
1979 646 2096 687 tem·
2120 656 2143 698 5

348 723 428 786 pla
454 721 546 770 illis
583 721 816 770 domibus
852 720 1142 785 pulchriora,
1171 730 1219 770 et
1252 720 1511 769 simulacra
1540 719 1828 784 corporibus
1860 718 2096 784 ampliora

350 803 610 863 faciebant,
639 803 704 852 ita
730 803 929 867 eloquio
964 803 1111 852 etiam
1145 802 1284 866 quasi
1316 802 1595 866 augustiore
1621 804 1938 852 honorandos
1963 811 2096 866 puta-

349 895 536 946 verunt,
555 886 827 949 laudesque
847 902 1016 935 eorum
1038 894 1086 934 et
1105 884 1265 934 verbis
1281 884 1638 934 inlustrioribus
1657 894 1704 934 et
1725 883 2097 934 iucundioribus

349 967 566 1018 numeris
609 970 898 1017 extulerunt.
974 969 1035 1019 Id
1082 984 1237 1031 genus
1279 967 1394 1031 quia
1429 969 1584 1016 forma
1621 969 1835 1030 quadam
1878 965 2094 1025 efficitur,

351 1068 478 1114 quae
525 1052 714 1113 ποιότης
760 1050 951 1110 dicitur,
982 1067 1162 1113 poema
1209 1049 1477 1098 vocitatum
1526 1058 1613 1111 est,
1653 1048 1857 1112 eiusque
1905 1049 2098 1097 fictores
2125 1070 2175 1097 10

300 1144 331 1192 3
352 1135 559 1198 poetae.'
630 1134 781 1182 Vates
807 1149 837 1180 a
861 1132 906 1181 vi
941 1131 1119 1181 mentis
1151 1133 1423 1196 appellatos
1448 1134 1605 1180 Varro
1636 1141 1807 1179 auctor
1831 1141 1904 1179 est
1923 1149 1934 1190 3
1970 1131 2046 1178 vel
2070 1147 2099 1178 a

352 1215 543 1264 viendis
577 1214 891 1275 carminibus,
932 1214 982 1263 id
1016 1225 1089 1263 est
1123 1214 1394 1275 flectendis,
1432 1216 1525 1263 hoc
1560 1223 1630 1262 est
1667 1212 2011 1262 modulandis:
2050 1221 2098 1261 et

351 1296 560 1361 proinde
585 1306 762 1360 poetae
788 1296 964 1345 Latine
989 1305 1123 1345 vates
1157 1296 1289 1357 olim,
1319 1296 1497 1359 scripta
1527 1313 1693 1346 eorum
1719 1294 1948 1344 vaticinia
1971 1294 2099 1343 dice-

353 1380 545 1440 bantur,
573 1381 710 1443 quod
736 1379 782 1428 vi
807 1379 1023 1442 quadam
1050 1388 1097 1428 et
1123 1379 1262 1442 quasi
1289 1378 1486 1428 vesania
1512 1378 1560 1426 in
1594 1377 1856 1427 scribendo
1882 1393 2098 1425 commo-

353 1471 580 1512 verentur
600 1480 611 1521 3
664 1463 739 1510 vel
783 1462 920 1524 quod
957 1460 1118 1510 modis
1161 1461 1310 1510 verba
1346 1469 1672 1520 conecterem,
1719 1459 1848 1509 viere
1883 1457 2097 1521 antiquis
2127 1478 2172 1518 15

353 1561 441 1609 pro
460 1543 643 1593 vincire
668 1543 984 1608 ponentibus.
1037 1542 1200 1591 Etiam
1234 1559 1319 1606 per
1349 1545 1561 1591 furorem
1580 1541 1733 1591 divini
1759 1542 1937 1590 eodem
1963 1550 2099 1589 erant

298 1650 330 1697 4
353 1626 569 1686 nomine,
589 1625 704 1689 quia
721 1634 769 1674 et
785 1624 877 1689 ipsi
895 1640 1095 1688 quoque
1111 1626 1344 1687 pleraque
1360 1624 1580 1673 versibus
1596 1622 1877 1672 efferebant.
1941 1619 2100 1685 Lyrici

355 1718 532 1773 poetae
557 1709 648 1757 ἀπὸ
673 1711 754 1757 τοῦ
777 1710 948 1771 ληρεῖν,
970 1706 1020 1756 id
1041 1715 1113 1755 est
1131 1724 1160 1754 a
1178 1706 1410 1755 varietate
1435 1705 1725 1755 carminum.
1766 1705 1914 1753 Vnde
1935 1713 1982 1753 et
2000 1705 2101 1767 lyra

303 1791 500 1853 5dicta.
570 1789 818 1854 Tragoedi
855 1788 987 1848 dicti,
1015 1790 1152 1852 quod
1190 1788 1329 1838 initio
1366 1787 1657 1837 canentibus
1691 1785 1963 1850 praemium
2000 1793 2101 1834 erat

355 1873 533 1933 hircus,
545 1889 695 1936 quem
712 1873 889 1922 Graeci
905 1872 1074 1937 τράγος
1092 1879 1286 1919 vocant.
1318 1872 1466 1919 Vnde
1482 1879 1530 1919 et
1540 1868 1778 1918 Horatius
1799 1868 1877 1931 (A.
1891 1870 1944 1916 P.
1959 1866 2100 1931 220):
2127 1886 2178 1916 20

558 1953 791 2006 Carmine
828 1952 912 2017 qui
947 1951 1131 2017 tragico
1167 1951 1313 2001 vilem
1349 1950 1549 2001 certavit
1590 1950 1656 1999 ob
1693 1949 1897 1998 hircum.

359 2040 466 2087 Iam
509 2036 691 2087 dehinc
734 2043 997 2100 sequentes
1033 2033 1202 2098 tragici
1238 2035 1449 2082 multum
1486 2034 1726 2081 honorem
1763 2031 1929 2095 adepti
1972 2041 2099 2091 sunt,
2156 2074 2158 2077 ,

358 2121 653 2169 excellentes
696 2118 747 2166 in
787 2116 1086 2180 argumentis
1141 2115 1417 2164 fabularum
1472 2116 1550 2163 ad*
1578 2113 1791 2162 veritatis
1838 2112 2102 2177 imaginem

298 2204 333 2251 6
358 2201 498 2251 fictis.
570 2199 818 2252 Comoedi
850 2197 1083 2262 appellati
1119 2197 1219 2247 sive
1252 2215 1280 2246 a
1312 2199 1437 2256 loco,
1465 2195 1581 2259 quia
1613 2195 1795 2244 circum
1821 2212 1972 2259 pagos
1996 2214 2104 2260 age-

358 2285 494 2344 bant,
522 2299 646 2348 quos
672 2281 849 2332 Graeci
876 2283 1029 2345 κώμας
1052 2289 1244 2339 vocant,
1274 2279 1374 2327 sive
1398 2296 1427 2327 a
1458 2277 1794 2327 comisatione.
1869 2278 2104 2327 Solebant
2130 2295 2178 2338 25

359 2367 491 2418 enim
517 2374 630 2431 post
654 2365 821 2414 cibum
847 2363 1074 2412 homines
1091 2363 1157 2411 ad
1176 2378 1260 2411 eos
1285 2360 1560 2410 audiendos
1586 2359 1763 2409 venire.
1810 2361 1909 2409 Sed
1926 2360 2104 2410 comici

419 2502 436 2528 1
469 2494 565 2529 sunt
582 2486 627 2527 K
640 2488 743 2539 (non
759 2487 824 2536 Α)
937 2487 1046 2526 sicut
1061 2486 1120 2524 ait
1136 2484 1182 2522 K
1197 2485 1300 2535 (non
1317 2483 1381 2535 Α)
1548 2497 1572 2521 2
1602 2489 1773 2522 exutam
1796 2482 1842 2521 K
1994 2484 2102 2523 veri-

361 2551 448 2585 tate
476 2545 535 2584 T:
565 2544 771 2582 feritatem
796 2541 895 2581 C1K
1030 2554 1056 2591 3
1085 2539 1232 2589 nosse]
1258 2552 1341 2578 non
1364 2552 1409 2578 se
1438 2539 1497 2578 T:
1526 2551 1573 2577 se
1593 2538 1649 2576 Β1
1786 2551 1810 2587 4
1840 2550 2034 2578 sermone
2059 2537 2105 2577 K

362 2599 529 2650 utrique
550 2597 596 2636 K
614 2613 623 2638 z
652 2598 840 2647 utrisque
860 2596 941 2636 BC
1102 2606 1127 2644 5
1156 2595 1373 2645 regionem
1394 2593 1451 2631 Β1
1636 2606 1657 2642 7
1689 2592 1769 2631 elo.
1793 2592 1976 2643 quietam
1997 2592 2012 2642 <
2021 2599 2101 2645 pro

364 2655 614 2704 eloquioque
634 2653 762 2692 etiarn
781 2652 811 2704 ἓ)
835 2651 954 2701 quasi
981 2650 1041 2690 T:
1070 2650 1281 2698 eloquium
1302 2649 1420 2698 quasi
1442 2646 1487 2686 K
1506 2647 1609 2699 (non
1627 2647 1689 2700 A)
1856 2649 2101 2697 angustiore

364 2709 459 2749 BC1
480 2724 489 2748 ε
518 2721 627 2747 -rem
649 2706 695 2745 K
814 2708 840 2745 8
869 2705 1115 2745 inlustribus
1135 2703 1182 2742 K
1309 2717 1359 2741 10
1388 2701 1563 2753 ποιότης]
1583 2708 1733 2753 poetes
1753 2700 1877 2740 ΑΒΕ
1882 2701 1920 2740 T
1931 2716 1941 2741 :
1968 2702 2042 2742 ·tis
2060 2700 2107 2740 K

364 2770 558 2804 vocatum
572 2762 629 2801 Β1
651 2764 753 2815 (non
768 2761 834 2814 A)
943 2760 995 2801 ei.
1012 2760 1197 2799 victores
1219 2758 1274 2799 T:
1302 2759 1394 2797 eius
1410 2771 1519 2808 quae
1536 2758 1697 2797 fictoris
1712 2757 1752 2795 Β
1883 2770 1900 2794 1
1911 2769 1928 2794 1
1960 2757 2104 2807 appel-

365 2821 475 2859 latus
493 2819 536 2857 Α
555 2834 563 2858 ;
592 2817 858 2867 appellantur
878 2814 923 2853 K
1089 2827 1136 2853 12
1164 2812 1357 2853 videndis
1383 2812 1442 2851 T:
1471 2812 1626 2852 vientis
1645 2811 1703 2850 B1
1851 2811 2045 2850 carnibus
2065 2812 2106 2849 B

367 2873 603 2925 plectendis
626 2869 758 2911 Goetz.
779 2874 817 2909 et
832 2870 999 2910 Schoell.
1022 2870 1081 2908 ad
1101 2869 1218 2907 Varr.
1235 2867 1286 2907 L.
1305 2868 1356 2907 L.
1381 2881 1418 2917 7,
1434 2870 1490 2917 36
1589 2878 1637 2915 13
1667 2866 1783 2904 latini
1804 2863 1851 2904 K
1963 2865 2013 2905 ol.
2037 2871 2105 2905 est

368 2931 467 2980 (pro
481 2929 564 2980 etl)
582 2939 664 2966 scr.
685 2925 722 2965 T
840 2938 887 2974 14
907 2923 1082 2964 vesania
1096 2923 1340 2963 dicebantur
1353 2923 1394 2961 in
1411 2922 1530 2961 scrib.
1551 2934 1743 2960 conmov.
1757 2920 1797 2958 Β
1887 2921 2103 2958 vesaniam

368 2983 415 3022 K
579 2993 626 3031 15
656 2985 983 3020 conecterentur
1002 2978 1173 3031 (conn-)
1195 2977 1273 3017 BC
1378 2977 1541 3027 antiqui
1565 2974 1611 3014 K
1761 2976 1811 3012 16
1837 2974 2006 3014 vincere
2029 2973 2109 3014 CK

367 3037 467 3089 per]
488 3049 617 3087 super
636 3033 682 3073 K
699 3050 709 3074 ε
737 3047 813 3085 pro
833 3034 889 3072 B1
1086 3034 1136 3073 18
1164 3045 1235 3083 po.
1256 3031 1356 3072 dicti
1375 3044 1456 3082 apo
1484 3031 1522 3070 T
1697 3028 1854 3080 ληρεῖν]
1877 3028 1971 3068 lirin
1991 3029 2101 3069 codd.

370 3094 434 3143 (cf.
458 3091 536 3133 111.
561 3103 667 3130 xxn.
691 3091 737 3142 8)
847 3102 872 3127 a
891 3101 973 3127 om.
997 3086 1043 3126 K
1163 3100 1212 3125 21
1244 3086 1326 3125 vile
1347 3092 1508 3125 certant
1527 3085 1579 3124 ab
1599 3085 1734 3135 hyrco
1755 3082 1801 3121 K
1923 3096 1975 3122 22
2005 3089 2105 3123 sunt

369 3154 413 3187 et
429 3160 522 3186 exc.
539 3145 579 3186 Β
691 3157 743 3194 23
772 3143 842 3196 ad]
862 3149 932 3182 aut
949 3141 995 3180 K
1008 3157 1017 3181 ε
1052 3155 1076 3181 a
1099 3142 1148 3181 Tl
1241 3141 1423 3191 imagine
1439 3139 1485 3179 K
1591 3152 1643 3188 24
1673 3137 1833 3178 Comici
1848 3137 1883 3177 C
1900 3151 1908 3176 :
1938 3138 2105 3178 Comihi

377 3201 413 3241 T
429 3213 563 3251 marg.
694 3201 747 3238 26
775 3197 890 3237 cibos
910 3196 955 3235 K
971 3198 1073 3247 <non
1095 3195 1137 3234 A
1145 3198 1159 3245 )
1325 3196 1426 3235 aud·
1448 3207 1495 3233 ex
1512 3194 1620 3234 stud·
1643 3192 1689 3231 K
