2228 3444
1089 136 1363 185 ISIDORI

342 259 618 309 Antithesis
645 258 1002 323 contrapositio
1028 258 1218 308 litterae
1243 275 1332 322 pro
1356 260 1451 307 alia
1469 258 1642 320 littera,
1665 269 1719 309 ut
1741 258 1779 326 [‘
1800 259 1992 324 inpete'
2013 278 2102 325 pro

344 344 561 407 ‘impetu
577 340 608 408 ²]
636 340 671 408 [‘
689 341 798 390 olli'
825 357 913 405 pro
942 339 1038 388 ‘illi
1055 338 1102 406 '].
1163 339 1456 390 Metathesis
1482 341 1795 405 transpositio
1819 341 2020 402 litterae,
2049 351 2104 390 ut

289 430 316 479 7
345 422 379 490 [‘
395 423 651 487 Thymbre
667 424 678 445 ’
694 440 783 486 pro
803 422 1079 486 ‘Thymber
1095 420 1127 489 ’]
1152 420 1187 488 [‘
1206 423 1436 471 Evandre
1453 423 1462 444 ²
1479 439 1567 486 pro
1592 426 1603 448 ‘
1620 425 1851 473 Evander
1867 421 1913 490 ⁷].
1968 426 2103 472 Inter

342 505 703 554 barbarismum
730 513 780 554 et
805 506 998 567 figuras,
1026 505 1123 551 hoc
1149 512 1222 552 est
1249 504 1477 552 Latinam
1502 513 1552 553 et
1577 505 1844 568 perfectam
1870 504 2103 554 elocutio-

341 605 470 647 nem,
491 589 871 650 metaplasmum
889 602 1009 646 esse,
1030 585 1115 649 qui
1134 585 1182 633 in
1205 603 1307 634 uno
1325 603 1551 636 sermone
1571 588 1625 635 fit
1644 587 1866 636 oratione
1883 586 2099 636 vitiosus.
2127 607 2148 647 5

343 672 471 718 Item
498 668 624 718 inter
649 667 1001 718 soloecismum
1027 677 1075 717 et
1101 669 1315 727 schema,
1344 667 1395 717 id
1422 678 1496 717 est
1521 670 1790 732 perfectam
1817 686 2100 718 sermonum

342 750 686 811 conexionem,
722 752 876 814 figura
908 759 995 811 est,
1030 766 1158 813 quae
1198 751 1251 798 fit
1284 760 1520 800 contextu
1559 768 1846 800 sermonum
1881 750 2103 801 oratione

341 833 529 883 vitiosa.
610 835 741 896 Ergo
774 831 1086 896 metaplasmi
1111 830 1202 898 [et]
1230 834 1484 882 schemata
1510 835 1674 882 media
1711 843 1824 882 sunt
1849 843 1896 883 et
1927 833 2103 883 discer-

341 925 525 965 nuntur
550 916 722 979 peritia
746 924 795 964 et
820 914 1059 979 inperitia.
1134 914 1283 964 Fiunt
1307 924 1473 965 autem
1499 917 1563 965 ad
1589 926 1830 965 ornatum.

128 1006 318 1047 XXXVI
480 1002 563 1047 DE
589 1013 966 1047 SCHEMATIBVS.
1041 999 1306 1047 Schemata
1338 1015 1396 1048 ex
1429 999 1622 1048 Graeco
1656 998 1706 1046 in
1742 998 1975 1047 Latinum
2009 999 2104 1047 elo·
2133 1020 2179 1048 10

343 1080 516 1144 quium
543 1083 725 1144 figurae
751 1080 1144 1144 interpretantur,
1174 1097 1301 1144 quae
1328 1083 1453 1129 fiunt
1482 1082 1532 1128 in
1558 1080 1718 1130 verbis
1744 1082 1821 1130 vel
1847 1079 2103 1130 sententiis

343 1182 429 1228 per
444 1163 599 1212 varias
615 1162 892 1212 dictionum
910 1164 1090 1212 formas
1107 1172 1306 1226 propter
1323 1163 1506 1227 eloquii
1524 1172 1886 1214 ornamentum.
1960 1166 2103 1211 Haec

288 1258 318 1292 2
342 1248 463 1295 dum
490 1247 674 1294 multae
710 1245 807 1294 sint
846 1248 980 1309 apud
1020 1247 1398 1305 Grammaticos,
1425 1245 1546 1294 istae
1586 1245 1915 1296 inveniuntur.
1991 1249 2104 1294 Pro-

342 1329 544 1391 lempsis
570 1337 643 1376 est
669 1328 1021 1392 praesumptio,
1042 1327 1129 1377 ubi
1155 1345 1226 1389 ea,
1248 1345 1375 1392 quae
1401 1329 1541 1392 sequi
1568 1329 1767 1388 debent,
1794 1337 2103 1392 anteponun-

343 1421 433 1471 tur,
463 1418 516 1458 ut
542 1408 698 1475 (Virg.
722 1413 847 1459 Aen.
873 1428 946 1470 12,
972 1411 1117 1476 161):
2131 1430 2177 1471 15

713 1495 910 1542 Interea
943 1510 1081 1557 reges
1118 1492 1306 1556 ingenti
1344 1495 1473 1543 mole
1510 1492 1729 1542 Latinus.

345 1574 534 1624 Debuit
560 1574 689 1624 enim
720 1574 789 1624 sic
815 1575 1008 1624 dicere:
1051 1580 1061 1600 ‘
1080 1577 1278 1624 Interea
1301 1591 1439 1639 reges
1467 1575 1655 1638 ingenti
1680 1576 1842 1636 mole,'
1863 1583 1911 1624 et
1937 1576 2100 1624 statim

341 1656 548 1717 adicere,
595 1658 732 1720 quod
775 1656 996 1720 sequitur
1019 1677 1027 1706 :
1070 1662 1080 1682 ‘
1096 1658 1375 1720 procedunt
1435 1656 1634 1717 castris,'
1675 1655 1858 1706 deinde
1907 1657 2071 1706 dicere
2093 1677 2101 1706 ε

345 1740 611 1800 ‘Latinus,'
637 1748 730 1788 etc.
752 1757 765 1799 3
798 1740 886 1788 sed
912 1740 1041 1787 facta
1067 1747 1141 1788 est
1161 1755 1249 1802 pro
1275 1747 1568 1789 ornamento
1589 1738 1924 1803 praesumptio
1950 1740 2031 1799 rei,
2055 1748 2102 1788 et

343 1820 427 1883 qui
454 1820 593 1884 sequi
619 1821 899 1870 debuerunt
924 1837 1061 1884 reges
1082 1819 1358 1884 interpositi
1378 1830 1492 1869 sunt
1518 1820 1568 1868 in
1588 1829 1778 1884 septem
1797 1820 2030 1881 versibus,
2055 1829 2102 1870 et
2130 1838 2181 1866 20

342 1911 515 1965 postea
533 1901 761 1952 additum
782 1911 855 1952 est
876 1922 884 1950 :
939 1907 949 1928 ‘
971 1904 1255 1952 Procedunt
1275 1902 1475 1951 castris.'
1536 1904 1663 1951 Inde
1683 1911 1731 1951 et
1750 1902 2100 1966 praesumptio,

290 2002 320 2048 3
344 1984 459 2047 quia
491 1984 771 2049 anteposita
804 1994 918 2033 sunt
944 2001 1072 2049 quae
1097 1984 1238 2048 sequi
1264 1985 1559 2034 debuerunt.
1634 1987 1851 2048 Zeugma
1876 1994 1949 2034 est
1975 1987 2101 2034 clau-

344 2068 461 2126 sula,
492 2084 646 2130 quum
680 2068 843 2130 plures
870 2084 1042 2116 sensus
1069 2084 1171 2115 uno
1195 2066 1348 2116 verbo
1373 2067 1683 2126 clauduntur,
1711 2083 1839 2129 quae
1865 2068 1918 2115 fit
1948 2066 2102 2117 tribus

345 2147 524 2196 modis.
595 2150 726 2198 Nam
756 2157 840 2197 aut
871 2148 922 2197 in
954 2147 1129 2212 primo,
1160 2158 1244 2198 aut
1274 2148 1324 2197 in
1355 2157 1620 2212 postremo,
1653 2157 1738 2197 aut
1768 2147 1818 2196 in
1852 2148 2020 2198 medio
2050 2149 2100 2199 id

341 2230 547 2279 verbum
578 2229 791 2293 ponitur,
824 2232 961 2294 quod
992 2230 1261 2280 sententias
1291 2230 1461 2293 iungit.
1538 2233 1598 2278 In
1628 2228 1805 2293 primo,
1835 2240 1889 2278 ut
1918 2230 2097 2295 (Lucil.
2125 2245 2174 2286 25

347 2330 365 2359 I
485 2332 493 2361 2

378 2310 462 2377 39)
579 2379 798 2429 Vertitur
834 2379 1135 2445 oenophoris
1172 2381 1368 2440 fundus,
1409 2378 1653 2430 sententia
1689 2378 1850 2428 nobis.

403 2522 418 2547 1
453 2523 529 2560 pro
550 2510 632 2549 alia
646 2540 654 2549 .
673 2539 683 2549 .
706 2542 714 2550 .
729 2510 896 2549 litterae
917 2524 1000 2550 om.
1027 2509 1061 2549 C
1171 2516 1216 2550 ut
1237 2511 1382 2561 inpete
1413 2522 1490 2560 pro
1506 2510 1668 2560 impetu
1682 2509 1723 2547 A
1745 2523 1752 2549 :
1786 2515 1831 2548 ut
1851 2509 1923 2548 olli
1944 2522 2022 2559 pro
2039 2510 2099 2549 illi

350 2564 387 2603 T
387 2565 463 2604 UG
483 2580 491 2604 :
521 2571 566 2604 ut
587 2565 730 2615 inpete
745 2578 822 2615 pro
839 2566 986 2616 inpetu
1008 2572 1051 2604 et
1070 2565 1146 2604 olli
1167 2578 1242 2616 pro
1259 2565 1372 2604 illiB
1385 2565 1513 2606 Rern.
1535 2577 1615 2612 224
1750 2577 1774 2603 2
1805 2571 1850 2604 ut
1871 2564 1972 2616 (om.
1991 2567 2097 2617 cett.)

346 2619 394 2659 C.1
412 2634 422 2660 ι
449 2626 494 2659 ut
511 2620 662 2659 timbre
675 2633 752 2670 pro
769 2620 924 2659 timber
943 2620 1048 2661 AB:
1078 2626 1123 2659 ut
1136 2620 1324 2660 ebandre
1340 2633 1417 2670 pro
1434 2621 1622 2659 evander
1636 2618 1836 2658 ettimbre
1852 2632 1930 2669 pro
1949 2619 2100 2659 timber

350 2674 388 2713 T
529 2689 553 2725 4
578 2675 659 2714 hoc
675 2676 853 2714 interest
873 2676 913 2713 A
1057 2687 1082 2725 5
1112 2675 1167 2715 sit
1183 2681 1261 2715 rat.
1274 2675 1470 2714 vitiorum
1486 2675 1527 2712 A
1550 2689 1558 2714 τ
1588 2675 1635 2714 fit
1650 2674 1815 2713 ratione
1830 2673 2008 2713 vitiosus
2028 2674 2102 2714 BC

345 2743 366 2779 7
397 2730 565 2769 ratione
597 2729 726 2769 ΑΒΕ
861 2731 887 2768 8
925 2730 1193 2780 metaplasmi
1225 2731 1330 2782 (-ma
1354 2730 1416 2780 B)
1453 2736 1496 2769 et
1530 2729 1746 2770 schemata
1781 2727 1907 2780 (sce-)
1942 2728 2070 2768 ΑΒΕ
2089 2744 2098 2768 :

344 2782 609 2834 metaplasmi
638 2790 827 2823 scemata
867 2784 905 2822 T
1035 2791 1134 2825 sunt
1160 2797 1242 2836 que
1278 2791 1321 2824 et
1358 2784 1422 2823 Al
1587 2799 1614 2835 9
1643 2789 1686 2822 et
1711 2782 1911 2834 inperitia
1933 2796 2016 2824 om.
2047 2783 2096 2822 Cl

347 2853 395 2878 12
426 2840 742 2879 distinctionum
762 2839 799 2878 T
807 2841 910 2892 (uon
926 2839 968 2877 U
972 2839 987 2890 >
1004 2840 1084 2879 BC
1101 2843 1203 2890 (non
1217 2839 1284 2890 A)
1346 2853 1394 2889 13
1424 2845 1522 2879 sunt
1542 2838 1622 2879 TU
1690 2840 1740 2877 16
1769 2837 1945 2877 Latinus
1959 2851 2042 2879 om.
2065 2839 2100 2877 C

345 2894 520 2934 Latinus
535 2924 545 2934 .
564 2925 598 2935 ..
616 2894 779 2944 ingenti
797 2895 908 2934 mole
924 2907 1008 2934 om.
1033 2894 1070 2933 T
1084 2896 1187 2946 (non
1213 2893 1274 2946 U)
1478 2907 1524 2944 17
1555 2894 1720 2933 interea
1738 2921 1769 2932 ..
1788 2923 1796 2931 .
1812 2893 1924 2932 mole
1943 2905 2027 2932 om.
2051 2893 2092 2930 A

348 2962 396 2999 19
426 2954 469 2988 et
487 2949 804 2989 ceteriAlCT:
834 2956 877 2988 et
898 2955 1062 2988 ceteras
1082 2949 1139 2987 Β1
1163 2963 1172 2988 :
1201 2954 1244 2987 et
1263 2957 1409 2988 cetera
1428 2949 1491 2987 A2
1639 2961 1730 2988 orn.
1756 2947 1954 2986 carminis
1974 2960 2036 2997 pr.
2067 2947 2104 2985 T

343 3017 397 3043 20
425 3005 632 3044 debuerat
651 3003 692 3042 A
883 3017 931 3042 21
965 3005 1063 3043 inde
1084 3010 1127 3044 et
1145 3004 1226 3044 BC
1229 3003 1272 3043 U
1286 3018 1296 3043 ε
1327 3004 1422 3043 inde
1439 3003 1500 3044 A1
1523 3017 1533 3043 z
1561 3003 1742 3054 proinde
1762 3008 1803 3041 et
1830 3001 1867 3040 T
2042 3015 2095 3042 22

342 3059 441 3108 quia
461 3060 700 3099 debuerunt
722 3058 824 3111 (om.
845 3059 985 3109 sequi)
1008 3060 1050 3099 A
1687 3065 1689 3068 '
1707 3095 1710 3097 .
