<?xml version="1.0" encoding="UTF-8"?>
<!DOCTYPE html PUBLIC "-//W3C//DTD XHTML 1.0 Transitional//EN"
    "http://www.w3.org/TR/xhtml1/DTD/xhtml1-transitional.dtd">
<html xmlns="http://www.w3.org/1999/xhtml" xml:lang="en" lang="en">
 <head>
  <title>
</title>
<meta http-equiv="Content-Type" content="text/html;charset=utf-8" />
  <meta name='ocr-system' content='tesseract 3.04.00' />
  <meta name='ocr-capabilities' content='ocr_page ocr_carea ocr_par ocr_line ocrx_word'/>
</head>
<body>
  <div class='ocr_page' id='page_1' title='image "./isidori01isiduoft/isidori01isiduoft_0049.png"; bbox 0 0 2228 3444; ppageno 0'>
   <div class='ocr_carea' id='block_1_1' title="bbox 484 157 1552 210">
    <p class='ocr_par' dir='ltr' id='par_1_1' title="bbox 484 157 1552 210">
     <span class='ocr_line' id='line_1_1' title="bbox 484 157 1552 210; baseline 0.007 -8"><span class='ocrx_word' id='word_1_1' title='bbox 484 157 1115 205; x_wconf 73' lang='lat' dir='ltr'><strong>ETYMOLOGIARVM</strong></span> <span class='ocrx_word' id='word_1_2' title='bbox 1157 161 1285 208; x_wconf 91' lang='lat' dir='ltr'>LIB.</span> <span class='ocrx_word' id='word_1_3' title='bbox 1329 163 1366 209; x_wconf 91' lang='grc' dir='ltr'>Ι.</span> <span class='ocrx_word' id='word_1_4' title='bbox 1408 162 1552 210; x_wconf 85' lang='lat' dir='ltr'>iv—vii</span> 
     </span>
    </p>
   </div>
   <div class='ocr_carea' id='block_1_2' title="bbox 69 279 2007 2708">
    <p class='ocr_par' dir='ltr' id='par_1_2' title="bbox 156 279 2007 593">
     <span class='ocr_line' id='line_1_2' title="bbox 297 279 2007 348; baseline 0.008 -23"><span class='ocrx_word' id='word_1_5' title='bbox 297 279 378 325; x_wconf 84' lang='lat' dir='ltr'>DE</span> <span class='ocrx_word' id='word_1_6' title='bbox 404 291 628 327; x_wconf 81' lang='lat' dir='ltr'><strong>NOMINE.</strong></span> <span class='ocrx_word' id='word_1_7' title='bbox 703 280 904 327; x_wconf 87' lang='lat' dir='ltr'>Nomen</span> <span class='ocrx_word' id='word_1_8' title='bbox 929 279 1116 328; x_wconf 88' lang='lat' dir='ltr'>dictum</span> <span class='ocrx_word' id='word_1_9' title='bbox 1154 281 1292 344; x_wconf 82' lang='lat' dir='ltr'>quasi</span> <span class='ocrx_word' id='word_1_10' title='bbox 1318 291 1572 346; x_wconf 85' lang='lat' dir='ltr'>notamen,</span> <span class='ocrx_word' id='word_1_11' title='bbox 1597 289 1733 348; x_wconf 88' lang='lat' dir='ltr'>quod</span> <span class='ocrx_word' id='word_1_12' title='bbox 1760 289 1902 337; x_wconf 88' lang='lat' dir='ltr'>nobis</span> <span class='ocrx_word' id='word_1_13' title='bbox 1926 298 2007 337; x_wconf 89' lang='lat' dir='ltr'>VII</span> 
     </span>
     <span class='ocr_line' id='line_1_3' title="bbox 158 358 1903 428; baseline 0.007 -22"><span class='ocrx_word' id='word_1_14' title='bbox 158 358 401 409; x_wconf 91' lang='lat' dir='ltr'>vocabulo</span> <span class='ocrx_word' id='word_1_15' title='bbox 438 376 527 407; x_wconf 90' lang='lat' dir='ltr'>suo</span> <span class='ocrx_word' id='word_1_16' title='bbox 554 376 628 409; x_wconf 91' lang='lat' dir='ltr'>res</span> <span class='ocrx_word' id='word_1_17' title='bbox 658 369 800 408; x_wconf 88' lang='lat' dir='ltr'>notas</span> <span class='ocrx_word' id='word_1_18' title='bbox 836 360 1025 409; x_wconf 90' lang='lat' dir='ltr'>efficiat.</span> <span class='ocrx_word' id='word_1_19' title='bbox 1101 361 1209 410; x_wconf 91' lang='lat' dir='ltr'>Nisi</span> <span class='ocrx_word' id='word_1_20' title='bbox 1240 363 1373 412; x_wconf 92' lang='lat' dir='ltr'>enim</span> <span class='ocrx_word' id='word_1_21' title='bbox 1399 381 1583 414; x_wconf 91' lang='lat' dir='ltr'>nomen</span> <span class='ocrx_word' id='word_1_22' title='bbox 1619 368 1797 428; x_wconf 88' lang='lat' dir='ltr'>scieris,</span> <span class='ocrx_word' id='word_1_23' title='bbox 1826 387 1903 418; x_wconf 93' lang='lat' dir='ltr'>co-</span> 
     </span>
     <span class='ocr_line' id='line_1_4' title="bbox 156 440 1900 511; baseline 0.007 -24"><span class='ocrx_word' id='word_1_24' title='bbox 156 440 310 502; x_wconf 89' lang='lat' dir='ltr'>gnitio</span> <span class='ocrx_word' id='word_1_25' title='bbox 346 457 505 489; x_wconf 90' lang='lat' dir='ltr'>rerum</span> <span class='ocrx_word' id='word_1_26' title='bbox 531 441 668 504; x_wconf 90' lang='lat' dir='ltr'>perit.</span> <span class='ocrx_word' id='word_1_27' title='bbox 742 443 945 506; x_wconf 82' lang='lat' dir='ltr'>Propria</span> <span class='ocrx_word' id='word_1_28' title='bbox 979 444 1182 493; x_wconf 90' lang='lat' dir='ltr'>nomina</span> <span class='ocrx_word' id='word_1_29' title='bbox 1208 444 1341 494; x_wconf 91' lang='lat' dir='ltr'>dicta</span> <span class='ocrx_word' id='word_1_30' title='bbox 1366 446 1481 509; x_wconf 89' lang='lat' dir='ltr'>quia</span> <span class='ocrx_word' id='word_1_31' title='bbox 1512 448 1740 511; x_wconf 81' lang='lat' dir='ltr'>specialia</span> <span class='ocrx_word' id='word_1_32' title='bbox 1771 462 1900 499; x_wconf 89' lang='lat' dir='ltr'>sunt.</span> 
     </span>
     <span class='ocr_line' id='line_1_5' title="bbox 157 516 1900 593; baseline 0.006 -25"><span class='ocrx_word' id='word_1_33' title='bbox 157 516 317 570; x_wconf 37' lang='lat' dir='ltr'>Vnius*</span> <span class='ocrx_word' id='word_1_34' title='bbox 339 522 470 570; x_wconf 89' lang='lat' dir='ltr'>enim</span> <span class='ocrx_word' id='word_1_35' title='bbox 498 532 687 574; x_wconf 84' lang='lat' dir='ltr'>tantum</span> <span class='ocrx_word' id='word_1_36' title='bbox 715 540 976 587; x_wconf 80' lang='lat' dir='ltr'>personam</span> <span class='ocrx_word' id='word_1_37' title='bbox 1003 524 1293 587; x_wconf 86' lang='lat' dir='ltr'>significant.</span> <span class='ocrx_word' id='word_1_38' title='bbox 1364 529 1563 591; x_wconf 88' lang='lat' dir='ltr'>Species</span> <span class='ocrx_word' id='word_1_39' title='bbox 1593 532 1900 593; x_wconf 88' lang='lat' dir='ltr'>propriorum</span> 
     </span>
    </p>

    <p class='ocr_par' dir='ltr' id='par_1_3' title="bbox 107 602 1952 998">
     <span class='ocr_line' id='line_1_6' title="bbox 107 602 1898 674; baseline 0.006 -24"><span class='ocrx_word' id='word_1_40' title='bbox 107 620 128 660; x_wconf 90' lang='lat'>5</span> <span class='ocrx_word' id='word_1_41' title='bbox 154 602 414 652; x_wconf 87' lang='lat' dir='ltr'>nominum</span> <span class='ocrx_word' id='word_1_42' title='bbox 462 614 693 667; x_wconf 89' lang='lat' dir='ltr'>quattuor</span> <span class='ocrx_word' id='word_1_43' title='bbox 742 603 896 671; x_wconf 89' lang='lat' dir='ltr'>[sunt]</span> <span class='ocrx_word' id='word_1_44' title='bbox 922 624 930 654; x_wconf 92' lang='lat'>:</span> <span class='ocrx_word' id='word_1_45' title='bbox 986 622 1302 669; x_wconf 83' lang='lat' dir='ltr'>praenomen,</span> <span class='ocrx_word' id='word_1_46' title='bbox 1354 625 1552 670; x_wconf 88' lang='lat' dir='ltr'>nomen,</span> <span class='ocrx_word' id='word_1_47' title='bbox 1604 627 1898 674; x_wconf 84' lang='lat' dir='ltr'>cognomen,</span> 
     </span>
     <span class='ocr_line' id='line_1_7' title="bbox 152 688 1900 754; baseline 0.006 -23"><span class='ocrx_word' id='word_1_48' title='bbox 152 700 411 747; x_wconf 85' lang='lat' dir='ltr'>agnomen.</span> <span class='ocrx_word' id='word_1_49' title='bbox 474 688 782 735; x_wconf 87' lang='lat' dir='ltr'>Praenomen</span> <span class='ocrx_word' id='word_1_50' title='bbox 807 688 994 735; x_wconf 89' lang='lat' dir='ltr'>dictum</span> <span class='ocrx_word' id='word_1_51' title='bbox 1022 704 1098 748; x_wconf 94' lang='lat' dir='ltr'>eo,</span> <span class='ocrx_word' id='word_1_52' title='bbox 1124 690 1258 751; x_wconf 88' lang='lat' dir='ltr'>quod</span> <span class='ocrx_word' id='word_1_53' title='bbox 1285 690 1473 738; x_wconf 89' lang='lat' dir='ltr'>nomini</span> <span class='ocrx_word' id='word_1_54' title='bbox 1491 692 1818 754; x_wconf 85' lang='lat' dir='ltr'>praeponitur,</span> <span class='ocrx_word' id='word_1_55' title='bbox 1847 704 1900 742; x_wconf 91' lang='lat' dir='ltr'>ut</span> 
     </span>
     <span class='ocr_line' id='line_1_8' title="bbox 151 766 1952 835; baseline 0.006 -22"><span class='ocrx_word' id='word_1_56' title='bbox 151 766 397 828; x_wconf 81' lang='lat' dir='ltr'>‘Lucius,&#39;</span> <span class='ocrx_word' id='word_1_57' title='bbox 436 766 710 828; x_wconf 70' lang='lat' dir='ltr'>‘Quintus&#39;</span> <span class='ocrx_word' id='word_1_58' title='bbox 781 769 981 816; x_wconf 91' lang='lat' dir='ltr'>Nomen</span> <span class='ocrx_word' id='word_1_59' title='bbox 1018 778 1262 830; x_wconf 88' lang='lat' dir='ltr'>vocatum,</span> <span class='ocrx_word' id='word_1_60' title='bbox 1303 773 1418 833; x_wconf 89' lang='lat' dir='ltr'>quia</span> <span class='ocrx_word' id='word_1_61' title='bbox 1456 781 1595 820; x_wconf 89' lang='lat' dir='ltr'>notat</span> <span class='ocrx_word' id='word_1_62' title='bbox 1637 790 1806 835; x_wconf 90' lang='lat' dir='ltr'>genus,</span> <span class='ocrx_word' id='word_1_63' title='bbox 1845 784 1898 822; x_wconf 91' lang='lat' dir='ltr'>ut</span> <span class='ocrx_word' id='word_1_64' title='bbox 1922 783 1952 817; x_wconf 90' lang='lat'><strong>2</strong></span> 
     </span>
     <span class='ocr_line' id='line_1_9' title="bbox 156 848 1893 916; baseline 0.003 -19"><span class='ocrx_word' id='word_1_65' title='bbox 156 848 473 897; x_wconf 68' lang='lat' dir='ltr'>‘Cornelius&#39;</span> <span class='ocrx_word' id='word_1_66' title='bbox 532 849 749 900; x_wconf 89' lang='lat' dir='ltr'>Cornelii</span> <span class='ocrx_word' id='word_1_67' title='bbox 784 849 916 898; x_wconf 91' lang='lat' dir='ltr'>enim</span> <span class='ocrx_word' id='word_1_68' title='bbox 942 867 1116 899; x_wconf 91' lang='lat' dir='ltr'>omnes</span> <span class='ocrx_word' id='word_1_69' title='bbox 1151 853 1200 899; x_wconf 93' lang='lat' dir='ltr'>in</span> <span class='ocrx_word' id='word_1_70' title='bbox 1227 869 1286 900; x_wconf 95' lang='lat' dir='ltr'>eo</span> <span class='ocrx_word' id='word_1_71' title='bbox 1316 869 1507 915; x_wconf 85' lang='lat' dir='ltr'>genere.</span> <span class='ocrx_word' id='word_1_72' title='bbox 1583 855 1893 916; x_wconf 88' lang='lat' dir='ltr'>Cognomen,</span> 
     </span>
     <span class='ocr_line' id='line_1_10' title="bbox 152 929 1895 998; baseline 0.004 -21"><span class='ocrx_word' id='word_1_73' title='bbox 152 929 267 992; x_wconf 88' lang='lat' dir='ltr'>quia</span> <span class='ocrx_word' id='word_1_74' title='bbox 303 929 492 981; x_wconf 90' lang='lat' dir='ltr'>nomini</span> <span class='ocrx_word' id='word_1_75' title='bbox 534 930 859 994; x_wconf 90' lang='lat' dir='ltr'>coniungitur,</span> <span class='ocrx_word' id='word_1_76' title='bbox 904 940 957 979; x_wconf 87' lang='lat' dir='ltr'>ut</span> <span class='ocrx_word' id='word_1_77' title='bbox 995 932 1222 996; x_wconf 69' lang='lat' dir='ltr'>‘Scipio&#39;</span> <span class='ocrx_word' id='word_1_78' title='bbox 1291 936 1557 996; x_wconf 88' lang='lat' dir='ltr'>Agnomen</span> <span class='ocrx_word' id='word_1_79' title='bbox 1599 952 1714 983; x_wconf 91' lang='lat' dir='ltr'>vero</span> <span class='ocrx_word' id='word_1_80' title='bbox 1758 938 1895 998; x_wconf 85' lang='lat' dir='ltr'>quasi</span> 
     </span>
    </p>

    <p class='ocr_par' dir='ltr' id='par_1_4' title="bbox 77 1012 1946 1406">
     <span class='ocr_line' id='line_1_11' title="bbox 77 1012 1893 1080; baseline 0.004 -22"><span class='ocrx_word' id='word_1_81' title='bbox 77 1025 124 1054; x_wconf 87' lang='lat'>10</span> <span class='ocrx_word' id='word_1_82' title='bbox 148 1012 391 1059; x_wconf 86' lang='lat' dir='ltr'>accedens</span> <span class='ocrx_word' id='word_1_83' title='bbox 418 1028 615 1073; x_wconf 91' lang='lat' dir='ltr'>nomen,</span> <span class='ocrx_word' id='word_1_84' title='bbox 644 1022 696 1061; x_wconf 89' lang='lat' dir='ltr'>ut</span> <span class='ocrx_word' id='word_1_85' title='bbox 725 1014 989 1061; x_wconf 90' lang='lat' dir='ltr'>‘Metellus</span> <span class='ocrx_word' id='word_1_86' title='bbox 1017 1014 1270 1075; x_wconf 76' lang='lat' dir='ltr'>Creticus,&#39;</span> <span class='ocrx_word' id='word_1_87' title='bbox 1307 1015 1420 1077; x_wconf 87' lang='lat' dir='ltr'>quia</span> <span class='ocrx_word' id='word_1_88' title='bbox 1455 1018 1653 1065; x_wconf 86' lang='lat' dir='ltr'>Cretam</span> <span class='ocrx_word' id='word_1_89' title='bbox 1687 1017 1893 1080; x_wconf 86' lang='lat' dir='ltr'>subegit.</span> 
     </span>
     <span class='ocr_line' id='line_1_12' title="bbox 150 1091 1893 1161; baseline 0.004 -22"><span class='ocrx_word' id='word_1_90' title='bbox 150 1091 464 1142; x_wconf 85' lang='lat' dir='ltr'>Extrinsecus</span> <span class='ocrx_word' id='word_1_91' title='bbox 485 1094 617 1142; x_wconf 92' lang='lat' dir='ltr'>enim</span> <span class='ocrx_word' id='word_1_92' title='bbox 639 1095 769 1142; x_wconf 92' lang='lat' dir='ltr'>venit</span> <span class='ocrx_word' id='word_1_93' title='bbox 794 1110 1042 1157; x_wconf 88' lang='lat' dir='ltr'>agnomen</span> <span class='ocrx_word' id='word_1_94' title='bbox 1061 1094 1125 1142; x_wconf 91' lang='lat' dir='ltr'>ab</span> <span class='ocrx_word' id='word_1_95' title='bbox 1145 1095 1308 1158; x_wconf 88' lang='lat' dir='ltr'>aliqua</span> <span class='ocrx_word' id='word_1_96' title='bbox 1328 1096 1529 1146; x_wconf 90' lang='lat' dir='ltr'>ratione.</span> <span class='ocrx_word' id='word_1_97' title='bbox 1582 1099 1893 1161; x_wconf 89' lang='lat' dir='ltr'>Cognomen-</span> 
     </span>
     <span class='ocr_line' id='line_1_13' title="bbox 148 1174 1894 1240; baseline 0.004 -19"><span class='ocrx_word' id='word_1_98' title='bbox 148 1182 252 1221; x_wconf 89' lang='lat' dir='ltr'>tum</span> <span class='ocrx_word' id='word_1_99' title='bbox 290 1183 454 1224; x_wconf 88' lang='lat' dir='ltr'>autern</span> <span class='ocrx_word' id='word_1_100' title='bbox 491 1176 638 1237; x_wconf 89' lang='lat' dir='ltr'>vulgo</span> <span class='ocrx_word' id='word_1_101' title='bbox 674 1174 862 1223; x_wconf 92' lang='lat' dir='ltr'>dictum</span> <span class='ocrx_word' id='word_1_102' title='bbox 901 1191 974 1234; x_wconf 89' lang='lat' dir='ltr'>e0,</span> <span class='ocrx_word' id='word_1_103' title='bbox 1015 1177 1151 1238; x_wconf 91' lang='lat' dir='ltr'>quod</span> <span class='ocrx_word' id='word_1_104' title='bbox 1187 1176 1376 1224; x_wconf 91' lang='lat' dir='ltr'>nomini</span> <span class='ocrx_word' id='word_1_105' title='bbox 1415 1178 1709 1240; x_wconf 87' lang='lat' dir='ltr'>cognitionis</span> <span class='ocrx_word' id='word_1_106' title='bbox 1747 1196 1894 1228; x_wconf 86' lang='lat' dir='ltr'>causa</span> 
     </span>
     <span class='ocr_line' id='line_1_14' title="bbox 148 1255 1946 1322; baseline 0.004 -20"><span class='ocrx_word' id='word_1_107' title='bbox 148 1255 546 1318; x_wconf 85' lang='lat' dir='ltr'>superadiciatur,</span> <span class='ocrx_word' id='word_1_108' title='bbox 570 1255 670 1305; x_wconf 89' lang='lat' dir='ltr'>sive</span> <span class='ocrx_word' id='word_1_109' title='bbox 696 1258 831 1319; x_wconf 89' lang='lat' dir='ltr'>quod</span> <span class='ocrx_word' id='word_1_110' title='bbox 858 1274 972 1306; x_wconf 90' lang='lat' dir='ltr'>cum</span> <span class='ocrx_word' id='word_1_111' title='bbox 999 1257 1202 1306; x_wconf 89' lang='lat' dir='ltr'>nomine</span> <span class='ocrx_word' id='word_1_112' title='bbox 1223 1268 1308 1307; x_wconf 89' lang='lat' dir='ltr'>est.</span> <span class='ocrx_word' id='word_1_113' title='bbox 1360 1260 1670 1322; x_wconf 89' lang='lat' dir='ltr'>Appellativa</span> <span class='ocrx_word' id='word_1_114' title='bbox 1690 1263 1894 1309; x_wconf 87' lang='lat' dir='ltr'>nomina</span> <span class='ocrx_word' id='word_1_115' title='bbox 1917 1269 1946 1315; x_wconf 87' lang='lat'><strong>3</strong></span> 
     </span>
     <span class='ocr_line' id='line_1_15' title="bbox 148 1337 1896 1406; baseline 0.003 -21"><span class='ocrx_word' id='word_1_116' title='bbox 148 1337 264 1387; x_wconf 90' lang='lat' dir='ltr'>inde</span> <span class='ocrx_word' id='word_1_117' title='bbox 296 1347 546 1398; x_wconf 90' lang='lat' dir='ltr'>vocantur,</span> <span class='ocrx_word' id='word_1_118' title='bbox 583 1339 698 1400; x_wconf 88' lang='lat' dir='ltr'>quia</span> <span class='ocrx_word' id='word_1_119' title='bbox 734 1338 1020 1387; x_wconf 91' lang='lat' dir='ltr'>communia</span> <span class='ocrx_word' id='word_1_120' title='bbox 1050 1348 1162 1388; x_wconf 90' lang='lat' dir='ltr'>sunt</span> <span class='ocrx_word' id='word_1_121' title='bbox 1192 1349 1239 1388; x_wconf 94' lang='lat' dir='ltr'>et</span> <span class='ocrx_word' id='word_1_122' title='bbox 1276 1339 1325 1387; x_wconf 91' lang='lat' dir='ltr'>in</span> <span class='ocrx_word' id='word_1_123' title='bbox 1358 1343 1625 1389; x_wconf 88' lang='lat' dir='ltr'>multorum</span> <span class='ocrx_word' id='word_1_124' title='bbox 1657 1343 1896 1406; x_wconf 89' lang='lat' dir='ltr'>significa-</span> 
     </span>
    </p>

    <p class='ocr_par' dir='ltr' id='par_1_5' title="bbox 77 1418 1898 1568">
     <span class='ocr_line' id='line_1_16' title="bbox 77 1418 1898 1488; baseline 0.002 -19"><span class='ocrx_word' id='word_1_125' title='bbox 77 1433 122 1474; x_wconf 80' lang='lat'>15</span> <span class='ocrx_word' id='word_1_126' title='bbox 149 1418 282 1469; x_wconf 86' lang='lat' dir='ltr'>tione</span> <span class='ocrx_word' id='word_1_127' title='bbox 299 1421 587 1470; x_wconf 89' lang='lat' dir='ltr'>consistunt.</span> <span class='ocrx_word' id='word_1_128' title='bbox 636 1420 849 1469; x_wconf 90' lang='lat' dir='ltr'>Haecin</span> <span class='ocrx_word' id='word_1_129' title='bbox 870 1420 1039 1484; x_wconf 89' lang='lat' dir='ltr'>viginti</span> <span class='ocrx_word' id='word_1_130' title='bbox 1060 1430 1174 1470; x_wconf 89' lang='lat' dir='ltr'>octo</span> <span class='ocrx_word' id='word_1_131' title='bbox 1191 1422 1379 1484; x_wconf 88' lang='lat' dir='ltr'>species</span> <span class='ocrx_word' id='word_1_132' title='bbox 1399 1423 1698 1484; x_wconf 89' lang='lat' dir='ltr'>dividuntur,</span> <span class='ocrx_word' id='word_1_133' title='bbox 1717 1440 1774 1473; x_wconf 88' lang='lat' dir='ltr'>ex</span> <span class='ocrx_word' id='word_1_134' title='bbox 1795 1426 1898 1488; x_wconf 87' lang='lat' dir='ltr'>qui-</span> 
     </span>
     <span class='ocr_line' id='line_1_17' title="bbox 149 1500 1894 1568; baseline 0.003 -20"><span class='ocrx_word' id='word_1_135' title='bbox 149 1500 238 1550; x_wconf 90' lang='lat' dir='ltr'>bus</span> <span class='ocrx_word' id='word_1_136' title='bbox 259 1501 528 1564; x_wconf 91' lang='lat' dir='ltr'>corporalia</span> <span class='ocrx_word' id='word_1_137' title='bbox 544 1501 689 1562; x_wconf 91' lang='lat' dir='ltr'>dicta,</span> <span class='ocrx_word' id='word_1_138' title='bbox 708 1504 823 1565; x_wconf 90' lang='lat' dir='ltr'>quia</span> <span class='ocrx_word' id='word_1_139' title='bbox 839 1504 915 1551; x_wconf 92' lang='lat' dir='ltr'>vel</span> <span class='ocrx_word' id='word_1_140' title='bbox 937 1502 1164 1551; x_wconf 87' lang='lat' dir='ltr'>videntur</span> <span class='ocrx_word' id='word_1_141' title='bbox 1183 1505 1259 1552; x_wconf 93' lang='lat' dir='ltr'>vel</span> <span class='ocrx_word' id='word_1_142' title='bbox 1277 1513 1557 1568; x_wconf 88' lang='lat' dir='ltr'>tanguntur,</span> <span class='ocrx_word' id='word_1_143' title='bbox 1578 1514 1630 1554; x_wconf 91' lang='lat' dir='ltr'>ut</span> <span class='ocrx_word' id='word_1_144' title='bbox 1652 1508 1894 1566; x_wconf 89' lang='lat' dir='ltr'>‘caelum,’</span> 
     </span>
    </p>

    <p class='ocr_par' dir='ltr' id='par_1_6' title="bbox 145 1583 1945 1812">
     <span class='ocr_line' id='line_1_18' title="bbox 147 1583 1945 1652; baseline 0.004 -23"><span class='ocrx_word' id='word_1_145' title='bbox 147 1584 158 1606; x_wconf 93' lang='lat'>‘</span> <span class='ocrx_word' id='word_1_146' title='bbox 174 1584 328 1631; x_wconf 88' lang='lat' dir='ltr'>terra.&#39;</span> <span class='ocrx_word' id='word_1_147' title='bbox 395 1583 742 1646; x_wconf 91' lang='lat' dir='ltr'>Incorporalia,</span> <span class='ocrx_word' id='word_1_148' title='bbox 771 1585 886 1647; x_wconf 89' lang='lat' dir='ltr'>quia</span> <span class='ocrx_word' id='word_1_149' title='bbox 911 1593 1077 1632; x_wconf 90' lang='lat' dir='ltr'>carent</span> <span class='ocrx_word' id='word_1_150' title='bbox 1102 1602 1279 1648; x_wconf 90' lang='lat' dir='ltr'>corpus</span> <span class='ocrx_word' id='word_1_151' title='bbox 1298 1604 1310 1647; x_wconf 80' lang='lat'><em>3</em></span> <span class='ocrx_word' id='word_1_152' title='bbox 1347 1588 1480 1635; x_wconf 90' lang='lat' dir='ltr'>unde</span> <span class='ocrx_word' id='word_1_153' title='bbox 1506 1603 1597 1635; x_wconf 92' lang='lat' dir='ltr'>nec</span> <span class='ocrx_word' id='word_1_154' title='bbox 1622 1586 1775 1636; x_wconf 90' lang='lat' dir='ltr'>videri</span> <span class='ocrx_word' id='word_1_155' title='bbox 1799 1603 1892 1636; x_wconf 92' lang='lat' dir='ltr'>nec</span> <span class='ocrx_word' id='word_1_156' title='bbox 1913 1605 1945 1652; x_wconf 93' lang='lat'>4</span> 
     </span>
     <span class='ocr_line' id='line_1_19' title="bbox 145 1663 1944 1732; baseline 0.002 -20"><span class='ocrx_word' id='word_1_157' title='bbox 145 1663 276 1726; x_wconf 87' lang='lat' dir='ltr'>tangi</span> <span class='ocrx_word' id='word_1_158' title='bbox 302 1674 521 1727; x_wconf 90' lang='lat' dir='ltr'>possunt,</span> <span class='ocrx_word' id='word_1_159' title='bbox 551 1674 603 1714; x_wconf 91' lang='lat' dir='ltr'>ut</span> <span class='ocrx_word' id='word_1_160' title='bbox 632 1669 643 1691; x_wconf 85' lang='lat'>‘</span> <span class='ocrx_word' id='word_1_161' title='bbox 662 1665 867 1726; x_wconf 84' lang='lat' dir='ltr'>veritas,&#39;</span> <span class='ocrx_word' id='word_1_162' title='bbox 898 1666 1135 1715; x_wconf 73' lang='lat' dir='ltr'>‘iustitia&#39;</span> <span class='ocrx_word' id='word_1_163' title='bbox 1184 1667 1457 1728; x_wconf 87' lang='lat' dir='ltr'>Generalia,</span> <span class='ocrx_word' id='word_1_164' title='bbox 1487 1668 1601 1731; x_wconf 88' lang='lat' dir='ltr'>quia</span> <span class='ocrx_word' id='word_1_165' title='bbox 1626 1671 1889 1718; x_wconf 90' lang='lat' dir='ltr'>multarum</span> <span class='ocrx_word' id='word_1_166' title='bbox 1914 1684 1944 1732; x_wconf 90' lang='lat'>5</span> 
     </span>
     <span class='ocr_line' id='line_1_20' title="bbox 145 1747 1891 1812; baseline 0.001 -18"><span class='ocrx_word' id='word_1_167' title='bbox 145 1761 305 1794; x_wconf 89' lang='lat' dir='ltr'>rerum</span> <span class='ocrx_word' id='word_1_168' title='bbox 335 1755 461 1806; x_wconf 90' lang='lat' dir='ltr'>sunt,</span> <span class='ocrx_word' id='word_1_169' title='bbox 495 1756 546 1798; x_wconf 89' lang='lat' dir='ltr'>ut</span> <span class='ocrx_word' id='word_1_170' title='bbox 584 1747 824 1797; x_wconf 81' lang='lat' dir='ltr'>‘animaL&#39;</span> <span class='ocrx_word' id='word_1_171' title='bbox 898 1749 1027 1796; x_wconf 90' lang='lat' dir='ltr'>Nam</span> <span class='ocrx_word' id='word_1_172' title='bbox 1063 1757 1111 1798; x_wconf 88' lang='lat' dir='ltr'>et</span> <span class='ocrx_word' id='word_1_173' title='bbox 1140 1750 1292 1796; x_wconf 91' lang='lat' dir='ltr'>homo</span> <span class='ocrx_word' id='word_1_174' title='bbox 1323 1759 1370 1799; x_wconf 92' lang='lat' dir='ltr'>et</span> <span class='ocrx_word' id='word_1_175' title='bbox 1407 1766 1564 1812; x_wconf 90' lang='lat' dir='ltr'>equus</span> <span class='ocrx_word' id='word_1_176' title='bbox 1594 1758 1641 1798; x_wconf 89' lang='lat' dir='ltr'>et</span> <span class='ocrx_word' id='word_1_177' title='bbox 1666 1748 1767 1797; x_wconf 89' lang='lat' dir='ltr'>avis</span> <span class='ocrx_word' id='word_1_178' title='bbox 1791 1751 1891 1797; x_wconf 90' lang='lat' dir='ltr'>ani-</span> 
     </span>
    </p>

    <p class='ocr_par' dir='ltr' id='par_1_7' title="bbox 73 1828 1947 2218">
     <span class='ocr_line' id='line_1_21' title="bbox 73 1828 1947 1895; baseline 0.004 -20"><span class='ocrx_word' id='word_1_179' title='bbox 73 1846 123 1875; x_wconf 63' lang='grc' dir='ltr'>πο</span> <span class='ocrx_word' id='word_1_180' title='bbox 145 1829 242 1876; x_wconf 89' lang='lat' dir='ltr'>mal</span> <span class='ocrx_word' id='word_1_181' title='bbox 259 1837 385 1879; x_wconf 90' lang='lat' dir='ltr'>sunt.</span> <span class='ocrx_word' id='word_1_182' title='bbox 422 1828 804 1892; x_wconf 83' lang='lat' dir='ltr'>Specialia‚quia</span> <span class='ocrx_word' id='word_1_183' title='bbox 821 1831 1373 1893; x_wconf 87' lang='lat' dir='ltr'>partemdemonstrant‚</span> <span class='ocrx_word' id='word_1_184' title='bbox 1386 1840 1438 1880; x_wconf 92' lang='lat' dir='ltr'>ut</span> <span class='ocrx_word' id='word_1_185' title='bbox 1458 1833 1658 1880; x_wconf 72' lang='lat' dir='ltr'>‘homo&#39;</span> <span class='ocrx_word' id='word_1_186' title='bbox 1689 1831 1886 1895; x_wconf 86' lang='lat' dir='ltr'>Species</span> <span class='ocrx_word' id='word_1_187' title='bbox 1913 1838 1947 1883; x_wconf 89' lang='lat'>6</span> 
     </span>
     <span class='ocr_line' id='line_1_22' title="bbox 142 1909 1936 1977; baseline 0 -20"><span class='ocrx_word' id='word_1_188' title='bbox 142 1909 274 1959; x_wconf 91' lang='lat' dir='ltr'>enim</span> <span class='ocrx_word' id='word_1_189' title='bbox 293 1909 579 1960; x_wconf 89' lang='lat' dir='ltr'>animalium</span> <span class='ocrx_word' id='word_1_190' title='bbox 597 1912 762 1959; x_wconf 88' lang='lat' dir='ltr'>homo.</span> <span class='ocrx_word' id='word_1_191' title='bbox 804 1911 1112 1975; x_wconf 89' lang='lat' dir='ltr'>Principalia,</span> <span class='ocrx_word' id='word_1_192' title='bbox 1131 1912 1246 1975; x_wconf 87' lang='lat' dir='ltr'>quia</span> <span class='ocrx_word' id='word_1_193' title='bbox 1265 1914 1471 1976; x_wconf 87' lang='lat' dir='ltr'>primam</span> <span class='ocrx_word' id='word_1_194' title='bbox 1488 1913 1786 1977; x_wconf 90' lang='lat' dir='ltr'>positionem</span> <span class='ocrx_word' id='word_1_195' title='bbox 1807 1912 1888 1958; x_wconf 90' lang='lat' dir='ltr'>ha-</span> <span class='ocrx_word' id='word_1_196' title='bbox 1909 1923 1936 1971; x_wconf 89' lang='lat'>7</span> 
     </span>
     <span class='ocr_line' id='line_1_23' title="bbox 142 1991 1940 2055; baseline -0.001 -16"><span class='ocrx_word' id='word_1_197' title='bbox 142 1991 272 2052; x_wconf 90' lang='lat' dir='ltr'>bent,</span> <span class='ocrx_word' id='word_1_198' title='bbox 302 2009 394 2042; x_wconf 89' lang='lat' dir='ltr'>nec</span> <span class='ocrx_word' id='word_1_199' title='bbox 418 1991 620 2041; x_wconf 90' lang='lat' dir='ltr'>aliunde</span> <span class='ocrx_word' id='word_1_200' title='bbox 645 2002 926 2054; x_wconf 89' lang='lat' dir='ltr'>nascuntur,</span> <span class='ocrx_word' id='word_1_201' title='bbox 954 2003 1006 2042; x_wconf 93' lang='lat' dir='ltr'>ut</span> <span class='ocrx_word' id='word_1_202' title='bbox 1036 1996 1240 2055; x_wconf 87' lang='lat' dir='ltr'>‘mons,&#39;</span> <span class='ocrx_word' id='word_1_203' title='bbox 1269 1999 1279 2019; x_wconf 73' lang='lat'><strong><em>⁶</em></strong></span> <span class='ocrx_word' id='word_1_204' title='bbox 1298 1996 1439 2042; x_wconf 86' lang='lat' dir='ltr'>fons.⁷</span> <span class='ocrx_word' id='word_1_205' title='bbox 1506 1994 1784 2043; x_wconf 78' lang='lat' dir='ltr'>DerivatIVa</span> <span class='ocrx_word' id='word_1_206' title='bbox 1809 2008 1882 2051; x_wconf 87' lang='lat' dir='ltr'>eo,</span> <span class='ocrx_word' id='word_1_207' title='bbox 1911 1995 1940 2038; x_wconf 93' lang='lat'>8</span> 
     </span>
     <span class='ocr_line' id='line_1_24' title="bbox 142 2073 1944 2135; baseline -0.001 -14"><span class='ocrx_word' id='word_1_208' title='bbox 142 2075 278 2135; x_wconf 89' lang='lat' dir='ltr'>quod</span> <span class='ocrx_word' id='word_1_209' title='bbox 303 2090 361 2122; x_wconf 87' lang='lat' dir='ltr'>ex</span> <span class='ocrx_word' id='word_1_210' title='bbox 385 2073 481 2122; x_wconf 89' lang='lat' dir='ltr'>alio</span> <span class='ocrx_word' id='word_1_211' title='bbox 508 2074 710 2122; x_wconf 91' lang='lat' dir='ltr'>nomine</span> <span class='ocrx_word' id='word_1_212' title='bbox 734 2076 1059 2135; x_wconf 91' lang='lat' dir='ltr'>deducantur,</span> <span class='ocrx_word' id='word_1_213' title='bbox 1079 2086 1131 2123; x_wconf 93' lang='lat' dir='ltr'>ut</span> <span class='ocrx_word' id='word_1_214' title='bbox 1155 2093 1184 2123; x_wconf 91' lang='lat' dir='ltr'>a</span> <span class='ocrx_word' id='word_1_215' title='bbox 1209 2086 1378 2124; x_wconf 91' lang='lat' dir='ltr'>monte</span> <span class='ocrx_word' id='word_1_216' title='bbox 1409 2075 1731 2124; x_wconf 68' lang='lat' dir='ltr'>‘montanus&#39;</span> <span class='ocrx_word' id='word_1_217' title='bbox 1805 2073 1888 2121; x_wconf 89' lang='lat' dir='ltr'>Di-</span> <span class='ocrx_word' id='word_1_218' title='bbox 1909 2085 1944 2131; x_wconf 88' lang='lat'><strong>9</strong></span> 
     </span>
     <span class='ocr_line' id='line_1_25' title="bbox 142 2154 1886 2218; baseline 0 -16"><span class='ocrx_word' id='word_1_219' title='bbox 142 2154 398 2215; x_wconf 89' lang='lat' dir='ltr'>minutiva,</span> <span class='ocrx_word' id='word_1_220' title='bbox 413 2155 527 2218; x_wconf 85' lang='lat' dir='ltr'>quia</span> <span class='ocrx_word' id='word_1_221' title='bbox 547 2155 775 2204; x_wconf 90' lang='lat' dir='ltr'>minuunt</span> <span class='ocrx_word' id='word_1_222' title='bbox 795 2172 1008 2216; x_wconf 85' lang='lat' dir='ltr'>sensum,</span> <span class='ocrx_word' id='word_1_223' title='bbox 1028 2165 1081 2205; x_wconf 90' lang='lat' dir='ltr'>ut</span> <span class='ocrx_word' id='word_1_224' title='bbox 1105 2158 1431 2217; x_wconf 82' lang='lat' dir='ltr'>‘Graeculus‚&#39;</span> <span class='ocrx_word' id='word_1_225' title='bbox 1455 2155 1886 2205; x_wconf 68' lang='lat' dir='ltr'>‘scholasticulus&#39;</span> 
     </span>
    </p>

    <p class='ocr_par' dir='ltr' id='par_1_8' title="bbox 70 2236 1964 2626">
     <span class='ocr_line' id='line_1_26' title="bbox 70 2236 1964 2300; baseline 0 -14"><span class='ocrx_word' id='word_1_226' title='bbox 70 2257 117 2298; x_wconf 84' lang='lat'>25</span> <span class='ocrx_word' id='word_1_227' title='bbox 143 2238 278 2285; x_wconf 88' lang='lat' dir='ltr'>Sono</span> <span class='ocrx_word' id='word_1_228' title='bbox 309 2236 614 2298; x_wconf 89' lang='lat' dir='ltr'>diminutiva,</span> <span class='ocrx_word' id='word_1_229' title='bbox 653 2238 769 2300; x_wconf 88' lang='lat' dir='ltr'>quia</span> <span class='ocrx_word' id='word_1_230' title='bbox 804 2238 873 2286; x_wconf 89' lang='lat' dir='ltr'>sic</span> <span class='ocrx_word' id='word_1_231' title='bbox 903 2248 1080 2287; x_wconf 89' lang='lat' dir='ltr'>sonant</span> <span class='ocrx_word' id='word_1_232' title='bbox 1116 2238 1241 2287; x_wconf 88' lang='lat' dir='ltr'>sicut</span> <span class='ocrx_word' id='word_1_233' title='bbox 1277 2239 1586 2300; x_wconf 89' lang='lat' dir='ltr'>diminutiva,</span> <span class='ocrx_word' id='word_1_234' title='bbox 1623 2239 1710 2286; x_wconf 87' lang='lat' dir='ltr'>sed</span> <span class='ocrx_word' id='word_1_235' title='bbox 1748 2237 1883 2285; x_wconf 82' lang='lat' dir='ltr'>intel·</span> <span class='ocrx_word' id='word_1_236' title='bbox 1907 2253 1964 2286; x_wconf 92' lang='lat'>10</span> 
     </span>
     <span class='ocr_line' id='line_1_27' title="bbox 141 2317 1949 2381; baseline -0.001 -16"><span class='ocrx_word' id='word_1_237' title='bbox 141 2320 270 2366; x_wconf 88' lang='lat' dir='ltr'>lectu</span> <span class='ocrx_word' id='word_1_238' title='bbox 296 2318 580 2381; x_wconf 91' lang='lat' dir='ltr'>principalia</span> <span class='ocrx_word' id='word_1_239' title='bbox 605 2329 731 2379; x_wconf 90' lang='lat' dir='ltr'>sunt,</span> <span class='ocrx_word' id='word_1_240' title='bbox 761 2329 813 2368; x_wconf 92' lang='lat' dir='ltr'>ut</span> <span class='ocrx_word' id='word_1_241' title='bbox 843 2325 853 2345; x_wconf 93' lang='lat'>‘</span> <span class='ocrx_word' id='word_1_242' title='bbox 873 2320 1069 2380; x_wconf 85' lang='lat' dir='ltr'>tabula,&#39;</span> <span class='ocrx_word' id='word_1_243' title='bbox 1098 2321 1318 2368; x_wconf 69' lang='lat' dir='ltr'>‘fabula&#39;</span> <span class='ocrx_word' id='word_1_244' title='bbox 1380 2325 1511 2370; x_wconf 92' lang='lat' dir='ltr'>Tota</span> <span class='ocrx_word' id='word_1_245' title='bbox 1536 2321 1738 2378; x_wconf 86' lang='lat' dir='ltr'>Graeca,</span> <span class='ocrx_word' id='word_1_246' title='bbox 1767 2317 1882 2380; x_wconf 88' lang='lat' dir='ltr'>quia</span> <span class='ocrx_word' id='word_1_247' title='bbox 1904 2332 1949 2364; x_wconf 91' lang='lat'>11</span> 
     </span>
     <span class='ocr_line' id='line_1_28' title="bbox 141 2399 1881 2466; baseline -0.002 -16"><span class='ocrx_word' id='word_1_248' title='bbox 141 2415 199 2450; x_wconf 85' lang='lat' dir='ltr'>ex</span> <span class='ocrx_word' id='word_1_249' title='bbox 223 2409 329 2448; x_wconf 92' lang='lat' dir='ltr'>toto</span> <span class='ocrx_word' id='word_1_250' title='bbox 351 2401 538 2449; x_wconf 89' lang='lat' dir='ltr'>Graece</span> <span class='ocrx_word' id='word_1_251' title='bbox 558 2400 880 2460; x_wconf 89' lang='lat' dir='ltr'>declinantur,</span> <span class='ocrx_word' id='word_1_252' title='bbox 902 2410 954 2449; x_wconf 91' lang='lat' dir='ltr'>ut</span> <span class='ocrx_word' id='word_1_253' title='bbox 984 2406 994 2426; x_wconf 91' lang='lat'>‘</span> <span class='ocrx_word' id='word_1_254' title='bbox 1015 2401 1249 2450; x_wconf 85' lang='lat' dir='ltr'>Callisto.⁷</span> <span class='ocrx_word' id='word_1_255' title='bbox 1298 2401 1377 2450; x_wconf 88' lang='lat' dir='ltr'>Sic</span> <span class='ocrx_word' id='word_1_256' title='bbox 1398 2402 1530 2450; x_wconf 89' lang='lat' dir='ltr'>enirn</span> <span class='ocrx_word' id='word_1_257' title='bbox 1553 2399 1641 2466; x_wconf 90' lang='lat' dir='ltr'>[et]</span> <span class='ocrx_word' id='word_1_258' title='bbox 1664 2401 1881 2448; x_wconf 89' lang='lat' dir='ltr'>Graecus</span> 
     </span>
     <span class='ocr_line' id='line_1_29' title="bbox 141 2481 1959 2545; baseline 0.001 -16"><span class='ocrx_word' id='word_1_259' title='bbox 141 2490 188 2529; x_wconf 92' lang='lat' dir='ltr'>et</span> <span class='ocrx_word' id='word_1_260' title='bbox 223 2481 427 2530; x_wconf 89' lang='lat' dir='ltr'>Latinus</span> <span class='ocrx_word' id='word_1_261' title='bbox 460 2481 592 2531; x_wconf 88' lang='lat' dir='ltr'>dicit.</span> <span class='ocrx_word' id='word_1_262' title='bbox 666 2485 795 2531; x_wconf 86' lang='lat' dir='ltr'>Tota</span> <span class='ocrx_word' id='word_1_263' title='bbox 827 2484 1015 2542; x_wconf 90' lang='lat' dir='ltr'>Latina,</span> <span class='ocrx_word' id='word_1_264' title='bbox 1054 2484 1167 2545; x_wconf 88' lang='lat' dir='ltr'>quia</span> <span class='ocrx_word' id='word_1_265' title='bbox 1202 2499 1259 2531; x_wconf 81' lang='lat' dir='ltr'>ex</span> <span class='ocrx_word' id='word_1_266' title='bbox 1293 2492 1396 2532; x_wconf 91' lang='lat' dir='ltr'>toto</span> <span class='ocrx_word' id='word_1_267' title='bbox 1430 2483 1479 2531; x_wconf 91' lang='lat' dir='ltr'>in</span> <span class='ocrx_word' id='word_1_268' title='bbox 1518 2482 1750 2530; x_wconf 90' lang='lat' dir='ltr'>Latinum</span> <span class='ocrx_word' id='word_1_269' title='bbox 1784 2499 1882 2531; x_wconf 88' lang='lat' dir='ltr'>ver·</span> <span class='ocrx_word' id='word_1_270' title='bbox 1906 2495 1959 2530; x_wconf 85' lang='lat'>12</span> 
     </span>
     <span class='ocr_line' id='line_1_30' title="bbox 141 2563 1959 2626; baseline 0 -15"><span class='ocrx_word' id='word_1_271' title='bbox 141 2571 320 2611; x_wconf 89' lang='lat' dir='ltr'>tuntur.</span> <span class='ocrx_word' id='word_1_272' title='bbox 398 2565 616 2612; x_wconf 91' lang='lat' dir='ltr'>Graecus</span> <span class='ocrx_word' id='word_1_273' title='bbox 655 2565 774 2613; x_wconf 88' lang='lat' dir='ltr'>dicit</span> <span class='ocrx_word' id='word_1_274' title='bbox 815 2565 1126 2626; x_wconf 86' lang='lat' dir='ltr'>‘Odysseus,’</span> <span class='ocrx_word' id='word_1_275' title='bbox 1172 2564 1374 2612; x_wconf 88' lang='lat' dir='ltr'>Latinus</span> <span class='ocrx_word' id='word_1_276' title='bbox 1413 2565 1640 2612; x_wconf 68' lang='lat' dir='ltr'>‘Vlixes’</span> <span class='ocrx_word' id='word_1_277' title='bbox 1713 2563 1883 2612; x_wconf 90' lang='lat' dir='ltr'>Media</span> <span class='ocrx_word' id='word_1_278' title='bbox 1906 2577 1959 2622; x_wconf 87' lang='lat'>13</span> 
     </span>
    </p>

    <p class='ocr_par' dir='ltr' id='par_1_9' title="bbox 69 2643 1883 2708">
     <span class='ocr_line' id='line_1_31' title="bbox 69 2643 1883 2708; baseline 0.001 -17"><span class='ocrx_word' id='word_1_279' title='bbox 69 2662 119 2701; x_wconf 82' lang='lat'>30</span> <span class='ocrx_word' id='word_1_280' title='bbox 141 2643 272 2692; x_wconf 88' lang='lat' dir='ltr'>dicta</span> <span class='ocrx_word' id='word_1_281' title='bbox 305 2644 419 2707; x_wconf 90' lang='lat' dir='ltr'>quia</span> <span class='ocrx_word' id='word_1_282' title='bbox 449 2662 506 2694; x_wconf 79' lang='lat' dir='ltr'>ex</span> <span class='ocrx_word' id='word_1_283' title='bbox 540 2655 677 2708; x_wconf 92' lang='lat' dir='ltr'>parte</span> <span class='ocrx_word' id='word_1_284' title='bbox 707 2647 895 2695; x_wconf 90' lang='lat' dir='ltr'>Graeca</span> <span class='ocrx_word' id='word_1_285' title='bbox 925 2655 1051 2706; x_wconf 91' lang='lat' dir='ltr'>sunt,</span> <span class='ocrx_word' id='word_1_286' title='bbox 1091 2662 1148 2693; x_wconf 81' lang='lat' dir='ltr'>ex</span> <span class='ocrx_word' id='word_1_287' title='bbox 1178 2656 1314 2708; x_wconf 83' lang='lat' dir='ltr'>parte</span> <span class='ocrx_word' id='word_1_288' title='bbox 1346 2646 1533 2695; x_wconf 90' lang='lat' dir='ltr'>Latina.</span> <span class='ocrx_word' id='word_1_289' title='bbox 1611 2646 1801 2694; x_wconf 90' lang='lat' dir='ltr'>Eadem</span> <span class='ocrx_word' id='word_1_290' title='bbox 1837 2655 1883 2692; x_wconf 93' lang='lat' dir='ltr'>et</span> 
     </span>
    </p>
   </div>
   <div class='ocr_carea' id='block_1_3' title="bbox 141 2772 1882 2935">
    <p class='ocr_par' dir='ltr' id='par_1_10' title="bbox 141 2772 1882 2935">
     <span class='ocr_line' id='line_1_32' title="bbox 199 2772 1881 2826; baseline -0.001 -13"><span class='ocrx_word' id='word_1_291' title='bbox 199 2787 216 2813; x_wconf 92' lang='lat'>1</span> <span class='ocrx_word' id='word_1_292' title='bbox 251 2775 407 2814; x_wconf 89' lang='lat' dir='ltr'>dictum</span> <span class='ocrx_word' id='word_1_293' title='bbox 428 2782 492 2814; x_wconf 90' lang='lat' dir='ltr'>est</span> <span class='ocrx_word' id='word_1_294' title='bbox 513 2776 630 2826; x_wconf 86' lang='lat' dir='ltr'>quasi</span> <span class='ocrx_word' id='word_1_295' title='bbox 651 2775 733 2815; x_wconf 90' lang='lat' dir='ltr'>KC</span> <span class='ocrx_word' id='word_1_296' title='bbox 750 2789 798 2815; x_wconf 86' lang='lat' dir='ltr'>ex</span> <span class='ocrx_word' id='word_1_297' title='bbox 810 2789 909 2816; x_wconf 84' lang='lat' dir='ltr'>corr.</span> <span class='ocrx_word' id='word_1_298' title='bbox 1042 2788 1066 2813; x_wconf 84' lang='lat'>2</span> <span class='ocrx_word' id='word_1_299' title='bbox 1096 2775 1218 2814; x_wconf 87' lang='lat' dir='ltr'>faciat</span> <span class='ocrx_word' id='word_1_300' title='bbox 1238 2775 1298 2814; x_wconf 76' lang='lat' dir='ltr'>Kl</span> <span class='ocrx_word' id='word_1_301' title='bbox 1322 2781 1369 2814; x_wconf 82' lang='lat' dir='ltr'>ut</span> <span class='ocrx_word' id='word_1_302' title='bbox 1385 2775 1467 2816; x_wconf 80' lang='lat' dir='ltr'>vid.</span> <span class='ocrx_word' id='word_1_303' title='bbox 1606 2785 1630 2822; x_wconf 91' lang='lat'>5</span> <span class='ocrx_word' id='word_1_304' title='bbox 1671 2778 1770 2811; x_wconf 87' lang='lat' dir='ltr'>sunt</span> <span class='ocrx_word' id='word_1_305' title='bbox 1789 2772 1881 2812; x_wconf 79' lang='lat' dir='ltr'>lmb.</span> 
     </span>
     <span class='ocr_line' id='line_1_33' title="bbox 141 2828 1882 2880; baseline -0.002 -12"><span class='ocrx_word' id='word_1_306' title='bbox 141 2828 244 2868; x_wconf 84' lang='lat' dir='ltr'>BC:</span> <span class='ocrx_word' id='word_1_307' title='bbox 273 2842 355 2869; x_wconf 86' lang='lat' dir='ltr'>om.</span> <span class='ocrx_word' id='word_1_308' title='bbox 378 2829 486 2868; x_wconf 83' lang='lat' dir='ltr'>K1T</span> <span class='ocrx_word' id='word_1_309' title='bbox 677 2843 938 2880; x_wconf 89' lang='lat' dir='ltr'>praenomen</span> <span class='ocrx_word' id='word_1_310' title='bbox 963 2861 971 2870; x_wconf 95' lang='lat'>.</span> <span class='ocrx_word' id='word_1_311' title='bbox 993 2860 1002 2869; x_wconf 92' lang='lat'>.</span> <span class='ocrx_word' id='word_1_312' title='bbox 1028 2859 1037 2870; x_wconf 90' lang='lat'>.</span> <span class='ocrx_word' id='word_1_313' title='bbox 1061 2842 1270 2879; x_wconf 87' lang='lat' dir='ltr'>agnomen</span> <span class='ocrx_word' id='word_1_314' title='bbox 1293 2843 1376 2871; x_wconf 83' lang='lat' dir='ltr'>om.</span> <span class='ocrx_word' id='word_1_315' title='bbox 1401 2829 1460 2869; x_wconf 84' lang='lat' dir='ltr'>K¹</span> <span class='ocrx_word' id='word_1_316' title='bbox 1647 2840 1668 2876; x_wconf 90' lang='lat'><strong>7</strong></span> <span class='ocrx_word' id='word_1_317' title='bbox 1699 2838 1750 2865; x_wconf 91' lang='lat' dir='ltr'>eo</span> <span class='ocrx_word' id='word_1_318' title='bbox 1771 2828 1882 2877; x_wconf 88' lang='lat' dir='ltr'>quod</span> 
     </span>
     <span class='ocr_line' id='line_1_34' title="bbox 141 2881 1882 2935; baseline -0.001 -13"><span class='ocrx_word' id='word_1_319' title='bbox 141 2889 260 2923; x_wconf 88' lang='lat' dir='ltr'>notat</span> <span class='ocrx_word' id='word_1_320' title='bbox 282 2883 320 2922; x_wconf 88' lang='grc' dir='ltr'><em>Β</em></span> <span class='ocrx_word' id='word_1_321' title='bbox 434 2897 483 2924; x_wconf 87' lang='lat'>10</span> <span class='ocrx_word' id='word_1_322' title='bbox 512 2885 582 2934; x_wconf 89' lang='lat' dir='ltr'>qui</span> <span class='ocrx_word' id='word_1_323' title='bbox 604 2890 761 2924; x_wconf 87' lang='lat' dir='ltr'>cretam</span> <span class='ocrx_word' id='word_1_324' title='bbox 789 2884 826 2922; x_wconf 92' lang='lat' dir='ltr'><em>T</em></span> <span class='ocrx_word' id='word_1_325' title='bbox 932 2897 980 2934; x_wconf 85' lang='lat'>14</span> <span class='ocrx_word' id='word_1_326' title='bbox 1008 2885 1119 2935; x_wconf 91' lang='lat' dir='ltr'>quod</span> <span class='ocrx_word' id='word_1_327' title='bbox 1142 2897 1175 2923; x_wconf 95' lang='lat' dir='ltr'>c.</span> <span class='ocrx_word' id='word_1_328' title='bbox 1197 2885 1280 2923; x_wconf 86' lang='lat' dir='ltr'>sint</span> <span class='ocrx_word' id='word_1_329' title='bbox 1296 2884 1357 2923; x_wconf 83' lang='lat' dir='ltr'>K¹</span> <span class='ocrx_word' id='word_1_330' title='bbox 1484 2896 1533 2933; x_wconf 88' lang='lat'>15</span> <span class='ocrx_word' id='word_1_331' title='bbox 1555 2881 1703 2931; x_wconf 87' lang='lat' dir='ltr'>viginti</span> <span class='ocrx_word' id='word_1_332' title='bbox 1725 2888 1766 2920; x_wconf 90' lang='lat' dir='ltr'>et</span> <span class='ocrx_word' id='word_1_333' title='bbox 1787 2887 1882 2920; x_wconf 92' lang='lat' dir='ltr'>octo</span> 
     </span>
    </p>
   </div>
   <div class='ocr_carea' id='block_1_4' title="bbox 139 2936 1891 3100">
    <p class='ocr_par' dir='ltr' id='par_1_11' title="bbox 139 2936 1891 3100">
     <span class='ocr_line' id='line_1_35' title="bbox 139 2936 1880 2990; baseline -0.003 -13"><span class='ocrx_word' id='word_1_334' title='bbox 139 2937 181 2977; x_wconf 88' lang='lat' dir='ltr'><em>B</em></span> <span class='ocrx_word' id='word_1_335' title='bbox 293 2950 340 2988; x_wconf 92' lang='lat'>17</span> <span class='ocrx_word' id='word_1_336' title='bbox 371 2951 550 2989; x_wconf 85' lang='lat' dir='ltr'>corpore</span> <span class='ocrx_word' id='word_1_337' title='bbox 570 2938 693 2978; x_wconf 87' lang='lat' dir='ltr'>BCK</span> <span class='ocrx_word' id='word_1_338' title='bbox 803 2951 853 2988; x_wconf 91' lang='lat'>19</span> <span class='ocrx_word' id='word_1_339' title='bbox 883 2939 1037 2990; x_wconf 87' lang='lat' dir='ltr'>equus]</span> <span class='ocrx_word' id='word_1_340' title='bbox 1059 2951 1191 2990; x_wconf 87' lang='lat' dir='ltr'>pecus</span> <span class='ocrx_word' id='word_1_341' title='bbox 1220 2939 1257 2978; x_wconf 93' lang='lat' dir='ltr'><em>T</em></span> <span class='ocrx_word' id='word_1_342' title='bbox 1333 2938 1530 2977; x_wconf 87' lang='lat' dir='ltr'>animalia</span> <span class='ocrx_word' id='word_1_343' title='bbox 1557 2937 1601 2974; x_wconf 90' lang='lat' dir='ltr'><em>K</em></span> <span class='ocrx_word' id='word_1_344' title='bbox 1719 2948 1770 2984; x_wconf 85' lang='lat'>23</span> <span class='ocrx_word' id='word_1_345' title='bbox 1805 2936 1880 2987; x_wconf 87' lang='lat' dir='ltr'>ex]</span> 
     </span>
     <span class='ocr_line' id='line_1_36' title="bbox 141 2989 1879 3043; baseline -0.001 -13"><span class='ocrx_word' id='word_1_346' title='bbox 141 2991 194 3030; x_wconf 89' lang='lat' dir='ltr'>ab</span> <span class='ocrx_word' id='word_1_347' title='bbox 213 2991 259 3031; x_wconf 91' lang='lat' dir='ltr'><em>K</em></span> <span class='ocrx_word' id='word_1_348' title='bbox 385 2995 438 3032; x_wconf 84' lang='lat'>26</span> <span class='ocrx_word' id='word_1_349' title='bbox 467 2993 604 3032; x_wconf 89' lang='lat' dir='ltr'>fabula</span> <span class='ocrx_word' id='word_1_350' title='bbox 623 2992 765 3033; x_wconf 86' lang='lat' dir='ltr'>tabula</span> <span class='ocrx_word' id='word_1_351' title='bbox 785 2993 830 3032; x_wconf 91' lang='lat' dir='ltr'><strong><em>K</em></strong></span> <span class='ocrx_word' id='word_1_352' title='bbox 954 3006 1004 3043; x_wconf 88' lang='lat'>27</span> <span class='ocrx_word' id='word_1_353' title='bbox 1036 2994 1149 3032; x_wconf 86' lang='lat' dir='ltr'>enim</span> <span class='ocrx_word' id='word_1_354' title='bbox 1171 2999 1214 3032; x_wconf 86' lang='lat' dir='ltr'>et</span> <span class='ocrx_word' id='word_1_355' title='bbox 1235 3005 1295 3042; x_wconf 88' lang='lat' dir='ltr'>gr.</span> <span class='ocrx_word' id='word_1_356' title='bbox 1322 2992 1399 3031; x_wconf 89' lang='lat' dir='ltr'>CT</span> <span class='ocrx_word' id='word_1_357' title='bbox 1516 2992 1568 3030; x_wconf 86' lang='lat'>28</span> <span class='ocrx_word' id='word_1_358' title='bbox 1596 2992 1640 3032; x_wconf 87' lang='lat' dir='ltr'>in</span> <span class='ocrx_word' id='word_1_359' title='bbox 1658 2991 1788 3031; x_wconf 84' lang='lat' dir='ltr'>latino</span> <span class='ocrx_word' id='word_1_360' title='bbox 1807 2989 1854 3028; x_wconf 76' lang='lat' dir='ltr'><em>K</em></span> <span class='ocrx_word' id='word_1_361' title='bbox 1870 3005 1879 3029; x_wconf 92' lang='lat'>:</span> 
     </span>
     <span class='ocr_line' id='line_1_37' title="bbox 141 3044 1891 3100; baseline -0.001 -16"><span class='ocrx_word' id='word_1_362' title='bbox 141 3045 316 3084; x_wconf 85' lang='lat' dir='ltr'>latinum</span> <span class='ocrx_word' id='word_1_363' title='bbox 339 3049 440 3098; x_wconf 84' lang='lat' dir='ltr'>(om.</span> <span class='ocrx_word' id='word_1_364' title='bbox 463 3048 523 3099; x_wconf 80' lang='lat' dir='ltr'>in)</span> <span class='ocrx_word' id='word_1_365' title='bbox 553 3047 590 3086; x_wconf 88' lang='lat' dir='ltr'><em>T</em></span> <span class='ocrx_word' id='word_1_366' title='bbox 694 3061 747 3098; x_wconf 89' lang='lat'>29</span> <span class='ocrx_word' id='word_1_367' title='bbox 775 3048 880 3087; x_wconf 86' lang='lat' dir='ltr'>dixit</span> <span class='ocrx_word' id='word_1_368' title='bbox 900 3048 944 3086; x_wconf 94' lang='lat' dir='ltr'><em>K</em></span> <span class='ocrx_word' id='word_1_369' title='bbox 963 3050 1068 3100; x_wconf 81' lang='lat' dir='ltr'>(non</span> <span class='ocrx_word' id='word_1_370' title='bbox 1096 3048 1196 3087; x_wconf 81' lang='lat' dir='ltr'>Par.</span> <span class='ocrx_word' id='word_1_371' title='bbox 1219 3048 1337 3099; x_wconf 76' lang='lat' dir='ltr'>extr.)</span> <span class='ocrx_word' id='word_1_372' title='bbox 1454 3059 1506 3097; x_wconf 79' lang='lat'>30</span> <span class='ocrx_word' id='word_1_373' title='bbox 1536 3053 1634 3087; x_wconf 84' lang='lat' dir='ltr'>sunt</span> <span class='ocrx_word' id='word_1_374' title='bbox 1654 3051 1696 3085; x_wconf 88' lang='lat' dir='ltr'>et</span> <span class='ocrx_word' id='word_1_375' title='bbox 1712 3058 1764 3085; x_wconf 86' lang='lat' dir='ltr'>ex</span> <span class='ocrx_word' id='word_1_376' title='bbox 1786 3057 1824 3099; x_wconf 88' lang='lat' dir='ltr'>p.</span> <span class='ocrx_word' id='word_1_377' title='bbox 1854 3044 1891 3081; x_wconf 92' lang='lat' dir='ltr'><em>T</em></span> 
     </span>
    </p>
   </div>
   <div class='ocr_carea' id='block_1_5' title="bbox 213 3115 1024 3164">
    <p class='ocr_par' dir='ltr' id='par_1_12' title="bbox 213 3115 1024 3164">
     <span class='ocr_line' id='line_1_38' title="bbox 213 3115 1024 3164; baseline 0 -10"><span class='ocrx_word' id='word_1_378' title='bbox 213 3115 316 3155; x_wconf 80' lang='lat'>1182</span> <span class='ocrx_word' id='word_1_379' title='bbox 991 3132 1024 3164; x_wconf 93' lang='lat' dir='ltr'>D</span> 
     </span>
    </p>
   </div>
  </div>
 </body>
</html>
