2228 3444
1091 206 1362 254 ISIDORI

356 334 453 381 bris
479 332 630 397 ipsius
653 352 665 393 3
703 333 823 397 quid
850 336 913 383 de
947 335 1098 384 veteri
1133 344 1181 383 et
1211 353 1343 384 novo
1370 338 1558 400 populo
1578 355 1590 397 3
1627 337 1749 400 quid
1775 339 1837 386 de
1862 337 2105 402 praesenti

355 417 554 464 saeculo
580 425 628 464 et
653 418 818 465 futuro
844 433 997 480 regno
1022 426 1171 480 atque
1197 417 1397 467 iudicio.

290 499 329 537 11
491 501 575 547 DE
618 514 988 548 SCRIPTORIBvs
1028 515 1092 547 ET
1135 515 1420 550 VOCABVLIS
1458 516 1773 550 SANCTORVM
1819 517 2103 550 LlssRoRVM.

353 580 547 629 Veteris
600 581 911 630 Testamenti
963 583 1238 631 secundum
1297 582 1644 631 Hebraeorum
1693 583 2009 632 traditionem
2058 583 2108 631 hi

353 662 674 725 perhibentur
698 673 937 712 auctores.
1002 663 1194 713 Primus
1221 666 1423 728 Moyses
1444 664 1638 714 divinae
1664 664 1894 714 historiae
1919 683 2110 715 cosmo·
2133 681 2154 720 5

351 744 606 808 graphiam
649 745 700 793 in
736 745 957 809 quinque
989 746 1325 796 voluminibus
1367 746 1535 807 edidit,
1577 749 1713 811 quod
1762 747 2107 796 Pentatichum

301 839 331 873 2
353 827 651 877 nominatur.
724 830 1092 878 Pentateuchus
1129 838 1295 878 autem
1329 847 1358 878 a
1387 829 1607 892 quinque
1632 829 1967 878 voluminibus
1993 828 2109 878 dici-

354 920 462 971 tur3
513 913 648 961 πέντε
696 910 829 960 enim
879 913 1068 960 Graece
1117 911 1352 975 quinque,
1401 917 1563 978 τεῦχος
1610 914 1844 961 volumen
1890 920 2105 961 vocatur.

301 1003 331 1050 3
355 993 565 1042 Genesis
606 993 730 1042 liber
778 993 895 1043 inde
938 995 1225 1057 appellatur,
1265 1011 1325 1042 eo
1367 995 1504 1058 quod
1546 994 1802 1043 exordium
1845 993 2019 1042 mundi
2062 1002 2110 1041 et

296 1088 329 1134 4
352 1075 604 1138 generatio
646 1075 828 1125 saeculi
865 1075 915 1123 in
953 1092 1014 1124 eo
1051 1075 1374 1125 contineatur.
1450 1078 1654 1125 Exodus
1679 1093 1794 1125 vero
1824 1075 2008 1125 exitum
2045 1074 2108 1123 ab
2138 1089 2185 1117 10

357 1161 595 1222 Aegypto,
638 1160 714 1207 vel
748 1175 997 1221 egressum
1035 1157 1206 1221 populi
1242 1157 1436 1208 Israelis
1474 1157 1662 1222 digerit,
1699 1168 1747 1207 et
1780 1175 1839 1207 ex
1872 1175 1930 1207 ea
1962 1174 2111 1206 causa

301 1253 332 1302 5
355 1257 539 1290 nomen
566 1240 771 1304 accepit.
844 1239 1092 1289 Leviticus
1117 1242 1392 1304 appellatus
1418 1257 1478 1289 eo
1503 1242 1638 1303 quod
1665 1239 1946 1288 Levitarum
1972 1238 2111 1286 mini-

357 1322 501 1371 steria
527 1332 574 1372 et
594 1322 927 1372 diversitatem
948 1321 1259 1371 victimarum
1280 1322 1548 1385 exequitur,
1567 1330 1799 1385 totusque
1825 1320 1874 1368 in
1902 1337 1963 1370 eo
1988 1321 2111 1368 ordo

296 1405 330 1452 6
357 1403 606 1453 Leviticus
635 1405 914 1453 adnotatur.
987 1406 1322 1453 Numer-orum
1355 1403 1478 1453 liber
1503 1412 1705 1453 vocatur
1730 1420 1790 1452 eo
1815 1404 1951 1466 quod
1977 1403 2028 1450 in
2054 1418 2112 1450 eo

356 1503 579 1549 egressae
612 1487 675 1535 de
700 1489 928 1550 Aegypto
954 1485 1108 1534 tribus
1143 1486 1530 1547 dinumerantur,
1560 1495 1608 1536 et
1641 1484 1965 1549 quadraginta
1996 1485 2112 1532 dua·
2139 1498 2186 1538 15

304 1581 333 1629 7
357 1586 463 1616 rum
489 1586 575 1632 per
594 1585 814 1618 eremum
836 1567 1151 1617 mansionum
1172 1568 1222 1616 in
1240 1585 1300 1617 eo
1320 1567 1573 1632 discriptio
1593 1569 1886 1616 continetur.
1931 1568 2113 1614 Deute-

356 1651 636 1700 ronomium
657 1652 850 1700 Graeco
871 1667 1098 1700 sermone
1116 1652 1403 1714 appellatur,
1422 1652 1559 1713 quod
1577 1649 1751 1699 Latine
1771 1649 2114 1712 interpretatur

358 1735 577 1783 secunda
602 1735 692 1794 lex,
720 1732 771 1782 id
797 1741 871 1782 est
895 1732 1123 1797 repetitio
1161 1742 1207 1782 et
1242 1732 1553 1796 evangelicae
1586 1732 1706 1796 legis
1739 1730 2114 1795 praefiguratio3

358 1830 486 1876 quae
512 1814 580 1863 sic
607 1832 663 1863 ea
693 1815 844 1864 habet
870 1833 997 1879 quae
1034 1815 1195 1879 priora
1229 1824 1356 1876 sunt,
1386 1824 1438 1864 ut
1464 1825 1631 1864 tamen
1658 1831 1787 1863 nova
1817 1813 1913 1863 sint
1946 1811 2115 1861 omnia

307 1905 335 1951 8
359 1914 486 1960 quae
512 1897 563 1945 in
587 1915 648 1946 eo
672 1897 980 1961 replicantur.
1058 1901 1206 1946 Iosue
1231 1897 1354 1946 liber
1387 1914 1573 1945 nomen
1602 1899 1793 1960 accepit
1817 1914 1846 1944 a
1873 1898 1987 1944 Iesu
2014 1894 2114 1942 filio
2141 1910 2190 1936 20

361 1982 514 2039 Nave,
543 1980 682 2029 cuius
716 1980 970 2029 historiam
1003 1980 1225 2028 continet
1242 1998 1255 2041 3
1293 1979 1579 2043 scriptorem
1613 1995 1729 2027 vero
1760 1978 1863 2027 eius
1897 1978 2113 2026 eundem

362 2064 510 2111 Iosue
538 2062 759 2111 Hebraei
784 2065 1075 2112 adseverant
1093 2082 1106 2124 3
1143 2061 1194 2109 in
1219 2061 1357 2109 cuius
1383 2070 1517 2110 textu
1542 2071 1655 2124 post
1689 2059 1914 2109 Iordanis
1947 2058 2115 2107 transi-

360 2155 465 2193 tum
503 2162 652 2208 regna
684 2145 902 2194 hostium
938 2145 1301 2204 subvertuntur,
1329 2153 1454 2192 terra
1486 2144 1672 2207 populo
1698 2141 1932 2191 dividitur
1957 2150 2004 2189 et
2030 2157 2115 2203 per

361 2227 575 2290 singulas
602 2227 760 2286 urbes,
791 2227 991 2287 viculos,
1021 2236 1217 2275 montes
1249 2235 1398 2288 atque
1432 2224 1649 2273 confinia
1680 2223 1933 2273 Ecclesiae
1964 2223 2116 2271 caele-

303 2324 337 2370 9
361 2307 547 2371 stisque
585 2308 901 2357 Hierusalem
945 2307 1177 2372 spiritalia
1219 2324 1366 2371 regna
1407 2307 1808 2370 praefigurantur.
1884 2303 2115 2353 Iudicum
2143 2319 2189 2359 25

361 2390 645 2438 nominatur
669 2408 698 2438 a
722 2389 1027 2453 principibus
1053 2389 1238 2453 populi,
1267 2388 1351 2452 qui
1384 2390 1699 2452 praefuerunt
1733 2387 1783 2435 in
1819 2388 1971 2435 Israel
2003 2395 2116 2449 post

363 2475 576 2535 Moysen
613 2483 661 2522 et
699 2474 862 2533 Iosue,
889 2482 1156 2535 antequam
1196 2471 1360 2520 David
1396 2481 1443 2520 et
1480 2470 1629 2519 ceteri
1666 2487 1802 2533 reges
1839 2468 2115 2518 existerent.

365 2556 519 2602 Hunc
544 2554 723 2603 librum
750 2554 966 2604 edidisse
991 2554 1205 2603 creditur
1230 2555 1442 2602 Samuel.
1496 2552 1644 2601 Liber
1670 2553 1869 2602 Samuel
1894 2550 2116 2600 eiusdem

363 2638 604 2685 Samuelis
631 2636 936 2686 nativitatem
963 2647 1010 2686 et
1044 2635 1374 2686 sacerdotium
1401 2644 1448 2684 et
1473 2644 1609 2698 gesta
1634 2633 1867 2684 describit
1886 2651 1898 2693 3
1933 2631 2118 2681 idcirco

284 2735 342 2769 10
365 2727 414 2768 et
437 2719 502 2767 ab
527 2735 587 2767 eo
615 2735 799 2768 nomen
831 2720 1036 2783 accepit.
1112 2721 1176 2767 Et
1209 2717 1432 2781 quamvis
1468 2716 1549 2765 hic
1582 2716 1706 2765 liber
1738 2717 1854 2765 Saul
1878 2724 1927 2764 et
1954 2712 2116 2762 David
2142 2724 2194 2763 30

421 2863 445 2887 2
476 2848 632 2900 regno]
653 2862 755 2899 rego
783 2848 928 2888 Tante
947 2862 1045 2888 corr.
1065 2863 1074 2888 ε
1104 2862 1187 2888 om.
1211 2846 1258 2884 K
1365 2862 1389 2897 4
1421 2848 1555 2886 Hebr.
1578 2847 1687 2886 trad.
1711 2843 1904 2885 ABCT:
1933 2844 2118 2883 hebreos

366 2903 412 2941 K
547 2916 572 2954 5
601 2905 837 2954 probentur
855 2904 897 2941 B
1036 2917 1057 2953 7
1092 2903 1212 2942 Pent.
1238 2932 1248 2941 .
1271 2932 1281 2942 .
1306 2933 1314 2942 .
1336 2908 1514 2941 vocatur
1533 2899 1700 2940 ABCT
1713 2901 1813 2953 (om.
1832 2901 1878 2952 a)
1904 2898 1969 2938 U:
1989 2906 2120 2949 penta

367 2961 480 2998 enim
510 2972 637 3009 grece
666 2973 691 2998 a
721 2958 907 3011 quinque
928 2959 1213 2997 voluminibus
1231 2963 1408 2996 vocatur
1428 2955 1474 2994 K
1586 2970 1636 2996 1o
1665 2954 1800 3006 cont.]
1821 2959 2046 2993 coronatur
2069 2952 2120 2992 Cl

371 3026 415 3052 11
448 3027 688 3064 regressum
709 3012 755 3050 K
907 3027 955 3052 12
986 3013 1225 3064 appellatur
1245 3010 1291 3049 K
1308 3011 1542 3063 (Tincert.)
1695 3023 1743 3059 14
1773 3008 1931 3049 levitici
1950 3008 2046 3047 adn.
2070 3007 2120 3046 Cl

372 3071 420 3106 18
451 3075 493 3108 et
513 3083 596 3109 om.
629 3068 666 3107 T
813 3081 862 3117 19
890 3081 999 3118 quae
1021 3068 1082 3107 sic
1106 3067 1147 3105 Β
1167 3081 1177 3106 :
1206 3067 1279 3116 qui
1299 3066 1360 3106 sic
1382 3065 1485 3106 CK:
1513 3066 1584 3116 qui
1607 3065 1667 3104 sic
1689 3066 1732 3104 in
1762 3064 1798 3103 T
1945 3077 1994 3102 21
2027 3062 2120 3102 eius

367 3124 570 3175 eundem]
593 3124 782 3164 eiusdem
801 3121 844 3160 Β
981 3137 1033 3162 22
1063 3123 1270 3162 adserunt
1289 3120 1330 3159 Β
1459 3126 1620 3161 textum
1642 3122 1682 3160 B
1813 3133 1864 3169 24
1895 3117 2056 3158 viculos
2075 3131 2124 3157 ex

367 3179 483 3218 vicos
511 3178 549 3216 T
691 3192 743 3229 29
773 3178 963 3217 discribit
985 3177 1030 3214 K
1047 3193 1054 3215 :
1086 3177 1299 3227 discripsit
1327 3175 1364 3214 T
