2176 3424
527 122 1159 173 ETYMOLOGIARVM
1200 122 1328 169 LIB.
1371 122 1457 168 IX.
1500 121 1531 168 ii

156 275 247 307 nec
280 256 599 318 Aethiopum,
636 254 721 317 qui
754 254 984 303 dicuntur
1016 255 1081 302 ad
1121 270 1235 302 eum
1271 253 1426 301 filium
1463 255 1624 303 Cham
1657 253 1899 316 pertinere

155 339 239 401 qui
276 338 413 389 Chus
449 338 723 401 appellatus
774 345 859 385 est.
952 336 1016 382 Et
1053 334 1092 383 si
1131 334 1298 383 omnia
1334 336 1722 394 considerentur,
1762 337 1899 398 plura

156 429 322 468 tamen
356 418 577 483 gentium
630 426 818 466 mutata
867 433 1015 480 quam
1062 418 1314 465 manentia
1350 417 1592 465 vocabula
1628 426 1899 480 apparent3

156 492 342 564 quibus⁴
371 510 541 564 postea
576 501 780 549 nomina
815 499 1006 548 diversa
1043 498 1182 548 dedit
1218 498 1355 547 ratio.
1431 500 1663 562 Namque
1696 498 1810 547 Indi
1835 499 1899 547 ab

110 594 131 634 5
157 584 286 631 Indo
313 582 513 631 flumine
544 583 662 631 dicti
697 590 822 640 sunt,
852 580 937 643 qui
970 581 1033 628 ab
1064 579 1362 628 occidentali
1395 589 1533 643 parte
1566 597 1650 629 eos
1676 579 1895 629 includit.

155 667 295 713 Seres
320 682 348 712 a
377 665 573 728 proprio
606 665 792 727 oppido
826 679 1011 711 nomen
1043 661 1198 711 sortiti
1233 672 1360 722 sunt,
1388 680 1508 726 gens
1542 665 1606 712 ad
1642 663 1897 713 Orientem
1921 677 1992 724 40

156 746 259 805 sita,
288 748 421 810 apud
454 763 576 809 quos
609 746 672 794 de
701 745 959 794 arboribus
989 746 1101 793 lana
1134 744 1424 794 contexitur.
1502 748 1579 795 De
1614 746 1794 808 quibus
1828 756 1899 795 est

157 828 277 876 illud
301 847 310 876 :

525 894 688 958 Ignoti
726 894 862 955 facie,
901 896 987 943 sed
1025 894 1130 943 noti
1167 896 1344 943 vellere
1382 896 1539 944 Seres,

90 1003 135 1029 10
159 989 467 1052 Gangaridae
509 989 678 1052 populi
730 998 841 1037 sunt
887 989 1011 1037 inter
1047 989 1272 1052 Assyrios
1313 991 1583 1053 Indosque,
1623 991 1902 1040 habitantes
1926 1000 1982 1046 41

157 1071 283 1120 circa
300 1073 508 1134 Gangen
528 1071 743 1119 fluvium.
814 1073 963 1119 Vnde
984 1071 1131 1119 etiam
1149 1071 1460 1134 Gangaridae
1479 1072 1749 1135 nuncupati
1770 1083 1898 1121 sunt.

160 1152 365 1201 Hircani
396 1152 513 1201 dicti
544 1170 572 1201 a
606 1152 725 1200 silva
753 1151 1003 1212 Hircania,
1033 1152 1118 1201 ubi
1153 1162 1266 1201 sunt
1300 1153 1540 1216 plurimae
1573 1154 1731 1217 tigres.
1807 1158 1896 1204 Ba·
1918 1166 2069 1215 42,43

158 1234 328 1282 ctriani
345 1235 553 1297 Scythae
570 1236 778 1294 fuerunt,
799 1234 882 1296 qui
909 1251 1109 1283 suorum
1136 1236 1350 1283 factione
1369 1252 1398 1283 a
1417 1236 1617 1284 sedibus
1644 1236 1742 1284 suis
1768 1237 1898 1300 pulsi

157 1318 288 1364 iuxta
315 1319 527 1365 Bactron
555 1316 770 1366 Orientis
797 1317 998 1364 fluvium
1024 1319 1371 1375 consederunt,
1400 1334 1459 1366 ex
1486 1318 1625 1367 cuius
1655 1320 1900 1368 vocabulo

90 1414 133 1454 15
158 1408 204 1447 et
242 1414 425 1447 nomen
464 1398 633 1447 sortiti.
709 1398 874 1446 Huius
910 1400 1069 1461 gentis
1107 1416 1188 1447 rex
1225 1398 1314 1447 fuit
1352 1402 1646 1460 Zoroastres,
1676 1403 1903 1450 inventor

159 1482 376 1544 magicae
409 1480 536 1528 artis.
610 1482 774 1528 Parthi
814 1497 1015 1543 quoque
1046 1490 1094 1529 et
1121 1480 1213 1544 ipsi
1239 1482 1302 1529 ab
1329 1481 1520 1544 Scythis
1548 1483 1787 1546 originem
1813 1494 1901 1533 tra-
1925 1496 1993 1545 44

160 1563 297 1610 hunt.
373 1564 590 1611 Fuerunt
612 1564 743 1610 enim
767 1579 936 1611 eorum
954 1564 1133 1623 exules,
1147 1564 1282 1625 quod
1303 1563 1450 1611 etiam
1470 1581 1640 1613 eorum
1659 1566 1902 1615 vocabulo

161 1644 509 1692 manifestatur.
584 1647 714 1693 Nam
749 1644 979 1707 Scythico
1012 1661 1240 1693 sermone
1279 1648 1443 1695 exules
1484 1647 1702 1709 ‘parthi’
1735 1649 1903 1697 dicun-

160 1735 248 1773 tur.
320 1726 408 1787 Hi,
433 1726 654 1775 similiter
680 1735 732 1775 ut
759 1726 1020 1786 Bactriani,
1044 1727 1329 1776 domesticis
1356 1728 1685 1778 seditionibus
1707 1730 1904 1793 Scythia

89 1827 139 1855 20
159 1806 286 1870 pulsi
312 1807 601 1857 solitudines
629 1810 760 1857 iuxta
782 1808 1073 1856 Hircaniam
1100 1808 1315 1872 primum
1336 1811 1501 1859 furtim
1520 1822 1899 1874 occupaverunt,

158 1887 339 1936 deinde
364 1890 596 1952 pleraque
622 1890 793 1938 finium
821 1890 969 1939 etiam
996 1890 1172 1939 virtute
1206 1892 1539 1941 obtinuerunt.
1614 1893 1798 1957 Assyrii
1837 1895 1900 1943 ab
1924 1900 1989 1948 45

158 1971 312 2018 Assur
346 1970 446 2019 filio
477 1972 590 2020 Sem
622 1971 795 2031 vocati,
831 1988 951 2034 gens
988 1972 1346 2034 potentissima,
1384 1991 1510 2036 quae
1547 1975 1610 2022 ab
1649 1977 1901 2039 Euphrate

157 2068 314 2114 usque
330 2054 392 2100 ad
411 2053 650 2101 Indorum
667 2055 789 2101 fines
806 2069 1006 2102 omnem
1023 2053 1073 2101 in
1091 2056 1257 2103 medio
1275 2055 1431 2104 tenuit
1447 2056 1711 2119 regionem.
1760 2059 1900 2107 Medi
1923 2063 1993 2120 46

157 2151 186 2182 a
210 2151 320 2197 rege
346 2150 435 2182 suo
455 2135 788 2197 cognominati
807 2144 1052 2198 putantur.
1129 2137 1360 2200 Namque
1388 2138 1551 2199 Iason,
1572 2138 1752 2187 Peliaci
1778 2140 1902 2203 regis

88 2231 135 2271 25
158 2216 315 2273 frater,
335 2233 363 2263 a
384 2215 548 2265 Peliae
566 2217 674 2265 filiis
701 2217 958 2266 Thessalia
979 2219 1148 2280 pulsus
1176 2227 1248 2267 est
1274 2235 1389 2267 cum
1408 2222 1593 2269 Medea
1618 2238 1768 2270 uxore
1785 2238 1872 2269 sua
1890 2240 1902 2282 3

159 2296 297 2344 cuius
324 2296 413 2345 fuit
438 2297 685 2361 privignus
714 2300 895 2348 Medus
922 2316 1003 2347 rex
1029 2299 1427 2361 Atheniensium,
1445 2302 1530 2363 qui
1555 2312 1667 2365 post
1692 2312 1900 2352 mortem

160 2377 348 2426 Iasonis
376 2378 591 2428 Orientis
617 2381 810 2443 plagam
837 2380 1132 2443 perdomuit,
1153 2380 1321 2444 ibique
1339 2383 1563 2432 Mediam
1590 2385 1763 2434 urbem
1790 2403 1904 2434 con-

160 2460 299 2521 didit,
318 2470 615 2525 gentemque
637 2463 904 2511 Medorum
931 2462 1134 2512 nomine
1161 2480 1250 2512 suo
1275 2465 1551 2528 appellavit.
1606 2468 1704 2516 Sed
1720 2467 1903 2516 inveni-

160 2558 269 2590 mus
294 2542 345 2590 in
370 2543 553 2592 Genesi
587 2545 722 2606 quod
749 2545 919 2593 Madai
943 2552 1115 2592 auctor
1137 2545 1296 2608 gentis
1324 2547 1590 2596 Medorum
1618 2547 1720 2608 fuit,
1748 2566 1776 2597 a
1802 2566 1902 2611 quo

89 2646 140 2687 30
161 2634 208 2674 et
235 2624 583 2687 cognominati,
611 2634 664 2674 ut
690 2626 911 2689 superius
942 2626 1130 2675 dictum
1166 2635 1251 2676 est.
1327 2630 1503 2678 Persae
1529 2646 1557 2677 a
1583 2632 1763 2679 Perseo
1788 2646 1900 2693 rege
1920 2637 1983 2686 47

162 2715 273 2755 sunt
297 2706 472 2767 vocati,
500 2706 583 2769 qui
610 2723 637 2755 e
662 2707 868 2757 Graecia
893 2707 1061 2756 Asiam
1090 2710 1343 2769 transiens,
1372 2709 1440 2758 ibi
1471 2712 1701 2760 barbaras
1730 2721 1900 2775 gentes

221 2849 239 2875 1
272 2837 426 2875 dicitur
447 2835 493 2874 K
653 2837 858 2887 pertineri
879 2837 924 2875 K
1083 2852 1106 2876 2
1137 2838 1316 2888 plurima
1336 2839 1459 2878 BCT
1615 2843 1641 2878 6
1673 2842 1841 2879 nomine
1862 2841 1908 2879 K

168 2903 214 2928 12
245 2891 343 2929 dicti
365 2896 461 2929 sunt
481 2904 505 2929 a
527 2890 573 2928 K
705 2892 873 2941 plurimi
892 2892 985 2931 BCl
1127 2905 1174 2942 15
1204 2900 1305 2933 sort.
1330 2900 1428 2933 sunt
1449 2894 1516 2933 hu.
1541 2894 1587 2931 K
1751 2897 1800 2933 16
1829 2896 1899 2947 ab]

165 2957 220 2982 ex
234 2945 272 2982 Β
386 2957 432 2994 17
455 2946 606 2984 horum
618 2959 711 2985 voc.
729 2946 765 2984 T
871 2948 919 2984 18
940 2947 1178 2986 sciticorum
1191 2960 1316 2988 serm.
1333 2949 1384 2987 T*
1464 2949 1610 2999 partici
1627 2948 1678 2987 T:
1699 2950 1832 2999 parti*
1849 2950 1900 2988 Β1

170 3011 219 3047 19
247 2999 310 3051 ut]
333 3012 357 3038 a
384 2999 421 3038 T
572 3013 624 3049 24
655 3001 858 3053 namque]
879 3015 973 3040 nam
996 3001 1041 3039 K
1185 3014 1236 3052 25
1268 3003 1377 3042 filius
1399 3002 1445 3040 K
1588 3004 1640 3042 26
1670 3005 1900 3054 predignus

168 3052 218 3090 Cl
326 3065 375 3103 27
405 3054 560 3104 ubique
588 3055 625 3094 T
730 3057 783 3094 28
814 3056 1078 3096 inveniemus
1096 3056 1181 3095 BT
1284 3070 1333 3106 31
1366 3058 1435 3107 qui
1458 3063 1499 3096 et
1527 3057 1585 3096 T:
1616 3071 1696 3107 que
1717 3058 1766 3096 C1
