<?xml version="1.0" encoding="UTF-8"?>
<!DOCTYPE html PUBLIC "-//W3C//DTD XHTML 1.0 Transitional//EN"
    "http://www.w3.org/TR/xhtml1/DTD/xhtml1-transitional.dtd">
<html xmlns="http://www.w3.org/1999/xhtml" xml:lang="en" lang="en">
 <head>
  <title>
</title>
<meta http-equiv="Content-Type" content="text/html;charset=utf-8" />
  <meta name='ocr-system' content='tesseract 3.04.00' />
  <meta name='ocr-capabilities' content='ocr_page ocr_carea ocr_par ocr_line ocrx_word'/>
</head>
<body>
  <div class='ocr_page' id='page_1' title='image "./isidori01isiduoft/isidori01isiduoft_0383.png"; bbox 0 0 2176 3424; ppageno 0'>
   <div class='ocr_carea' id='block_1_1' title="bbox 436 110 1526 168">
    <p class='ocr_par' dir='ltr' id='par_1_1' title="bbox 436 110 1526 168">
     <span class='ocr_line' id='line_1_1' title="bbox 436 110 1526 168; baseline 0 -10"><span class='ocrx_word' id='word_1_1' title='bbox 436 110 1067 159; x_wconf 87' lang='lat' dir='ltr'><strong>ETYMOLOGIARVM</strong></span> <span class='ocrx_word' id='word_1_2' title='bbox 1108 110 1239 158; x_wconf 93' lang='lat' dir='ltr'>LIB.</span> <span class='ocrx_word' id='word_1_3' title='bbox 1281 111 1367 157; x_wconf 95' lang='lat' dir='ltr'>IX.</span> <span class='ocrx_word' id='word_1_4' title='bbox 1410 127 1452 168; x_wconf 91' lang='lat' dir='ltr'>v,</span> <span class='ocrx_word' id='word_1_5' title='bbox 1481 110 1526 158; x_wconf 90' lang='lat' dir='ltr'>vi</span> 
     </span>
    </p>
   </div>
   <div class='ocr_carea' id='block_1_2' title="bbox 41 238 1950 2519">
    <p class='ocr_par' dir='ltr' id='par_1_2' title="bbox 118 238 1867 385">
     <span class='ocr_line' id='line_1_2' title="bbox 120 238 1867 300; baseline 0 -11"><span class='ocrx_word' id='word_1_6' title='bbox 120 238 404 300; x_wconf 83' lang='lat' dir='ltr'>defecerint,</span> <span class='ocrx_word' id='word_1_7' title='bbox 423 240 598 289; x_wconf 86' lang='lat' dir='ltr'>merito</span> <span class='ocrx_word' id='word_1_8' title='bbox 614 239 709 288; x_wconf 88' lang='lat' dir='ltr'>iam</span> <span class='ocrx_word' id='word_1_9' title='bbox 727 239 939 289; x_wconf 88' lang='lat' dir='ltr'>dicimus</span> <span class='ocrx_word' id='word_1_10' title='bbox 960 239 1188 299; x_wconf 80' lang='lat' dir='ltr'>minores,</span> <span class='ocrx_word' id='word_1_11' title='bbox 1210 239 1334 288; x_wconf 89' lang='lat' dir='ltr'>sicut</span> <span class='ocrx_word' id='word_1_12' title='bbox 1351 248 1400 289; x_wconf 94' lang='lat' dir='ltr'>et</span> <span class='ocrx_word' id='word_1_13' title='bbox 1416 240 1624 289; x_wconf 90' lang='lat' dir='ltr'>maiores</span> <span class='ocrx_word' id='word_1_14' title='bbox 1641 239 1867 300; x_wconf 84' lang='lat' dir='ltr'><strong>dicimus,</strong></span> 
     </span>
     <span class='ocr_line' id='line_1_3' title="bbox 118 321 1719 385; baseline 0 -14"><span class='ocrx_word' id='word_1_15' title='bbox 118 330 228 385; x_wconf 91' lang='lat' dir='ltr'>post</span> <span class='ocrx_word' id='word_1_16' title='bbox 254 322 415 385; x_wconf 90' lang='lat' dir='ltr'>patris,</span> <span class='ocrx_word' id='word_1_17' title='bbox 442 322 532 381; x_wconf 89' lang='lat' dir='ltr'>avi,</span> <span class='ocrx_word' id='word_1_18' title='bbox 559 322 739 385; x_wconf 83' lang='lat' dir='ltr'>proavi,</span> <span class='ocrx_word' id='word_1_19' title='bbox 766 321 928 383; x_wconf 85' lang='lat' dir='ltr'>abavi,</span> <span class='ocrx_word' id='word_1_20' title='bbox 952 321 1094 382; x_wconf 90' lang='lat' dir='ltr'>atavi,</span> <span class='ocrx_word' id='word_1_21' title='bbox 1123 321 1381 385; x_wconf 85' lang='lat' dir='ltr'>tritavique</span> <span class='ocrx_word' id='word_1_22' title='bbox 1409 322 1719 372; x_wconf 88' lang='lat' dir='ltr'>vocabulum.</span> 
     </span>
    </p>

    <p class='ocr_par' dir='ltr' id='par_1_3' title="bbox 116 403 1950 550">
     <span class='ocr_line' id='line_1_4' title="bbox 253 403 1950 467; baseline -0.002 -14"><span class='ocrx_word' id='word_1_23' title='bbox 253 406 336 453; x_wconf 77' lang='lat' dir='ltr'>DE</span> <span class='ocrx_word' id='word_1_24' title='bbox 373 417 598 452; x_wconf 82' lang='lat' dir='ltr'>AGNATIS</span> <span class='ocrx_word' id='word_1_25' title='bbox 636 418 702 452; x_wconf 87' lang='lat' dir='ltr'>ET</span> <span class='ocrx_word' id='word_1_26' title='bbox 737 417 1006 452; x_wconf 82' lang='lat' dir='ltr'>cocNAT1s.</span> <span class='ocrx_word' id='word_1_27' title='bbox 1082 403 1264 466; x_wconf 87' lang='lat' dir='ltr'>Agnati</span> <span class='ocrx_word' id='word_1_28' title='bbox 1297 403 1416 452; x_wconf 89' lang='lat' dir='ltr'>dicti</span> <span class='ocrx_word' id='word_1_29' title='bbox 1446 421 1520 463; x_wconf 88' lang='lat' dir='ltr'>e0,</span> <span class='ocrx_word' id='word_1_30' title='bbox 1559 406 1696 467; x_wconf 89' lang='lat' dir='ltr'>quod</span> <span class='ocrx_word' id='word_1_31' title='bbox 1732 419 1869 453; x_wconf 88' lang='lat' dir='ltr'>acce·</span> <span class='ocrx_word' id='word_1_32' title='bbox 1892 412 1950 451; x_wconf 89' lang='lat' dir='ltr'>V1</span> 
     </span>
     <span class='ocr_line' id='line_1_5' title="bbox 116 479 1871 550; baseline 0 -15"><span class='ocrx_word' id='word_1_33' title='bbox 116 487 235 535; x_wconf 90' lang='lat' dir='ltr'>dant</span> <span class='ocrx_word' id='word_1_34' title='bbox 260 479 353 550; x_wconf 92' lang='lat' dir='ltr'>pro</span> <span class='ocrx_word' id='word_1_35' title='bbox 373 486 518 548; x_wconf 89' lang='lat' dir='ltr'>natis,</span> <span class='ocrx_word' id='word_1_36' title='bbox 543 488 663 534; x_wconf 92' lang='lat' dir='ltr'>dum</span> <span class='ocrx_word' id='word_1_37' title='bbox 690 487 868 535; x_wconf 88' lang='lat' dir='ltr'>desunt</span> <span class='ocrx_word' id='word_1_38' title='bbox 893 485 993 534; x_wconf 92' lang='lat' dir='ltr'>filii.</span> <span class='ocrx_word' id='word_1_39' title='bbox 1065 486 1166 548; x_wconf 85' lang='lat' dir='ltr'>Qui</span> <span class='ocrx_word' id='word_1_40' title='bbox 1192 485 1305 535; x_wconf 93' lang='lat' dir='ltr'>ideo</span> <span class='ocrx_word' id='word_1_41' title='bbox 1325 486 1457 550; x_wconf 90' lang='lat' dir='ltr'>prius</span> <span class='ocrx_word' id='word_1_42' title='bbox 1483 486 1532 535; x_wconf 90' lang='lat' dir='ltr'>in</span> <span class='ocrx_word' id='word_1_43' title='bbox 1557 495 1705 550; x_wconf 89' lang='lat' dir='ltr'>gente</span> <span class='ocrx_word' id='word_1_44' title='bbox 1724 503 1871 550; x_wconf 89' lang='lat' dir='ltr'>agno-</span> 
     </span>
    </p>

    <p class='ocr_par' dir='ltr' id='par_1_4' title="bbox 70 566 1921 957">
     <span class='ocr_line' id='line_1_6' title="bbox 70 566 1870 630; baseline 0.001 -16"><span class='ocrx_word' id='word_1_45' title='bbox 70 583 91 623; x_wconf 87' lang='lat'>5</span> <span class='ocrx_word' id='word_1_46' title='bbox 117 576 331 625; x_wconf 90' lang='lat' dir='ltr'>scuntur‚</span> <span class='ocrx_word' id='word_1_47' title='bbox 372 568 486 630; x_wconf 89' lang='lat' dir='ltr'>quia</span> <span class='ocrx_word' id='word_1_48' title='bbox 528 567 731 616; x_wconf 91' lang='lat' dir='ltr'>veniunt</span> <span class='ocrx_word' id='word_1_49' title='bbox 773 583 858 630; x_wconf 92' lang='lat' dir='ltr'>per</span> <span class='ocrx_word' id='word_1_50' title='bbox 896 566 1043 615; x_wconf 88' lang='lat' dir='ltr'>virilis</span> <span class='ocrx_word' id='word_1_51' title='bbox 1083 583 1225 616; x_wconf 87' lang='lat' dir='ltr'>sexus</span> <span class='ocrx_word' id='word_1_52' title='bbox 1264 584 1512 630; x_wconf 83' lang='lat' dir='ltr'>personas,</span> <span class='ocrx_word' id='word_1_53' title='bbox 1545 567 1696 616; x_wconf 88' lang='lat' dir='ltr'>veluti</span> <span class='ocrx_word' id='word_1_54' title='bbox 1726 569 1870 616; x_wconf 88' lang='lat' dir='ltr'>frater</span> 
     </span>
     <span class='ocr_line' id='line_1_7' title="bbox 116 648 1864 713; baseline 0.001 -17"><span class='ocrx_word' id='word_1_55' title='bbox 116 650 294 698; x_wconf 88' lang='lat' dir='ltr'>eodem</span> <span class='ocrx_word' id='word_1_56' title='bbox 320 659 456 712; x_wconf 91' lang='lat' dir='ltr'>patre</span> <span class='ocrx_word' id='word_1_57' title='bbox 472 659 629 708; x_wconf 89' lang='lat' dir='ltr'>natus,</span> <span class='ocrx_word' id='word_1_58' title='bbox 648 650 725 697; x_wconf 88' lang='lat' dir='ltr'>vel</span> <span class='ocrx_word' id='word_1_59' title='bbox 750 648 905 698; x_wconf 90' lang='lat' dir='ltr'>fratris</span> <span class='ocrx_word' id='word_1_60' title='bbox 931 649 1057 697; x_wconf 88' lang='lat' dir='ltr'>filius</span> <span class='ocrx_word' id='word_1_61' title='bbox 1074 665 1291 712; x_wconf 90' lang='lat' dir='ltr'>neposve</span> <span class='ocrx_word' id='word_1_62' title='bbox 1312 665 1370 697; x_wconf 86' lang='lat' dir='ltr'>ex</span> <span class='ocrx_word' id='word_1_63' title='bbox 1390 666 1450 698; x_wconf 94' lang='lat' dir='ltr'>eo</span> <span class='ocrx_word' id='word_1_64' title='bbox 1467 669 1481 711; x_wconf 81' lang='lat'><em>3</em></span> <span class='ocrx_word' id='word_1_65' title='bbox 1506 649 1624 699; x_wconf 88' lang='lat' dir='ltr'>item</span> <span class='ocrx_word' id='word_1_66' title='bbox 1649 659 1864 713; x_wconf 89' lang='lat' dir='ltr'>patruus.</span> 
     </span>
     <span class='ocr_line' id='line_1_8' title="bbox 117 730 1921 795; baseline 0.001 -15"><span class='ocrx_word' id='word_1_67' title='bbox 117 730 328 794; x_wconf 86' lang='lat' dir='ltr'>Cognati</span> <span class='ocrx_word' id='word_1_68' title='bbox 380 730 518 791; x_wconf 88' lang='lat' dir='ltr'>dicti,</span> <span class='ocrx_word' id='word_1_69' title='bbox 568 730 683 794; x_wconf 89' lang='lat' dir='ltr'>quia</span> <span class='ocrx_word' id='word_1_70' title='bbox 737 739 850 779; x_wconf 90' lang='lat' dir='ltr'>sunt</span> <span class='ocrx_word' id='word_1_71' title='bbox 899 739 947 779; x_wconf 90' lang='lat' dir='ltr'>et</span> <span class='ocrx_word' id='word_1_72' title='bbox 995 730 1088 794; x_wconf 91' lang='lat' dir='ltr'>ipsi</span> <span class='ocrx_word' id='word_1_73' title='bbox 1135 730 1504 794; x_wconf 87' lang='lat' dir='ltr'>propinquitate</span> <span class='ocrx_word' id='word_1_74' title='bbox 1560 731 1868 795; x_wconf 87' lang='lat' dir='ltr'>cognationis</span> <span class='ocrx_word' id='word_1_75' title='bbox 1890 748 1921 782; x_wconf 85' lang='lat'>2</span> 
     </span>
     <span class='ocr_line' id='line_1_9' title="bbox 115 811 1869 877; baseline 0.001 -17"><span class='ocrx_word' id='word_1_76' title='bbox 115 811 379 861; x_wconf 90' lang='lat' dir='ltr'>coniuncti.</span> <span class='ocrx_word' id='word_1_77' title='bbox 453 812 553 874; x_wconf 87' lang='lat' dir='ltr'>Qui</span> <span class='ocrx_word' id='word_1_78' title='bbox 583 812 699 861; x_wconf 87' lang='lat' dir='ltr'>inde</span> <span class='ocrx_word' id='word_1_79' title='bbox 732 821 843 876; x_wconf 90' lang='lat' dir='ltr'>post</span> <span class='ocrx_word' id='word_1_80' title='bbox 869 821 1074 876; x_wconf 85' lang='lat' dir='ltr'>agnatos</span> <span class='ocrx_word' id='word_1_81' title='bbox 1107 811 1366 872; x_wconf 90' lang='lat' dir='ltr'>habentur,</span> <span class='ocrx_word' id='word_1_82' title='bbox 1393 813 1508 876; x_wconf 88' lang='lat' dir='ltr'>quia</span> <span class='ocrx_word' id='word_1_83' title='bbox 1533 830 1620 877; x_wconf 90' lang='lat' dir='ltr'>per</span> <span class='ocrx_word' id='word_1_84' title='bbox 1644 813 1869 863; x_wconf 89' lang='lat' dir='ltr'>feminini</span> 
     </span>
     <span class='ocr_line' id='line_1_10' title="bbox 115 893 1869 957; baseline 0.001 -16"><span class='ocrx_word' id='word_1_85' title='bbox 115 910 256 942; x_wconf 88' lang='lat' dir='ltr'>sexus</span> <span class='ocrx_word' id='word_1_86' title='bbox 281 909 516 957; x_wconf 89' lang='lat' dir='ltr'>personas</span> <span class='ocrx_word' id='word_1_87' title='bbox 541 893 757 955; x_wconf 90' lang='lat' dir='ltr'>veniunt,</span> <span class='ocrx_word' id='word_1_88' title='bbox 787 909 880 942; x_wconf 89' lang='lat' dir='ltr'>nec</span> <span class='ocrx_word' id='word_1_89' title='bbox 906 902 1020 942; x_wconf 91' lang='lat' dir='ltr'>sunt</span> <span class='ocrx_word' id='word_1_90' title='bbox 1044 893 1221 957; x_wconf 89' lang='lat' dir='ltr'>agnati,</span> <span class='ocrx_word' id='word_1_91' title='bbox 1251 895 1338 944; x_wconf 87' lang='lat' dir='ltr'>sed</span> <span class='ocrx_word' id='word_1_92' title='bbox 1371 894 1490 944; x_wconf 90' lang='lat' dir='ltr'>alias</span> <span class='ocrx_word' id='word_1_93' title='bbox 1524 895 1733 944; x_wconf 90' lang='lat' dir='ltr'>naturali</span> <span class='ocrx_word' id='word_1_94' title='bbox 1767 895 1869 944; x_wconf 92' lang='lat' dir='ltr'>iure</span> 
     </span>
    </p>

    <p class='ocr_par' dir='ltr' id='par_1_5' title="bbox 42 975 1923 1370">
     <span class='ocr_line' id='line_1_11' title="bbox 42 975 1923 1041; baseline 0.002 -21"><span class='ocrx_word' id='word_1_95' title='bbox 42 992 91 1021; x_wconf 90' lang='lat'>10</span> <span class='ocrx_word' id='word_1_96' title='bbox 113 977 320 1038; x_wconf 89' lang='lat' dir='ltr'>cognati.</span> <span class='ocrx_word' id='word_1_97' title='bbox 395 975 666 1035; x_wconf 88' lang='lat' dir='ltr'>Proximus,</span> <span class='ocrx_word' id='word_1_98' title='bbox 696 985 894 1039; x_wconf 90' lang='lat' dir='ltr'>propter</span> <span class='ocrx_word' id='word_1_99' title='bbox 913 975 1276 1039; x_wconf 85' lang='lat' dir='ltr'>proximitatem</span> <span class='ocrx_word' id='word_1_100' title='bbox 1303 976 1552 1039; x_wconf 88' lang='lat' dir='ltr'>sanguinis</span> <span class='ocrx_word' id='word_1_101' title='bbox 1577 979 1864 1041; x_wconf 88' lang='lat' dir='ltr'>appellatus.</span> <span class='ocrx_word' id='word_1_102' title='bbox 1893 985 1923 1031; x_wconf 89' lang='lat'><strong>3</strong></span> 
     </span>
     <span class='ocr_line' id='line_1_12' title="bbox 113 1057 1923 1121; baseline 0.001 -14"><span class='ocrx_word' id='word_1_103' title='bbox 113 1057 483 1120; x_wconf 87' lang='lat' dir='ltr'>Consanguinei</span> <span class='ocrx_word' id='word_1_104' title='bbox 518 1058 693 1116; x_wconf 88' lang='lat' dir='ltr'>vocati,</span> <span class='ocrx_word' id='word_1_105' title='bbox 735 1073 794 1106; x_wconf 91' lang='lat' dir='ltr'>eo</span> <span class='ocrx_word' id='word_1_106' title='bbox 831 1059 968 1120; x_wconf 88' lang='lat' dir='ltr'>quod</span> <span class='ocrx_word' id='word_1_107' title='bbox 1001 1074 1059 1106; x_wconf 84' lang='lat' dir='ltr'>ex</span> <span class='ocrx_word' id='word_1_108' title='bbox 1092 1074 1193 1107; x_wconf 92' lang='lat' dir='ltr'>uno</span> <span class='ocrx_word' id='word_1_109' title='bbox 1227 1059 1478 1121; x_wconf 88' lang='lat' dir='ltr'>sanguine,</span> <span class='ocrx_word' id='word_1_110' title='bbox 1508 1059 1558 1108; x_wconf 92' lang='lat' dir='ltr'>id</span> <span class='ocrx_word' id='word_1_111' title='bbox 1585 1069 1657 1109; x_wconf 89' lang='lat' dir='ltr'>est</span> <span class='ocrx_word' id='word_1_112' title='bbox 1683 1077 1741 1109; x_wconf 87' lang='lat' dir='ltr'>ex</span> <span class='ocrx_word' id='word_1_113' title='bbox 1766 1077 1868 1109; x_wconf 94' lang='lat' dir='ltr'>uno</span> <span class='ocrx_word' id='word_1_114' title='bbox 1891 1068 1923 1114; x_wconf 95' lang='lat'>4</span> 
     </span>
     <span class='ocr_line' id='line_1_13' title="bbox 112 1139 1867 1206; baseline 0.002 -19"><span class='ocrx_word' id='word_1_115' title='bbox 112 1139 260 1203; x_wconf 90' lang='lat' dir='ltr'>patris</span> <span class='ocrx_word' id='word_1_116' title='bbox 288 1141 479 1188; x_wconf 91' lang='lat' dir='ltr'>semine</span> <span class='ocrx_word' id='word_1_117' title='bbox 506 1140 595 1188; x_wconf 90' lang='lat' dir='ltr'>sati</span> <span class='ocrx_word' id='word_1_118' title='bbox 623 1149 750 1188; x_wconf 84' lang='lat' dir='ltr'>sunt.</span> <span class='ocrx_word' id='word_1_119' title='bbox 826 1141 958 1188; x_wconf 89' lang='lat' dir='ltr'>Nam</span> <span class='ocrx_word' id='word_1_120' title='bbox 993 1156 1163 1190; x_wconf 89' lang='lat' dir='ltr'>semen</span> <span class='ocrx_word' id='word_1_121' title='bbox 1194 1140 1280 1189; x_wconf 91' lang='lat' dir='ltr'>viri</span> <span class='ocrx_word' id='word_1_122' title='bbox 1307 1158 1482 1205; x_wconf 90' lang='lat' dir='ltr'>spuma</span> <span class='ocrx_word' id='word_1_123' title='bbox 1513 1152 1585 1191; x_wconf 85' lang='lat' dir='ltr'>est</span> <span class='ocrx_word' id='word_1_124' title='bbox 1616 1142 1867 1206; x_wconf 87' lang='lat' dir='ltr'>sanguinis</span> 
     </span>
     <span class='ocr_line' id='line_1_14' title="bbox 109 1221 1866 1287; baseline 0.002 -18"><span class='ocrx_word' id='word_1_125' title='bbox 109 1223 173 1270; x_wconf 87' lang='lat' dir='ltr'>ad</span> <span class='ocrx_word' id='word_1_126' title='bbox 200 1221 350 1270; x_wconf 87' lang='lat' dir='ltr'>instar</span> <span class='ocrx_word' id='word_1_127' title='bbox 373 1238 533 1285; x_wconf 88' lang='lat' dir='ltr'>aquae</span> <span class='ocrx_word' id='word_1_128' title='bbox 566 1221 616 1270; x_wconf 91' lang='lat' dir='ltr'>in</span> <span class='ocrx_word' id='word_1_129' title='bbox 654 1223 884 1285; x_wconf 89' lang='lat' dir='ltr'>scopulos</span> <span class='ocrx_word' id='word_1_130' title='bbox 919 1221 1150 1282; x_wconf 89' lang='lat' dir='ltr'>conlisae,</span> <span class='ocrx_word' id='word_1_131' title='bbox 1179 1238 1306 1286; x_wconf 89' lang='lat' dir='ltr'>quae</span> <span class='ocrx_word' id='word_1_132' title='bbox 1339 1240 1566 1287; x_wconf 90' lang='lat' dir='ltr'>spumam</span> <span class='ocrx_word' id='word_1_133' title='bbox 1601 1224 1866 1274; x_wconf 88' lang='lat' dir='ltr'>candidam</span> 
     </span>
     <span class='ocr_line' id='line_1_15' title="bbox 110 1302 1866 1370; baseline 0.003 -20"><span class='ocrx_word' id='word_1_134' title='bbox 110 1303 238 1362; x_wconf 89' lang='lat' dir='ltr'>facit,</span> <span class='ocrx_word' id='word_1_135' title='bbox 267 1305 343 1352; x_wconf 91' lang='lat' dir='ltr'>vel</span> <span class='ocrx_word' id='word_1_136' title='bbox 370 1303 495 1352; x_wconf 89' lang='lat' dir='ltr'>sicut</span> <span class='ocrx_word' id='word_1_137' title='bbox 528 1302 698 1352; x_wconf 90' lang='lat' dir='ltr'>vinum</span> <span class='ocrx_word' id='word_1_138' title='bbox 725 1303 930 1368; x_wconf 88' lang='lat' dir='ltr'>nigrum,</span> <span class='ocrx_word' id='word_1_139' title='bbox 960 1305 1098 1367; x_wconf 88' lang='lat' dir='ltr'>quod</span> <span class='ocrx_word' id='word_1_140' title='bbox 1123 1303 1172 1352; x_wconf 90' lang='lat' dir='ltr'>in</span> <span class='ocrx_word' id='word_1_141' title='bbox 1199 1304 1351 1354; x_wconf 89' lang='lat' dir='ltr'>calice</span> <span class='ocrx_word' id='word_1_142' title='bbox 1376 1305 1612 1369; x_wconf 88' lang='lat' dir='ltr'>agitatum</span> <span class='ocrx_word' id='word_1_143' title='bbox 1638 1324 1866 1370; x_wconf 91' lang='lat' dir='ltr'>spumam</span> 
     </span>
    </p>

    <p class='ocr_par' dir='ltr' id='par_1_6' title="bbox 44 1384 1922 1785">
     <span class='ocr_line' id='line_1_16' title="bbox 44 1384 1918 1451; baseline 0.002 -18"><span class='ocrx_word' id='word_1_144' title='bbox 44 1403 89 1443; x_wconf 86' lang='lat'>15</span> <span class='ocrx_word' id='word_1_145' title='bbox 109 1385 358 1434; x_wconf 88' lang='lat' dir='ltr'>albentem</span> <span class='ocrx_word' id='word_1_146' title='bbox 394 1385 570 1434; x_wconf 86' lang='lat' dir='ltr'>reddit.</span> <span class='ocrx_word' id='word_1_147' title='bbox 645 1386 836 1434; x_wconf 88' lang='lat' dir='ltr'>Fratres</span> <span class='ocrx_word' id='word_1_148' title='bbox 871 1384 1004 1446; x_wconf 91' lang='lat' dir='ltr'>dicti,</span> <span class='ocrx_word' id='word_1_149' title='bbox 1031 1401 1092 1435; x_wconf 90' lang='lat' dir='ltr'>eo</span> <span class='ocrx_word' id='word_1_150' title='bbox 1117 1387 1253 1449; x_wconf 91' lang='lat' dir='ltr'>quod</span> <span class='ocrx_word' id='word_1_151' title='bbox 1278 1387 1375 1435; x_wconf 90' lang='lat' dir='ltr'>sint</span> <span class='ocrx_word' id='word_1_152' title='bbox 1401 1403 1459 1436; x_wconf 89' lang='lat' dir='ltr'>ex</span> <span class='ocrx_word' id='word_1_153' title='bbox 1484 1389 1662 1437; x_wconf 90' lang='lat' dir='ltr'>eodem</span> <span class='ocrx_word' id='word_1_154' title='bbox 1688 1389 1862 1449; x_wconf 88' lang='lat' dir='ltr'>fructu,</span> <span class='ocrx_word' id='word_1_155' title='bbox 1888 1403 1918 1451; x_wconf 90' lang='lat'>5</span> 
     </span>
     <span class='ocr_line' id='line_1_17' title="bbox 109 1466 1922 1534; baseline 0.003 -19"><span class='ocrx_word' id='word_1_156' title='bbox 109 1466 160 1515; x_wconf 92' lang='lat' dir='ltr'>id</span> <span class='ocrx_word' id='word_1_157' title='bbox 186 1476 259 1515; x_wconf 87' lang='lat' dir='ltr'>est</span> <span class='ocrx_word' id='word_1_158' title='bbox 284 1483 342 1516; x_wconf 89' lang='lat' dir='ltr'>ex</span> <span class='ocrx_word' id='word_1_159' title='bbox 367 1469 545 1516; x_wconf 90' lang='lat' dir='ltr'>eodem</span> <span class='ocrx_word' id='word_1_160' title='bbox 566 1467 755 1516; x_wconf 89' lang='lat' dir='ltr'>semine</span> <span class='ocrx_word' id='word_1_161' title='bbox 770 1469 886 1516; x_wconf 91' lang='lat' dir='ltr'>nati.</span> <span class='ocrx_word' id='word_1_162' title='bbox 945 1467 1178 1517; x_wconf 88' lang='lat' dir='ltr'>Germani</span> <span class='ocrx_word' id='word_1_163' title='bbox 1197 1484 1312 1516; x_wconf 91' lang='lat' dir='ltr'>vero</span> <span class='ocrx_word' id='word_1_164' title='bbox 1333 1469 1397 1518; x_wconf 88' lang='lat' dir='ltr'>de</span> <span class='ocrx_word' id='word_1_165' title='bbox 1417 1470 1591 1519; x_wconf 88' lang='lat' dir='ltr'>eadem</span> <span class='ocrx_word' id='word_1_166' title='bbox 1618 1470 1865 1534; x_wconf 84' lang='lat' dir='ltr'>genetrice</span> <span class='ocrx_word' id='word_1_167' title='bbox 1888 1476 1922 1522; x_wconf 88' lang='lat'>6</span> 
     </span>
     <span class='ocr_line' id='line_1_18' title="bbox 110 1548 1863 1615; baseline 0.002 -19"><span class='ocrx_word' id='word_1_168' title='bbox 110 1558 365 1598; x_wconf 88' lang='lat' dir='ltr'>manantes</span> <span class='ocrx_word' id='word_1_169' title='bbox 383 1567 397 1610; x_wconf 82' lang='lat'>3</span> <span class='ocrx_word' id='word_1_170' title='bbox 433 1565 548 1608; x_wconf 91' lang='lat' dir='ltr'>non,</span> <span class='ocrx_word' id='word_1_171' title='bbox 588 1558 641 1597; x_wconf 90' lang='lat' dir='ltr'>ut</span> <span class='ocrx_word' id='word_1_172' title='bbox 674 1550 815 1597; x_wconf 92' lang='lat' dir='ltr'>multi</span> <span class='ocrx_word' id='word_1_173' title='bbox 846 1548 1033 1609; x_wconf 90' lang='lat' dir='ltr'>dicunt,</span> <span class='ocrx_word' id='word_1_174' title='bbox 1074 1550 1137 1598; x_wconf 93' lang='lat' dir='ltr'>de</span> <span class='ocrx_word' id='word_1_175' title='bbox 1173 1550 1353 1598; x_wconf 88' lang='lat' dir='ltr'>eodem</span> <span class='ocrx_word' id='word_1_176' title='bbox 1381 1550 1615 1613; x_wconf 89' lang='lat' dir='ltr'>germine,</span> <span class='ocrx_word' id='word_1_177' title='bbox 1643 1551 1729 1615; x_wconf 86' lang='lat' dir='ltr'>qui</span> <span class='ocrx_word' id='word_1_178' title='bbox 1762 1562 1863 1600; x_wconf 88' lang='lat' dir='ltr'>tan-</span> 
     </span>
     <span class='ocr_line' id='line_1_19' title="bbox 110 1631 1865 1697; baseline 0.002 -19"><span class='ocrx_word' id='word_1_179' title='bbox 110 1639 214 1678; x_wconf 90' lang='lat' dir='ltr'>tum</span> <span class='ocrx_word' id='word_1_180' title='bbox 252 1631 420 1680; x_wconf 88' lang='lat' dir='ltr'>fratres</span> <span class='ocrx_word' id='word_1_181' title='bbox 450 1640 702 1679; x_wconf 89' lang='lat' dir='ltr'>vocantur.</span> <span class='ocrx_word' id='word_1_182' title='bbox 777 1632 909 1694; x_wconf 91' lang='lat' dir='ltr'>Ergo</span> <span class='ocrx_word' id='word_1_183' title='bbox 938 1632 1108 1680; x_wconf 89' lang='lat' dir='ltr'>fratres</span> <span class='ocrx_word' id='word_1_184' title='bbox 1142 1647 1201 1680; x_wconf 87' lang='lat' dir='ltr'>ex</span> <span class='ocrx_word' id='word_1_185' title='bbox 1233 1632 1412 1680; x_wconf 90' lang='lat' dir='ltr'>eodem</span> <span class='ocrx_word' id='word_1_186' title='bbox 1444 1634 1616 1693; x_wconf 92' lang='lat' dir='ltr'>fructu,</span> <span class='ocrx_word' id='word_1_187' title='bbox 1645 1634 1865 1697; x_wconf 88' lang='lat' dir='ltr'>germani</span> 
     </span>
     <span class='ocr_line' id='line_1_20' title="bbox 111 1711 1916 1785; baseline 0.003 -25"><span class='ocrx_word' id='word_1_188' title='bbox 111 1728 170 1760; x_wconf 88' lang='lat' dir='ltr'>ex</span> <span class='ocrx_word' id='word_1_189' title='bbox 205 1714 380 1761; x_wconf 90' lang='lat' dir='ltr'>eadem</span> <span class='ocrx_word' id='word_1_190' title='bbox 417 1711 664 1775; x_wconf 88' lang='lat' dir='ltr'>genetrice</span> <span class='ocrx_word' id='word_1_191' title='bbox 701 1720 972 1761; x_wconf 87' lang='lat' dir='ltr'>manantes.</span> <span class='ocrx_word' id='word_1_192' title='bbox 1046 1712 1239 1762; x_wconf 88' lang='lat' dir='ltr'>Vterini</span> <span class='ocrx_word' id='word_1_193' title='bbox 1276 1714 1452 1775; x_wconf 89' lang='lat' dir='ltr'>vocati,</span> <span class='ocrx_word' id='word_1_194' title='bbox 1494 1717 1631 1778; x_wconf 87' lang='lat' dir='ltr'>quod</span> <span class='ocrx_word' id='word_1_195' title='bbox 1671 1716 1767 1765; x_wconf 88' lang='lat' dir='ltr'>sint</span> <span class='ocrx_word' id='word_1_196' title='bbox 1807 1733 1916 1785; x_wconf 83' lang='lat' dir='ltr'>ex7</span> 
     </span>
    </p>

    <p class='ocr_par' dir='ltr' id='par_1_7' title="bbox 41 1793 1917 2190">
     <span class='ocr_line' id='line_1_21' title="bbox 41 1793 1865 1857; baseline 0.003 -16"><span class='ocrx_word' id='word_1_197' title='bbox 41 1814 89 1841; x_wconf 87' lang='lat'>20</span> <span class='ocrx_word' id='word_1_198' title='bbox 111 1793 314 1843; x_wconf 90' lang='lat' dir='ltr'>diversis</span> <span class='ocrx_word' id='word_1_199' title='bbox 339 1793 571 1857; x_wconf 91' lang='lat' dir='ltr'>patribus,</span> <span class='ocrx_word' id='word_1_200' title='bbox 602 1804 649 1842; x_wconf 91' lang='lat' dir='ltr'>et</span> <span class='ocrx_word' id='word_1_201' title='bbox 675 1811 776 1842; x_wconf 91' lang='lat' dir='ltr'>uno</span> <span class='ocrx_word' id='word_1_202' title='bbox 802 1803 942 1843; x_wconf 90' lang='lat' dir='ltr'>utero</span> <span class='ocrx_word' id='word_1_203' title='bbox 976 1793 1109 1843; x_wconf 91' lang='lat' dir='ltr'>editi.</span> <span class='ocrx_word' id='word_1_204' title='bbox 1186 1797 1314 1844; x_wconf 91' lang='lat' dir='ltr'>Nam</span> <span class='ocrx_word' id='word_1_205' title='bbox 1351 1805 1516 1845; x_wconf 88' lang='lat' dir='ltr'>uterus</span> <span class='ocrx_word' id='word_1_206' title='bbox 1543 1807 1736 1847; x_wconf 89' lang='lat' dir='ltr'>tantum</span> <span class='ocrx_word' id='word_1_207' title='bbox 1763 1816 1865 1846; x_wconf 91' lang='lat' dir='ltr'>mu-</span> 
     </span>
     <span class='ocr_line' id='line_1_22' title="bbox 112 1875 1917 1941; baseline 0.004 -19"><span class='ocrx_word' id='word_1_208' title='bbox 112 1875 239 1924; x_wconf 90' lang='lat' dir='ltr'>lieris</span> <span class='ocrx_word' id='word_1_209' title='bbox 265 1885 351 1925; x_wconf 89' lang='lat' dir='ltr'>est.</span> <span class='ocrx_word' id='word_1_210' title='bbox 425 1876 672 1935; x_wconf 88' lang='lat' dir='ltr'>Quattuor</span> <span class='ocrx_word' id='word_1_211' title='bbox 702 1886 869 1925; x_wconf 87' lang='lat' dir='ltr'>autem</span> <span class='ocrx_word' id='word_1_212' title='bbox 905 1876 1067 1925; x_wconf 91' lang='lat' dir='ltr'>modis</span> <span class='ocrx_word' id='word_1_213' title='bbox 1103 1876 1154 1925; x_wconf 93' lang='lat' dir='ltr'>in</span> <span class='ocrx_word' id='word_1_214' title='bbox 1191 1877 1452 1941; x_wconf 88' lang='lat' dir='ltr'>Scripturis</span> <span class='ocrx_word' id='word_1_215' title='bbox 1486 1879 1665 1928; x_wconf 91' lang='lat' dir='ltr'>divinis</span> <span class='ocrx_word' id='word_1_216' title='bbox 1695 1882 1863 1931; x_wconf 90' lang='lat' dir='ltr'>fratres</span> <span class='ocrx_word' id='word_1_217' title='bbox 1887 1884 1917 1931; x_wconf 90' lang='lat'>8</span> 
     </span>
     <span class='ocr_line' id='line_1_23' title="bbox 111 1956 1864 2021; baseline 0.003 -16"><span class='ocrx_word' id='word_1_218' title='bbox 111 1956 238 2005; x_wconf 90' lang='lat' dir='ltr'>dici:</span> <span class='ocrx_word' id='word_1_219' title='bbox 276 1967 461 2016; x_wconf 88' lang='lat' dir='ltr'>natura,</span> <span class='ocrx_word' id='word_1_220' title='bbox 501 1967 660 2020; x_wconf 89' lang='lat' dir='ltr'>gente,</span> <span class='ocrx_word' id='word_1_221' title='bbox 697 1958 1007 2021; x_wconf 88' lang='lat' dir='ltr'>cognatione,</span> <span class='ocrx_word' id='word_1_222' title='bbox 1042 1959 1235 2007; x_wconf 86' lang='lat' dir='ltr'>affectu.</span> <span class='ocrx_word' id='word_1_223' title='bbox 1310 1962 1511 2020; x_wconf 89' lang='lat' dir='ltr'>Natura,</span> <span class='ocrx_word' id='word_1_224' title='bbox 1549 1970 1602 2008; x_wconf 91' lang='lat' dir='ltr'>ut</span> <span class='ocrx_word' id='word_1_225' title='bbox 1641 1962 1773 2009; x_wconf 90' lang='lat' dir='ltr'>Esau</span> <span class='ocrx_word' id='word_1_226' title='bbox 1816 1972 1864 2011; x_wconf 91' lang='lat' dir='ltr'>et</span> 
     </span>
     <span class='ocr_line' id='line_1_24' title="bbox 114 2039 1866 2103; baseline 0.002 -16"><span class='ocrx_word' id='word_1_227' title='bbox 114 2039 284 2099; x_wconf 90' lang='lat' dir='ltr'>Iacob,</span> <span class='ocrx_word' id='word_1_228' title='bbox 323 2041 549 2088; x_wconf 89' lang='lat' dir='ltr'>Andreas</span> <span class='ocrx_word' id='word_1_229' title='bbox 587 2048 635 2087; x_wconf 89' lang='lat' dir='ltr'>et</span> <span class='ocrx_word' id='word_1_230' title='bbox 673 2042 861 2100; x_wconf 79' lang='lat' dir='ltr'>PetrUS,</span> <span class='ocrx_word' id='word_1_231' title='bbox 903 2039 1116 2089; x_wconf 90' lang='lat' dir='ltr'>Iacobus</span> <span class='ocrx_word' id='word_1_232' title='bbox 1156 2050 1203 2089; x_wconf 91' lang='lat' dir='ltr'>et</span> <span class='ocrx_word' id='word_1_233' title='bbox 1242 2042 1508 2090; x_wconf 79' lang='lat' dir='ltr'>Iohannes,</span> <span class='ocrx_word' id='word_1_234' title='bbox 1595 2043 1772 2103; x_wconf 88' lang='lat' dir='ltr'>Gente,</span> <span class='ocrx_word' id='word_1_235' title='bbox 1813 2053 1866 2091; x_wconf 92' lang='lat' dir='ltr'>ut</span> 
     </span>
     <span class='ocr_line' id='line_1_25' title="bbox 112 2120 1865 2190; baseline 0.003 -21"><span class='ocrx_word' id='word_1_236' title='bbox 112 2137 285 2170; x_wconf 90' lang='lat' dir='ltr'>omnes</span> <span class='ocrx_word' id='word_1_237' title='bbox 318 2120 491 2170; x_wconf 88' lang='lat' dir='ltr'>Iudaei</span> <span class='ocrx_word' id='word_1_238' title='bbox 525 2123 694 2170; x_wconf 84' lang='lat' dir='ltr'>fratres</span> <span class='ocrx_word' id='word_1_239' title='bbox 725 2121 851 2171; x_wconf 91' lang='lat' dir='ltr'>inter</span> <span class='ocrx_word' id='word_1_240' title='bbox 885 2138 938 2171; x_wconf 92' lang='lat' dir='ltr'>se</span> <span class='ocrx_word' id='word_1_241' title='bbox 970 2131 1210 2171; x_wconf 87' lang='lat' dir='ltr'>vocantur</span> <span class='ocrx_word' id='word_1_242' title='bbox 1242 2122 1292 2171; x_wconf 91' lang='lat' dir='ltr'>in</span> <span class='ocrx_word' id='word_1_243' title='bbox 1328 2125 1724 2174; x_wconf 90' lang='lat' dir='ltr'>Deuteronomio</span> <span class='ocrx_word' id='word_1_244' title='bbox 1764 2125 1865 2190; x_wconf 89' lang='lat'>(15,</span> 
     </span>
    </p>

    <p class='ocr_par' dir='ltr' id='par_1_8' title="bbox 41 2202 1928 2519">
     <span class='ocr_line' id='line_1_26' title="bbox 41 2202 1866 2268; baseline 0.003 -20"><span class='ocrx_word' id='word_1_245' title='bbox 41 2219 86 2258; x_wconf 83' lang='lat'>25</span> <span class='ocrx_word' id='word_1_246' title='bbox 117 2202 226 2266; x_wconf 88' lang='lat'>12):</span> <span class='ocrx_word' id='word_1_247' title='bbox 267 2202 345 2251; x_wconf 90' lang='lat' dir='ltr'>‘Si</span> <span class='ocrx_word' id='word_1_248' title='bbox 376 2212 542 2252; x_wconf 88' lang='lat' dir='ltr'>autem</span> <span class='ocrx_word' id='word_1_249' title='bbox 579 2203 754 2252; x_wconf 90' lang='lat' dir='ltr'>emeris</span> <span class='ocrx_word' id='word_1_250' title='bbox 790 2204 985 2252; x_wconf 90' lang='lat' dir='ltr'>fratrem</span> <span class='ocrx_word' id='word_1_251' title='bbox 1021 2213 1176 2264; x_wconf 89' lang='lat' dir='ltr'>tuum,</span> <span class='ocrx_word' id='word_1_252' title='bbox 1206 2203 1290 2268; x_wconf 89' lang='lat' dir='ltr'>qui</span> <span class='ocrx_word' id='word_1_253' title='bbox 1327 2214 1399 2253; x_wconf 90' lang='lat' dir='ltr'>est</span> <span class='ocrx_word' id='word_1_254' title='bbox 1437 2205 1730 2255; x_wconf 89' lang='lat' dir='ltr'>Hebraeus.’</span> <span class='ocrx_word' id='word_1_255' title='bbox 1802 2209 1866 2256; x_wconf 91' lang='lat' dir='ltr'>Et</span> 
     </span>
     <span class='ocr_line' id='line_1_27' title="bbox 112 2283 1868 2350; baseline 0.002 -17"><span class='ocrx_word' id='word_1_256' title='bbox 112 2285 383 2347; x_wconf 89' lang='lat' dir='ltr'>Apostolus</span> <span class='ocrx_word' id='word_1_257' title='bbox 435 2283 607 2348; x_wconf 87' lang='lat' dir='ltr'>(Rom.</span> <span class='ocrx_word' id='word_1_258' title='bbox 630 2302 673 2347; x_wconf 90' lang='lat'>9,</span> <span class='ocrx_word' id='word_1_259' title='bbox 699 2287 780 2349; x_wconf 90' lang='lat'>3):</span> <span class='ocrx_word' id='word_1_260' title='bbox 833 2284 1145 2348; x_wconf 88' lang='lat' dir='ltr'>‘Optabam,’</span> <span class='ocrx_word' id='word_1_261' title='bbox 1194 2286 1365 2349; x_wconf 84' lang='lat' dir='ltr'>inquit,</span> <span class='ocrx_word' id='word_1_262' title='bbox 1419 2290 1539 2350; x_wconf 90' lang='lat' dir='ltr'>‘ego</span> <span class='ocrx_word' id='word_1_263' title='bbox 1586 2288 1868 2336; x_wconf 82' lang='lat' dir='ltr'>Anathema</span> 
     </span>
     <span class='ocr_line' id='line_1_28' title="bbox 114 2366 1869 2432; baseline 0.003 -18"><span class='ocrx_word' id='word_1_264' title='bbox 114 2382 222 2415; x_wconf 88' lang='lat' dir='ltr'>esse</span> <span class='ocrx_word' id='word_1_265' title='bbox 246 2382 275 2414; x_wconf 90' lang='lat' dir='ltr'>a</span> <span class='ocrx_word' id='word_1_266' title='bbox 300 2366 498 2415; x_wconf 90' lang='lat' dir='ltr'>Christo</span> <span class='ocrx_word' id='word_1_267' title='bbox 523 2383 611 2430; x_wconf 93' lang='lat' dir='ltr'>pro</span> <span class='ocrx_word' id='word_1_268' title='bbox 644 2367 872 2416; x_wconf 88' lang='lat' dir='ltr'>fratribus</span> <span class='ocrx_word' id='word_1_269' title='bbox 904 2367 1040 2426; x_wconf 89' lang='lat' dir='ltr'>meis,</span> <span class='ocrx_word' id='word_1_270' title='bbox 1068 2368 1152 2431; x_wconf 87' lang='lat' dir='ltr'>qui</span> <span class='ocrx_word' id='word_1_271' title='bbox 1187 2378 1303 2418; x_wconf 89' lang='lat' dir='ltr'>sunt</span> <span class='ocrx_word' id='word_1_272' title='bbox 1336 2368 1534 2432; x_wconf 89' lang='lat' dir='ltr'>cognati</span> <span class='ocrx_word' id='word_1_273' title='bbox 1566 2369 1664 2419; x_wconf 88' lang='lat' dir='ltr'>mei</span> <span class='ocrx_word' id='word_1_274' title='bbox 1698 2387 1869 2419; x_wconf 81' lang='lat' dir='ltr'>secun-</span> 
     </span>
     <span class='ocr_line' id='line_1_29' title="bbox 114 2447 1928 2519; baseline 0.004 -25"><span class='ocrx_word' id='word_1_275' title='bbox 114 2448 234 2495; x_wconf 91' lang='lat' dir='ltr'>dum</span> <span class='ocrx_word' id='word_1_276' title='bbox 270 2463 482 2506; x_wconf 91' lang='lat' dir='ltr'>carnem,</span> <span class='ocrx_word' id='word_1_277' title='bbox 523 2447 607 2510; x_wconf 87' lang='lat' dir='ltr'>qui</span> <span class='ocrx_word' id='word_1_278' title='bbox 645 2458 758 2496; x_wconf 92' lang='lat' dir='ltr'>sunt</span> <span class='ocrx_word' id='word_1_279' title='bbox 789 2448 1106 2498; x_wconf 87' lang='lat' dir='ltr'>Israhelitae.&#39;</span> <span class='ocrx_word' id='word_1_280' title='bbox 1177 2452 1329 2499; x_wconf 90' lang='lat' dir='ltr'>Porro</span> <span class='ocrx_word' id='word_1_281' title='bbox 1366 2450 1663 2514; x_wconf 90' lang='lat' dir='ltr'>cognatione</span> <span class='ocrx_word' id='word_1_282' title='bbox 1699 2453 1867 2501; x_wconf 91' lang='lat' dir='ltr'>fratres</span> <span class='ocrx_word' id='word_1_283' title='bbox 1894 2472 1928 2519; x_wconf 89' lang='lat'><strong>9</strong></span> 
     </span>
    </p>
   </div>
   <div class='ocr_carea' id='block_1_3' title="bbox 112 2581 1873 3127">
    <p class='ocr_par' dir='ltr' id='par_1_9' title="bbox 112 2581 1873 3127">
     <span class='ocr_line' id='line_1_30' title="bbox 168 2581 1866 2634; baseline 0.004 -14"><span class='ocrx_word' id='word_1_284' title='bbox 168 2595 192 2620; x_wconf 85' lang='lat'>2</span> <span class='ocrx_word' id='word_1_285' title='bbox 223 2588 365 2632; x_wconf 86' lang='lat' dir='ltr'>patres</span> <span class='ocrx_word' id='word_1_286' title='bbox 385 2581 426 2620; x_wconf 91' lang='grc' dir='ltr'><em>Β</em></span> <span class='ocrx_word' id='word_1_287' title='bbox 510 2582 632 2621; x_wconf 90' lang='lat' dir='ltr'>abavi</span> <span class='ocrx_word' id='word_1_288' title='bbox 652 2596 734 2623; x_wconf 87' lang='lat' dir='ltr'>om.</span> <span class='ocrx_word' id='word_1_289' title='bbox 759 2583 806 2621; x_wconf 91' lang='lat' dir='ltr'><em>K</em></span> <span class='ocrx_word' id='word_1_290' title='bbox 912 2596 937 2631; x_wconf 85' lang='lat'><strong>3</strong></span> <span class='ocrx_word' id='word_1_291' title='bbox 968 2584 1162 2622; x_wconf 90' lang='lat' dir='ltr'>accidant</span> <span class='ocrx_word' id='word_1_292' title='bbox 1182 2583 1224 2622; x_wconf 90' lang='lat' dir='ltr'><em>B</em></span> <span class='ocrx_word' id='word_1_293' title='bbox 1333 2596 1356 2634; x_wconf 88' lang='lat'>5</span> <span class='ocrx_word' id='word_1_294' title='bbox 1387 2585 1498 2624; x_wconf 85' lang='lat' dir='ltr'>virili</span> <span class='ocrx_word' id='word_1_295' title='bbox 1519 2598 1553 2625; x_wconf 90' lang='lat' dir='ltr'>s.</span> <span class='ocrx_word' id='word_1_296' title='bbox 1575 2584 1684 2626; x_wconf 85' lang='lat' dir='ltr'>BT:</span> <span class='ocrx_word' id='word_1_297' title='bbox 1704 2587 1866 2626; x_wconf 90' lang='lat' dir='ltr'>virilem</span> 
     </span>
     <span class='ocr_line' id='line_1_31' title="bbox 113 2637 1873 2691; baseline 0.003 -16"><span class='ocrx_word' id='word_1_298' title='bbox 113 2649 263 2675; x_wconf 84' lang='lat' dir='ltr'>sexum</span> <span class='ocrx_word' id='word_1_299' title='bbox 291 2637 337 2675; x_wconf 92' lang='lat' dir='ltr'><em>K</em></span> <span class='ocrx_word' id='word_1_300' title='bbox 578 2639 604 2675; x_wconf 91' lang='lat'><strong>6</strong></span> <span class='ocrx_word' id='word_1_301' title='bbox 633 2650 683 2676; x_wconf 90' lang='lat' dir='ltr'>ve</span> <span class='ocrx_word' id='word_1_302' title='bbox 716 2638 848 2677; x_wconf 84' lang='lat' dir='ltr'>Gaius</span> <span class='ocrx_word' id='word_1_303' title='bbox 874 2637 977 2677; x_wconf 81' lang='lat' dir='ltr'>Inst.</span> <span class='ocrx_word' id='word_1_304' title='bbox 1001 2640 1162 2688; x_wconf 86' lang='lat'>1‚156:</span> <span class='ocrx_word' id='word_1_305' title='bbox 1200 2638 1267 2677; x_wconf 89' lang='lat' dir='ltr'>vel</span> <span class='ocrx_word' id='word_1_306' title='bbox 1298 2639 1409 2680; x_wconf 88' lang='lat' dir='ltr'>codd.</span> <span class='ocrx_word' id='word_1_307' title='bbox 1580 2641 1624 2681; x_wconf 91' lang='lat' dir='ltr'>it.</span> <span class='ocrx_word' id='word_1_308' title='bbox 1657 2647 1800 2691; x_wconf 87' lang='lat' dir='ltr'>patrus</span> <span class='ocrx_word' id='word_1_309' title='bbox 1834 2640 1873 2680; x_wconf 86' lang='lat' dir='ltr'><em>T</em></span> 
     </span>
     <span class='ocr_line' id='line_1_32' title="bbox 114 2691 1867 2745; baseline 0.003 -16"><span class='ocrx_word' id='word_1_310' title='bbox 114 2692 140 2729; x_wconf 92' lang='lat'>8</span> <span class='ocrx_word' id='word_1_311' title='bbox 168 2691 344 2730; x_wconf 87' lang='lat' dir='ltr'>habetur</span> <span class='ocrx_word' id='word_1_312' title='bbox 364 2691 409 2729; x_wconf 90' lang='lat' dir='ltr'><em>K</em></span> <span class='ocrx_word' id='word_1_313' title='bbox 489 2691 635 2730; x_wconf 82' lang='lat' dir='ltr'>semini</span> <span class='ocrx_word' id='word_1_314' title='bbox 658 2691 754 2731; x_wconf 82' lang='lat' dir='ltr'>C1T</span> <span class='ocrx_word' id='word_1_315' title='bbox 862 2705 906 2731; x_wconf 93' lang='lat'>11</span> <span class='ocrx_word' id='word_1_316' title='bbox 940 2705 995 2732; x_wconf 83' lang='lat' dir='ltr'>ex</span> <span class='ocrx_word' id='word_1_317' title='bbox 1018 2693 1129 2744; x_wconf 82' lang='lat' dir='ltr'>(alt.)</span> <span class='ocrx_word' id='word_1_318' title='bbox 1144 2705 1229 2732; x_wconf 90' lang='lat' dir='ltr'>om.</span> <span class='ocrx_word' id='word_1_319' title='bbox 1252 2693 1333 2733; x_wconf 85' lang='lat' dir='ltr'>Bc</span> <span class='ocrx_word' id='word_1_320' title='bbox 1439 2707 1488 2733; x_wconf 88' lang='lat'>12</span> <span class='ocrx_word' id='word_1_321' title='bbox 1517 2696 1628 2745; x_wconf 87' lang='lat' dir='ltr'>patri</span> <span class='ocrx_word' id='word_1_322' title='bbox 1651 2695 1702 2735; x_wconf 75' lang='lat' dir='ltr'>Cl</span> <span class='ocrx_word' id='word_1_323' title='bbox 1786 2697 1867 2735; x_wconf 86' lang='lat' dir='ltr'>sati</span> 
     </span>
     <span class='ocr_line' id='line_1_33' title="bbox 115 2743 1868 2800; baseline 0.003 -16"><span class='ocrx_word' id='word_1_324' title='bbox 115 2744 161 2783; x_wconf 90' lang='lat' dir='ltr'><em>K</em></span> <span class='ocrx_word' id='word_1_325' title='bbox 178 2759 189 2784; x_wconf 74' lang='lat' dir='ltr'>t</span> <span class='ocrx_word' id='word_1_326' title='bbox 217 2745 307 2784; x_wconf 87' lang='lat' dir='ltr'>nati</span> <span class='ocrx_word' id='word_1_327' title='bbox 325 2743 405 2783; x_wconf 90' lang='lat' dir='ltr'>BC</span> <span class='ocrx_word' id='word_1_328' title='bbox 410 2745 447 2783; x_wconf 90' lang='lat' dir='ltr'><em>T</em></span> <span class='ocrx_word' id='word_1_329' title='bbox 605 2753 702 2785; x_wconf 87' lang='lat' dir='ltr'>sunt</span> <span class='ocrx_word' id='word_1_330' title='bbox 723 2760 804 2787; x_wconf 86' lang='lat' dir='ltr'>om.</span> <span class='ocrx_word' id='word_1_331' title='bbox 830 2746 871 2784; x_wconf 91' lang='grc' dir='ltr'><em>Β</em></span> <span class='ocrx_word' id='word_1_332' title='bbox 1122 2760 1170 2796; x_wconf 83' lang='lat'>13</span> <span class='ocrx_word' id='word_1_333' title='bbox 1208 2747 1407 2798; x_wconf 85' lang='lat' dir='ltr'>speculos</span> <span class='ocrx_word' id='word_1_334' title='bbox 1427 2750 1613 2789; x_wconf 85' lang='lat' dir='ltr'>consolis</span> <span class='ocrx_word' id='word_1_335' title='bbox 1632 2763 1794 2800; x_wconf 85' lang='lat' dir='ltr'>aequae</span> <span class='ocrx_word' id='word_1_336' title='bbox 1817 2750 1868 2789; x_wconf 78' lang='lat' dir='ltr'>Cl</span> 
     </span>
     <span class='ocr_line' id='line_1_34' title="bbox 120 2798 1865 2856; baseline 0.004 -19"><span class='ocrx_word' id='word_1_337' title='bbox 120 2801 169 2838; x_wconf 89' lang='lat'>16</span> <span class='ocrx_word' id='word_1_338' title='bbox 187 2800 350 2838; x_wconf 89' lang='lat' dir='ltr'>semine</span> <span class='ocrx_word' id='word_1_339' title='bbox 370 2812 451 2838; x_wconf 88' lang='lat' dir='ltr'>om.</span> <span class='ocrx_word' id='word_1_340' title='bbox 480 2798 516 2838; x_wconf 87' lang='lat' dir='ltr'><em>C</em></span> <span class='ocrx_word' id='word_1_341' title='bbox 594 2801 683 2839; x_wconf 90' lang='lat' dir='ltr'>veri</span> <span class='ocrx_word' id='word_1_342' title='bbox 711 2800 748 2839; x_wconf 90' lang='lat' dir='ltr'><em>T</em></span> <span class='ocrx_word' id='word_1_343' title='bbox 857 2802 904 2839; x_wconf 93' lang='lat'>18</span> <span class='ocrx_word' id='word_1_344' title='bbox 925 2802 973 2840; x_wconf 89' lang='lat' dir='ltr'>fr.</span> <span class='ocrx_word' id='word_1_345' title='bbox 997 2801 1147 2840; x_wconf 88' lang='lat' dir='ltr'>eodem</span> <span class='ocrx_word' id='word_1_346' title='bbox 1168 2802 1326 2841; x_wconf 86' lang='lat' dir='ltr'>fructus</span> <span class='ocrx_word' id='word_1_347' title='bbox 1340 2802 1456 2854; x_wconf 80' lang='lat' dir='ltr'>(corr.</span> <span class='ocrx_word' id='word_1_348' title='bbox 1479 2804 1561 2854; x_wconf 82' lang='lat' dir='ltr'>-tu)</span> <span class='ocrx_word' id='word_1_349' title='bbox 1586 2804 1621 2843; x_wconf 90' lang='lat' dir='ltr'><em>C</em></span> <span class='ocrx_word' id='word_1_350' title='bbox 1728 2817 1782 2843; x_wconf 87' lang='lat'>20</span> <span class='ocrx_word' id='word_1_351' title='bbox 1804 2804 1865 2856; x_wconf 84' lang='lat' dir='ltr'>et]</span> 
     </span>
     <span class='ocr_line' id='line_1_35' title="bbox 119 2853 1868 2909; baseline 0.004 -17"><span class='ocrx_word' id='word_1_352' title='bbox 119 2859 164 2892; x_wconf 86' lang='lat' dir='ltr'>ut</span> <span class='ocrx_word' id='word_1_353' title='bbox 184 2853 236 2892; x_wconf 72' lang='grc' dir='ltr'><em>Ο</em></span> <span class='ocrx_word' id='word_1_354' title='bbox 347 2867 443 2892; x_wconf 89' lang='lat' dir='ltr'>nam</span> <span class='ocrx_word' id='word_1_355' title='bbox 465 2867 548 2893; x_wconf 88' lang='lat' dir='ltr'>om.</span> <span class='ocrx_word' id='word_1_356' title='bbox 573 2854 619 2892; x_wconf 92' lang='lat' dir='ltr'><em>K</em></span> <span class='ocrx_word' id='word_1_357' title='bbox 639 2857 743 2905; x_wconf 81' lang='lat' dir='ltr'>(non</span> <span class='ocrx_word' id='word_1_358' title='bbox 762 2854 828 2906; x_wconf 80' lang='lat' dir='ltr'>A)</span> <span class='ocrx_word' id='word_1_359' title='bbox 969 2869 1020 2894; x_wconf 85' lang='lat'>22</span> <span class='ocrx_word' id='word_1_360' title='bbox 1050 2856 1132 2895; x_wconf 88' lang='lat' dir='ltr'>dici</span> <span class='ocrx_word' id='word_1_361' title='bbox 1159 2855 1215 2895; x_wconf 92' lang='lat' dir='ltr'>T:</span> <span class='ocrx_word' id='word_1_362' title='bbox 1247 2857 1348 2896; x_wconf 87' lang='lat' dir='ltr'>dicti</span> <span class='ocrx_word' id='word_1_363' title='bbox 1367 2858 1409 2896; x_wconf 87' lang='lat' dir='ltr'><em>A</em></span> <span class='ocrx_word' id='word_1_364' title='bbox 1435 2858 1503 2908; x_wconf 85' lang='lat' dir='ltr'>(fr.</span> <span class='ocrx_word' id='word_1_365' title='bbox 1529 2859 1568 2898; x_wconf 88' lang='lat' dir='ltr'>d.</span> <span class='ocrx_word' id='word_1_366' title='bbox 1589 2859 1634 2897; x_wconf 91' lang='lat' dir='ltr'>in</span> <span class='ocrx_word' id='word_1_367' title='bbox 1655 2870 1736 2898; x_wconf 88' lang='lat' dir='ltr'>scr.</span> <span class='ocrx_word' id='word_1_368' title='bbox 1761 2859 1868 2909; x_wconf 85' lang='lat' dir='ltr'>div.)</span> 
     </span>
     <span class='ocr_line' id='line_1_36' title="bbox 118 2906 1866 2965; baseline 0.005 -19"><span class='ocrx_word' id='word_1_369' title='bbox 118 2906 206 2946; x_wconf 89' lang='lat' dir='ltr'>BU</span> <span class='ocrx_word' id='word_1_370' title='bbox 220 2921 231 2947; x_wconf 70' lang='lat' dir='ltr'><strong><em>z</em></strong></span> <span class='ocrx_word' id='word_1_371' title='bbox 249 2907 442 2947; x_wconf 86' lang='lat' dir='ltr'>dicuntur</span> <span class='ocrx_word' id='word_1_372' title='bbox 463 2907 543 2947; x_wconf 87' lang='lat' dir='ltr'>CK</span> <span class='ocrx_word' id='word_1_373' title='bbox 650 2910 888 2958; x_wconf 86' lang='lat' dir='ltr'>cognitione</span> <span class='ocrx_word' id='word_1_374' title='bbox 909 2910 960 2950; x_wconf 86' lang='lat' dir='ltr'>Cl</span> <span class='ocrx_word' id='word_1_375' title='bbox 1069 2923 1122 2959; x_wconf 85' lang='lat'>23</span> <span class='ocrx_word' id='word_1_376' title='bbox 1144 2910 1227 2950; x_wconf 88' lang='lat' dir='ltr'>Iac.</span> <span class='ocrx_word' id='word_1_377' title='bbox 1248 2917 1290 2950; x_wconf 90' lang='lat' dir='ltr'>et</span> <span class='ocrx_word' id='word_1_378' title='bbox 1311 2910 1399 2951; x_wconf 91' lang='lat' dir='ltr'>Ioh.</span> <span class='ocrx_word' id='word_1_379' title='bbox 1421 2925 1502 2952; x_wconf 88' lang='lat' dir='ltr'>om.</span> <span class='ocrx_word' id='word_1_380' title='bbox 1524 2911 1613 2951; x_wconf 89' lang='grc' dir='ltr'>ΒΚ</span> <span class='ocrx_word' id='word_1_381' title='bbox 1631 2913 1735 2964; x_wconf 87' lang='lat' dir='ltr'>(non</span> <span class='ocrx_word' id='word_1_382' title='bbox 1754 2913 1866 2965; x_wconf 85' lang='lat' dir='ltr'>AU)</span> 
     </span>
     <span class='ocr_line' id='line_1_37' title="bbox 119 2961 1868 3020; baseline 0.005 -21"><span class='ocrx_word' id='word_1_383' title='bbox 119 2973 172 3010; x_wconf 83' lang='lat'>24</span> <span class='ocrx_word' id='word_1_384' title='bbox 193 2961 344 3002; x_wconf 82' lang='lat' dir='ltr'>fratres</span> <span class='ocrx_word' id='word_1_385' title='bbox 365 2976 446 3003; x_wconf 91' lang='lat' dir='ltr'>om.</span> <span class='ocrx_word' id='word_1_386' title='bbox 463 2961 520 3000; x_wconf 90' lang='grc' dir='ltr'>Β1</span> <span class='ocrx_word' id='word_1_387' title='bbox 633 2975 685 3014; x_wconf 85' lang='lat'>25</span> <span class='ocrx_word' id='word_1_388' title='bbox 704 2969 821 3003; x_wconf 86' lang='lat' dir='ltr'>tuum</span> <span class='ocrx_word' id='word_1_389' title='bbox 841 2977 923 3005; x_wconf 89' lang='lat' dir='ltr'>om.</span> <span class='ocrx_word' id='word_1_390' title='bbox 951 2965 990 3005; x_wconf 90' lang='lat' dir='ltr'><em>T</em></span> <span class='ocrx_word' id='word_1_391' title='bbox 1059 2971 1102 3004; x_wconf 89' lang='lat' dir='ltr'>et</span> <span class='ocrx_word' id='word_1_392' title='bbox 1124 2965 1273 3016; x_wconf 87' lang='lat' dir='ltr'>paulus</span> <span class='ocrx_word' id='word_1_393' title='bbox 1290 2964 1442 3018; x_wconf 87' lang='lat' dir='ltr'>Apost.</span> <span class='ocrx_word' id='word_1_394' title='bbox 1462 2965 1510 3005; x_wconf 90' lang='lat' dir='ltr'><em>K</em></span> <span class='ocrx_word' id='word_1_395' title='bbox 1523 2981 1532 3007; x_wconf 76' lang='grc' dir='ltr'><strong>ε</strong></span> <span class='ocrx_word' id='word_1_396' title='bbox 1554 2966 1708 3018; x_wconf 88' lang='lat' dir='ltr'>paulus</span> <span class='ocrx_word' id='word_1_397' title='bbox 1728 2974 1772 3007; x_wconf 88' lang='lat' dir='ltr'>et</span> <span class='ocrx_word' id='word_1_398' title='bbox 1785 2967 1868 3020; x_wconf 88' lang='lat' dir='ltr'>(ex-</span> 
     </span>
     <span class='ocr_line' id='line_1_38' title="bbox 112 3015 1871 3071; baseline 0.005 -18"><span class='ocrx_word' id='word_1_399' title='bbox 112 3015 275 3067; x_wconf 75' lang='lat' dir='ltr'>punct.)</span> <span class='ocrx_word' id='word_1_400' title='bbox 297 3017 446 3067; x_wconf 88' lang='lat' dir='ltr'>Apost.</span> <span class='ocrx_word' id='word_1_401' title='bbox 473 3016 508 3055; x_wconf 89' lang='lat' dir='ltr'><em>C</em></span> <span class='ocrx_word' id='word_1_402' title='bbox 522 3017 624 3068; x_wconf 86' lang='lat' dir='ltr'>(non</span> <span class='ocrx_word' id='word_1_403' title='bbox 641 3017 705 3067; x_wconf 78' lang='lat' dir='ltr'>A)</span> <span class='ocrx_word' id='word_1_404' title='bbox 790 3019 843 3056; x_wconf 85' lang='lat'>26</span> <span class='ocrx_word' id='word_1_405' title='bbox 863 3019 997 3070; x_wconf 85' lang='lat' dir='ltr'>inquit</span> <span class='ocrx_word' id='word_1_406' title='bbox 1015 3033 1095 3070; x_wconf 87' lang='lat' dir='ltr'>ego</span> <span class='ocrx_word' id='word_1_407' title='bbox 1109 3033 1191 3059; x_wconf 91' lang='lat' dir='ltr'>om.</span> <span class='ocrx_word' id='word_1_408' title='bbox 1210 3019 1257 3059; x_wconf 90' lang='lat' dir='ltr'><em>K</em></span> <span class='ocrx_word' id='word_1_409' title='bbox 1267 3019 1372 3071; x_wconf 88' lang='lat' dir='ltr'>(non</span> <span class='ocrx_word' id='word_1_410' title='bbox 1387 3021 1430 3060; x_wconf 84' lang='lat' dir='ltr'><em>A</em></span> <span class='ocrx_word' id='word_1_411' title='bbox 1441 3020 1500 3071; x_wconf 86' lang='lat' dir='ltr'>U)</span> <span class='ocrx_word' id='word_1_412' title='bbox 1587 3034 1638 3070; x_wconf 87' lang='lat'>27</span> <span class='ocrx_word' id='word_1_413' title='bbox 1659 3034 1683 3060; x_wconf 91' lang='lat' dir='ltr'>a</span> <span class='ocrx_word' id='word_1_414' title='bbox 1697 3021 1871 3062; x_wconf 86' lang='lat' dir='ltr'>Christo</span> 
     </span>
     <span class='ocr_line' id='line_1_39' title="bbox 121 3070 1869 3127; baseline 0.004 -20"><span class='ocrx_word' id='word_1_415' title='bbox 121 3081 252 3119; x_wconf 90' lang='lat' dir='ltr'>usque</span> <span class='ocrx_word' id='word_1_416' title='bbox 272 3082 440 3110; x_wconf 88' lang='lat' dir='ltr'>carnem</span> <span class='ocrx_word' id='word_1_417' title='bbox 461 3070 502 3108; x_wconf 86' lang='lat' dir='ltr'><em>A</em></span> <span class='ocrx_word' id='word_1_418' title='bbox 526 3085 534 3110; x_wconf 95' lang='lat'><strong>:</strong></span> <span class='ocrx_word' id='word_1_419' title='bbox 565 3085 588 3111; x_wconf 87' lang='lat' dir='ltr'>a</span> <span class='ocrx_word' id='word_1_420' title='bbox 608 3071 711 3112; x_wconf 88' lang='lat' dir='ltr'>Chr.</span> <span class='ocrx_word' id='word_1_421' title='bbox 733 3085 773 3123; x_wconf 90' lang='lat' dir='ltr'>p.</span> <span class='ocrx_word' id='word_1_422' title='bbox 800 3073 824 3112; x_wconf 89' lang='lat' dir='ltr'>f.</span> <span class='ocrx_word' id='word_1_423' title='bbox 849 3085 900 3113; x_wconf 88' lang='lat' dir='ltr'>m.</span> <span class='ocrx_word' id='word_1_424' title='bbox 925 3075 1024 3126; x_wconf 77' lang='lat' dir='ltr'>(om.</span> <span class='ocrx_word' id='word_1_425' title='bbox 1050 3074 1122 3124; x_wconf 86' lang='lat' dir='ltr'>qui</span> <span class='ocrx_word' id='word_1_426' title='bbox 1145 3103 1154 3114; x_wconf 90' lang='lat'>.</span> <span class='ocrx_word' id='word_1_427' title='bbox 1179 3106 1186 3115; x_wconf 95' lang='lat'>.</span> <span class='ocrx_word' id='word_1_428' title='bbox 1211 3103 1221 3113; x_wconf 89' lang='lat'>.</span> <span class='ocrx_word' id='word_1_429' title='bbox 1244 3075 1345 3127; x_wconf 85' lang='lat' dir='ltr'>car.)</span> <span class='ocrx_word' id='word_1_430' title='bbox 1369 3075 1415 3113; x_wconf 93' lang='lat' dir='ltr'><em>K</em></span> <span class='ocrx_word' id='word_1_431' title='bbox 1523 3076 1575 3113; x_wconf 86' lang='lat'>28</span> <span class='ocrx_word' id='word_1_432' title='bbox 1595 3077 1792 3126; x_wconf 87' lang='lat' dir='ltr'>cognatio</span> <span class='ocrx_word' id='word_1_433' title='bbox 1814 3076 1869 3114; x_wconf 87' lang='lat' dir='ltr'>B¹</span> 
     </span>
    </p>
   </div>
  </div>
 </body>
</html>
