2228 3444
1104 139 1378 188 ISIDORI

330 256 380 304 in
408 259 620 307 eandem
640 261 863 308 vocalem
884 259 1093 323 primam
1121 260 1306 312 incidat
1325 262 1460 312 verbi
1481 264 1746 327 sequentis,
1769 273 1820 313 ut
1847 267 2088 315 ‘feminae

330 339 633 404 Aegyptiae.'
707 343 850 403 Quae
872 351 1113 393 structura
1133 344 1306 394 melior
1324 346 1392 406 fit,
1417 345 1456 394 si
1476 355 1807 396 consonantes
1834 348 2086 397 vocalibus

327 421 651 485 adplicantur.
703 422 875 472 Trium
893 441 1094 489 quoque
1110 427 1508 489 consonantium,
1528 446 1655 492 quae
1674 427 1724 477 in
1741 446 1793 478 se
1809 428 2086 480 incidentes

328 502 532 553 stridere
569 514 617 554 et
655 507 794 569 quasi
829 507 982 556 rixare
1013 507 1257 570 videntur,
1292 509 1495 559 vitanda
1526 509 1753 560 iunctura
1785 521 1872 571 est,
1909 510 1959 561 id
1998 521 2084 572 est,

329 587 390 646 R,
433 587 479 645 S,
519 589 580 646 X,
621 596 674 635 ut
695 607 703 636 :
746 592 847 636 ‘ars
889 589 1198 651 studiorum,'
1240 596 1251 618 ‘
1268 609 1351 642 rex
1390 595 1607 653 Xerxes‚'
1655 597 1812 642 ‘error
1852 593 2087 643 Romuli.'
2108 612 2130 651 5

327 667 584 732 Fugienda
604 679 677 719 est
703 679 751 718 et
776 687 1059 722 consonans
1081 675 1137 722 M
1159 675 1302 723 inlisa
1320 674 1588 736 vocalibus,
1618 684 1671 724 ut
1701 679 1895 724 ‘verum
1922 675 2086 725 enim.'

217 753 299 792 XX
465 753 547 799 DE
569 767 847 802 IVNCTVRis
870 769 1174 804 VERBORVM.
1233 759 1293 805 In
1313 756 1473 806 verbis
1499 775 1699 821 quoque
1726 759 1946 808 cavenda
1973 768 2086 807 sunt

326 831 454 891 vitia,
478 842 531 882 ut
555 851 656 882 non
678 834 928 899 inpropria
947 837 1097 886 verba
1123 847 1384 901 ponantur,
1409 856 1536 902 quae
1557 840 1732 889 Graeci
1755 839 2084 903 Acyrologian

325 925 518 964 vocant.
599 918 831 966 Amanda
864 927 936 967 est
970 936 1086 982 ergo
1123 921 1410 984 proprietas,
1439 922 1507 969 sic
1539 930 1705 970 tamen
1731 930 1784 970 ut
1814 921 2083 985 aliquando

325 1007 524 1060 propter
543 997 874 1048 humilitatem
902 1000 1089 1050 sordidi
1114 1011 1198 1050 aut
1225 1001 1386 1066 spurci
1412 1002 1641 1052 vocabuli
1661 1002 1903 1052 translatis
1929 1003 2084 1053 nomi-
2109 1022 2157 1050 ιο

324 1078 470 1128 nibus
492 1081 551 1129 sit
572 1083 829 1141 utendum,
854 1100 956 1132 non
978 1093 1145 1132 tamen
1165 1086 1312 1148 longe
1331 1084 1514 1145 accitis,
1536 1087 1624 1134 sed
1641 1094 1693 1134 ut
1712 1085 1835 1135 veris
1861 1086 2084 1149 proxima

269 1180 299 1215 2
324 1172 371 1210 et
389 1171 600 1226 cognata
616 1164 890 1214 videantur.
952 1167 992 1213 F
996 1165 1211 1230 ugienda
1229 1166 1376 1216 etiam
1396 1168 1687 1231 Hyperbata
1703 1167 1936 1232 longiora,
1955 1186 2083 1233 quae

323 1243 426 1294 fieri
446 1244 551 1294 sine
570 1245 779 1295 aliorum
795 1263 1031 1296 sensuum
1048 1248 1341 1299 confusione
1357 1267 1459 1299 non
1476 1260 1698 1313 possunt.
1769 1250 2081 1314 Ambiguitas

322 1343 523 1390 quoque
560 1337 607 1377 et
643 1327 816 1377 vitium
850 1328 971 1379 illud
1006 1333 1298 1392 cavendum,
1328 1349 1441 1380 cum
1469 1331 1673 1395 quidam
1696 1331 1959 1382 iactatione
1986 1335 2081 1382 elo-

322 1408 554 1472 quentiae
579 1409 730 1471 ducti,
759 1413 896 1474 quod
916 1429 1018 1461 uno
1042 1422 1127 1462 aut
1147 1413 1345 1463 duobus
1366 1413 1526 1463 verbis
1546 1412 1819 1478 significare
1839 1424 2078 1478 poterant,
2108 1433 2151 1473 15

320 1489 621 1555 interpositis
647 1491 878 1542 inanibus
912 1493 1117 1543 vocibus
1143 1496 1290 1559 longa
1316 1505 1362 1545 et
1387 1497 1700 1545 circumflexa
1723 1497 1932 1561 ambage
1967 1515 2079 1547 con·

268 1590 298 1636 3
323 1575 530 1623 cludunt
551 1593 560 1623 ι
598 1576 735 1638 quod
761 1574 933 1624 vitium
956 1575 1362 1644 Perissologia[n]
1384 1588 1601 1627 vocatur.
1664 1577 1760 1629 Cui
1779 1578 2080 1628 contrarium

322 1654 540 1704 criminis
571 1655 742 1704 vitium
776 1665 848 1705 est
879 1666 927 1705 et
956 1657 1206 1707 brevitatis
1240 1658 1406 1708 studio
1440 1661 1587 1709 etiam
1626 1660 1900 1710 necessaria
1932 1661 2081 1711 verba

321 1733 480 1782 furari.
556 1733 812 1798 Fugienda
846 1744 960 1784 sunt
994 1754 1210 1800 quoque,
1240 1736 1366 1787 sicut
1391 1737 1441 1786 in
1466 1737 1637 1788 litteris
1663 1747 1711 1789 et
1736 1739 1911 1801 verbis,
1940 1742 2006 1789 ita
2031 1750 2080 1790 et

318 1814 370 1864 in
412 1815 667 1866 sententiis
709 1816 837 1877 vitia,
879 1835 1006 1881 quae
1054 1818 1179 1868 inter
1215 1819 1372 1883 prima
1420 1820 1868 1870 Grammaticorum
1916 1822 2079 1872 studia
2103 1839 2154 1868 20

263 1920 295 1968 4
319 1908 698 1962 cognoscuntur.
775 1901 899 1948 Sunt
924 1909 1091 1950 autem
1113 1903 1505 1966 Cacemphaton,
1529 1903 1838 1967 Tautologia,
1862 1903 2075 1968 Ellipsis,

317 1980 626 2045 Acyrologia,
650 1982 969 2046 Macrologia,
991 1984 1330 2048 Perissologia,
1354 1987 1675 2035 Pleonasmos
1701 1994 1749 2034 et
1773 1987 1848 2035 his
1885 1985 2075 2036 similia.

317 2064 383 2111 At
403 2073 574 2112 contra
594 2063 870 2114 orationem
892 2065 1079 2114 extollit
1097 2076 1145 2116 et
1171 2077 1373 2116 exornat
1390 2067 1618 2132 †energia
1638 2075 1776 2124 tum†
1795 2068 2076 2133 Emphasis,

316 2160 443 2208 quae
479 2147 588 2209 plus
622 2147 863 2209 quiddam
898 2164 1047 2210 quam
1082 2148 1257 2198 dixerit
1293 2150 1510 2214 intellegi
1545 2139 1661 2200 facit
1678 2170 1692 2212 ,-
1742 2160 1795 2200 ut
1828 2151 1867 2199 si
1907 2150 2075 2201 dicas:

319 2230 330 2251 ‘
348 2228 430 2277 Ad
463 2227 667 2291 gloriam
703 2228 947 2292 Scipionis
976 2231 1231 2291 ascendit‚'
1266 2241 1313 2281 et
1338 2231 1581 2295 Vergilius
1613 2233 1759 2297 (Aen.
1783 2251 1823 2293 2,
1848 2232 1996 2297 262):
2098 2250 2147 2290 25

745 2310 1032 2360 Demissum
1070 2313 1191 2376 lapsi
1228 2331 1314 2377 per
1348 2314 1533 2363 funem.

375 2442 392 2469 1
425 2431 562 2481 prima
581 2432 627 2470 K
728 2437 772 2470 ut
791 2443 874 2471 om.
897 2432 950 2471 T1
1105 2447 1129 2471 2
1159 2435 1511 2474 structuraDU²z
1544 2435 1800 2474 instructura
1815 2435 2073 2476 ABCGIK:

316 2486 615 2526 instructuram
654 2485 745 2525 TUl
776 2492 824 2526 ut
853 2488 934 2527 vid.
1117 2489 1268 2528 melior
1302 2520 1311 2529 .
1348 2519 1358 2530 .
1399 2519 1410 2530 .
1447 2490 1771 2529 consonantium
1802 2503 1912 2540 quae
1949 2490 2071 2542 (que)

315 2540 569 2580 BDGITU:
593 2543 855 2582 menantium
875 2556 984 2592 quae
1000 2542 1124 2596 (que)
1137 2544 1230 2582 ΑΚ
1247 2558 1255 2582 :
1277 2545 1599 2585 consonantium
1615 2544 1666 2583 Cl
1727 2544 1880 2583 Versus
1893 2546 2073 2595 quadra-

310 2595 434 2647 ginta
440 2596 532 2647 sere
550 2596 780 2636 litterarum
799 2598 843 2637 in
869 2598 1078 2649 archezfypo
1105 2598 1303 2639 exciderat
1436 2612 1461 2649 3
1490 2601 1531 2638 in
1552 2612 1599 2639 se
1620 2598 1857 2638 incidentes
1876 2599 1961 2639 DG
1970 2600 2050 2639 TU
2062 2614 2071 2638 ε

314 2663 362 2689 se
384 2650 620 2691 incidentes
640 2652 683 2690 B
702 2665 711 2690 ε
740 2652 1015 2692 insicidentes
1031 2654 1073 2691 A
1081 2653 1180 2692 C1K
1328 2666 1353 2704 5
1381 2655 1665 2694 studiosorum
1679 2654 1726 2692 K
1851 2655 1877 2692 6
1905 2655 2071 2694 vocabi-

315 2705 425 2745 libus
441 2705 492 2746 Cl
604 2720 630 2757 9
659 2712 703 2746 ut
716 2720 802 2746 non
816 2709 916 2758 aliq.
934 2708 1024 2746 ΒΚ
1134 2721 1185 2748 10
1204 2709 1373 2748 sorditis
1389 2715 1461 2748 aut
1475 2709 1640 2760 sporcis
1652 2708 1866 2748 vocalibus
1885 2710 1933 2748 K
1948 2723 1957 2748 z
1980 2723 2069 2749 sor-

315 2760 426 2800 didis
446 2766 518 2800 aut
537 2763 655 2812 porci
675 2762 867 2801 vocabuli
887 2763 929 2801 A
952 2777 960 2801 :
991 2763 1174 2803 sordidis
1195 2772 1267 2803 aut
1295 2764 1461 2814 spurcis
1476 2764 1693 2803 vocabulis
1715 2763 1750 2803 C
1877 2776 1922 2802 11
1954 2765 2070 2805 vires

315 2815 357 2853 Β
471 2829 519 2854 12
539 2816 710 2866 cognita
738 2816 776 2855 T
913 2830 961 2866 14
983 2831 1150 2868 quoque
1163 2819 1236 2859 vit.
1257 2818 1295 2858 T
1430 2830 1477 2868 15
1499 2819 1599 2858 dicti
1619 2819 1666 2857 K
1777 2832 1860 2858 uno
1873 2825 1945 2857 aut
1964 2819 2068 2859 CK:

317 2871 443 2910 unius
463 2877 535 2910 aut
551 2871 592 2910 Β
609 2885 618 2909 :
648 2871 772 2911 unius
792 2873 859 2911 vel
888 2873 925 2911 T
1044 2877 1093 2912 16
1113 2873 1453 2924 circumplexaB
1567 2886 1614 2923 17
1636 2879 1840 2913 vocantur
1855 2873 1965 2911 K1T
1974 2874 1988 2922 <
1990 2880 2068 2924 pro

314 2931 492 2965 vocatur
522 2939 623 2967 corr.
645 2927 822 2978 vocant)
982 2931 1031 2968 18
1061 2934 1127 2968 est
1147 2929 1261 2968 crim.
1290 2929 1363 2968 vit.
1387 2929 1428 2967 Β
1538 2934 1581 2968 et
1595 2929 1711 2969 brev.
1730 2929 1916 2967 studium
1936 2927 2037 2967 KC1
2058 2944 2067 2968 :

314 2986 360 3019 ut
388 2982 504 3020 brev.
534 2981 719 3021 studium
750 2982 817 3021 B:
859 2983 976 3022 brev,
1006 2983 1145 3022 studio
1173 2983 1211 3021 T
1371 2997 1420 3033 19
1449 2983 1696 3032 fugiendum
1717 2989 1784 3022 est
1804 2983 1851 3022 K
1869 2984 1972 3035 (non
2000 2983 2067 3036 Α)

317 3035 374 3073 ita
395 3036 437 3074 in
459 3042 567 3075 sent.
587 3035 663 3078 vit.
678 3042 806 3086 atque
827 3038 900 3076 int.
927 3036 986 3077 T:
1017 3038 1074 3077 ita
1095 3044 1138 3077 et
1153 3038 1196 3076 in
1209 3044 1318 3079 sent.
1337 3039 1508 3088 vitaque
1529 3038 1602 3077 int.
1622 3038 1664 3076 A
1762 3050 1812 3076 21
1835 3044 2068 3078 noscuntur

316 3089 352 3128 C
366 3091 472 3142 (non
491 3091 556 3143 A)
670 3091 857 3131 ellemsis
873 3093 990 3144 (ele-‚
1008 3092 1179 3144 -mpsis)
1195 3093 1308 3132 codd.
1326 3092 1550 3141 (enilimsis
1565 3093 1630 3144 A)
1789 3105 1841 3142 23
1863 3092 2065 3132 rationem

314 3143 361 3183 K
387 3147 492 3195 (non
520 3145 581 3195 Α)
766 3147 930 3197 inergia
962 3152 1104 3186 tamen
1138 3147 1238 3187 fasis
1271 3147 1394 3186 BCK
1412 3162 1421 3186 z
1458 3147 1484 3186 i.
1517 3153 1548 3187 t.
1579 3146 1676 3187 facit
1714 3146 1773 3186 T:
1817 3147 1992 3197 energia
2021 3154 2064 3187 tu

316 3212 411 3239 men
432 3200 552 3240 fassis
567 3200 609 3238 A
741 3213 794 3251 25
823 3201 887 3242 vel
902 3203 1105 3242 ascendet
1235 3205 1288 3242 26
1316 3203 1513 3242 dimisum
1533 3202 1557 3241 l.
1577 3202 1619 3240 A
1643 3216 1652 3241 ε
1682 3202 1869 3242 demissu
1880 3203 2008 3253 lapsis
2023 3202 2070 3241 K
