2176 3424
518 88 1146 136 ETYMOLOGIARVM
1187 87 1314 134 LIB.
1352 89 1442 134 XI.
1481 85 1528 132 iii

146 227 192 266 et
233 219 380 267 fortes
415 219 565 276 viros,
609 218 671 266 de
714 217 892 280 quibus
935 226 1058 266 terra
1100 219 1330 281 conpleta
1371 227 1456 266 est.
1547 215 1884 280 Cynocephali
1909 226 1963 276 15

144 301 448 362 appellantur
497 315 556 347 eo
604 300 740 362 quod
789 298 964 348 canina
1012 298 1171 362 capita
1225 300 1454 359 habeant,
1505 316 1730 362 quosque
1778 300 1882 362 ipse

145 382 343 428 latratus
377 379 529 443 magis
563 380 743 429 bestias
778 398 925 444 quam
953 380 1179 430 homines
1213 383 1488 430 confitetur.
1565 382 1637 429 Hi
1663 382 1712 428 in
1741 379 1887 430 India

146 471 425 510 nascuntur.
500 463 741 525 Cyclopes
782 478 981 525 quoque
1018 464 1190 511 eadem
1232 462 1376 512 India
1411 462 1564 526 gignit
1583 481 1595 522 3
1643 471 1690 511 et
1726 462 1886 510 dictos
1912 455 1969 502 16

101 568 124 608 5
147 543 389 606 Cyclopes
415 560 474 591 eo
501 544 636 606 quod
662 561 816 592 unum
842 544 1023 592 habere
1049 546 1246 592 oculum
1273 544 1323 592 in
1349 546 1509 593 fronte
1543 543 1708 593 media
1732 543 1889 606 perhi-

147 625 335 674 bentur.
389 626 460 672 Hi
480 634 528 673 et
548 629 877 691 ἅγριοφαγῖται
896 625 1139 686 dicuntur,
1158 636 1355 689 propter
1374 627 1511 689 quod
1531 627 1657 675 solas
1678 627 1886 674 ferarum

145 724 314 755 carnes
340 709 506 756 edunt.
578 709 857 771 Blemmyas
883 707 932 755 in
961 707 1116 771 Libya
1140 710 1347 757 credunt
1373 718 1571 756 truncos
1598 707 1703 756 sine
1729 706 1889 770 capite
1913 711 1967 760 17

146 789 294 847 nasci,
322 798 368 837 et
392 805 446 837 os
472 798 519 837 et
545 791 714 837 oculos
739 789 920 838 habere
954 787 1004 836 in
1038 799 1250 852 pectore.
1324 791 1460 839 Alios
1488 789 1592 838 sine
1617 789 1889 839 cervicibus

145 870 289 934 gigni,
318 871 487 919 oculos
512 872 751 919 habentes
786 871 834 918 in
862 873 1090 920 humeris.
1168 875 1227 920 In
1263 873 1437 920 ultimo
1470 882 1636 920 autem
1673 870 1889 921 Orientis
1915 867 1969 914 18

75 972 123 1000 10
147 961 484 1000 monstruosae
520 952 738 1015 gentium
778 952 924 1002 facies
967 953 1258 1002 scribuntur.
1349 953 1490 1002 Aliae
1532 953 1637 1002 sine
1675 953 1886 1013 naribus,

145 1033 337 1097 aequali
374 1034 522 1083 totius
566 1034 661 1083 oris
697 1034 912 1097 planitie,
952 1035 1185 1084 informes
1222 1036 1461 1084 habentes
1499 1037 1674 1083 vultus.
1748 1035 1889 1083 Aliae

145 1116 281 1166 labro
307 1116 564 1166 subteriori
589 1119 715 1166 adeo
740 1117 1039 1180 prominenti
1066 1127 1117 1166 ut
1143 1117 1192 1165 in
1220 1117 1335 1166 solis
1366 1117 1623 1167 ardoribus
1650 1127 1805 1166 totam
1833 1133 1890 1165 ex

147 1215 205 1247 eo
251 1198 423 1247 faciem
474 1208 740 1262 contegant
787 1198 1100 1248 dormientes.
1186 1198 1308 1247 Aliis
1356 1208 1587 1248 concreta
1635 1216 1719 1248 ora
1767 1216 1891 1259 esse,

147 1282 345 1329 modico
379 1291 570 1329 tantum
596 1280 835 1330 foramine
869 1281 1068 1329 calamis
1101 1298 1367 1330 avenarum
1392 1291 1560 1344 pastus
1594 1281 1888 1330 haurientes.

77 1378 122 1420 15
148 1364 388 1411 Nonnulli
422 1362 527 1411 sine
560 1362 737 1426 linguis
764 1380 869 1411 esse
904 1362 1146 1422 dicuntur,
1175 1362 1387 1412 invicem
1423 1362 1662 1412 sermonis
1696 1373 1889 1413 utentes

149 1453 322 1493 nutum
350 1446 450 1494 sive
475 1454 679 1494 motum.
754 1445 987 1493 Panotios
1012 1447 1145 1508 apud
1172 1445 1419 1508 Scythiam
1456 1462 1562 1494 esse
1586 1447 1760 1506 ferunt,
1791 1455 1890 1494 tam
1915 1455 1975 1501 19

149 1525 325 1575 diffusa
348 1526 686 1590 magnitudine
711 1526 899 1574 aurium
935 1536 988 1575 ut
1021 1543 1168 1575 omne
1203 1544 1380 1590 corpus
1416 1545 1473 1576 ex
1507 1529 1576 1576 eis
1610 1535 1888 1590 contegant.

152 1612 255 1657 Πᾶν
279 1609 411 1657 enim
438 1610 628 1657 Graeco
655 1625 881 1656 sermone
909 1625 1071 1668 omne,
1099 1612 1189 1658 ὦτα
1213 1626 1353 1657 aures
1381 1610 1625 1658 dicuntur.
1689 1608 1891 1657 Artaba·
1916 1615 1982 1650 20

150 1689 264 1738 titae
289 1689 340 1736 in
359 1689 624 1753 Aethiopia
647 1689 805 1752 proni,
824 1700 876 1738 ut
902 1707 1092 1753 pecora,
1113 1691 1366 1740 ambulare
1391 1691 1621 1740 dicuntur
1642 1711 1649 1739 :
1689 1692 1892 1755 quadra-

79 1796 128 1825 20
150 1772 390 1835 gesimum
409 1771 515 1821 aevi
539 1789 725 1820 annum
744 1774 906 1821 nullus
927 1773 1302 1837 supergreditur.
1353 1775 1508 1837 Satyri
1530 1775 1891 1823 homunciones
1916 1785 1970 1819 21

149 1863 262 1902 sunt
286 1853 491 1903 aduncis
510 1854 708 1903 naribus
730 1873 743 1915 3
777 1871 961 1903 cornua
980 1855 1028 1903 in
1050 1855 1305 1915 frontibus,
1327 1864 1374 1904 et
1400 1873 1653 1920 caprarum
1680 1856 1891 1919 pedibus

150 1935 344 1995 similes,
389 1938 582 1999 qualem
625 1936 676 1984 in
718 1938 983 1986 solitudine
1025 1939 1274 1986 Antonius
1318 1946 1515 1986 sanctus
1557 1939 1692 1986 vidit.
1791 1937 1891 1999 Qui

150 2018 294 2065 etiam
322 2017 644 2080 interrogatus
671 2018 766 2067 Dei
791 2036 931 2067 servo
956 2021 1267 2082 respondisse
1292 2021 1440 2068 fertur
1465 2019 1636 2068 dicens
1658 2019 1888 2083 (Hieron.

151 2098 229 2147 vit.
254 2101 389 2148 Paul.
412 2116 558 2149 erem.
589 2100 638 2165 8)
660 2120 668 2149 :
717 2100 968 2149 ‘Mortalis
994 2118 1085 2164 ego
1112 2119 1218 2150 sum
1248 2119 1373 2150 unus
1400 2119 1458 2150 ex
1482 2101 1662 2150 accolis
1690 2102 1891 2161 heremi,

78 2200 127 2241 ²5
151 2198 275 2244 quos
313 2181 445 2231 vario
488 2183 658 2231 delusa
696 2199 856 2232 errore
891 2183 1137 2246 gentilitas
1176 2186 1373 2233 Faunos
1411 2185 1707 2246 Satyrosque
1745 2184 1891 2233 colit.7

154 2265 396 2312 Dicuntur
429 2265 630 2328 quidam
665 2274 712 2313 et
744 2265 985 2315 silvestres
1018 2267 1259 2325 homines,
1285 2283 1409 2329 quos
1443 2267 1668 2314 nonnulli
1694 2268 1892 2316 Faunos
1915 2280 1979 2314 22

152 2344 341 2394 ficarios
375 2357 564 2395 vocant.
637 2346 940 2410 Sciopodum
974 2364 1092 2411 gens
1126 2349 1274 2397 fertur
1306 2350 1357 2396 in
1391 2347 1656 2411 Aethiopia
1689 2348 1891 2412 singulis
1916 2365 1979 2411 23

152 2427 372 2476 cruribus
416 2438 463 2477 et
510 2430 756 2478 celeritate
799 2429 1036 2479 mirabili:
1093 2447 1217 2493 quos
1259 2431 1375 2480 inde
1419 2428 1673 2482 σκιόποδας
1715 2430 1892 2480 Graeci

154 2519 345 2569 vocant,
373 2526 433 2559 eo
466 2512 601 2572 quod
627 2527 712 2574 per
743 2522 934 2560 aestum
969 2511 1020 2559 in
1052 2521 1177 2560 terra
1210 2511 1424 2575 resupini
1459 2511 1672 2561 iacentes
1706 2514 1891 2575 pedum

84 2607 134 2647 30
154 2607 353 2639 suorum
380 2591 716 2654 magnitudine
740 2593 1107 2642 adumbrentur.
1152 2594 1430 2657 Antipodes
1451 2593 1500 2642 in
1522 2593 1678 2657 Libya
1701 2596 1896 2658 plantas
1917 2604 1976 2650 24

207 2736 232 2772 5
263 2738 324 2763 oc.
348 2724 442 2763 hab.
468 2737 537 2764 un.
566 2725 600 2763 C
707 2725 1010 2774 perhibeantur
1033 2725 1067 2764 C
1173 2729 1199 2764 6
1228 2725 1377 2765 solaK
1486 2740 1506 2775 7
1542 2726 1740 2765 Lemnias
1757 2726 1891 2774 (mas)

156 2778 268 2818 codd.
288 2783 325 2817 et
330 2779 435 2828 fort.
460 2778 558 2817 Isid.
670 2792 726 2819 cr.
753 2780 886 2819 dictos
909 2787 960 2820 tr.
981 2779 1022 2818 B
1132 2781 1156 2818 8
1186 2780 1255 2819 alii
1277 2781 1369 2819 sine
1390 2781 1478 2819 ΒΚ
1590 2794 1635 2819 11
1668 2781 1738 2819 alii
1759 2781 1838 2821 lab.
1862 2780 1896 2818 C

161 2845 208 2871 12
236 2832 515 2883 praeminenti
530 2833 587 2872 Κ1
605 2849 613 2873 :
634 2835 847 2884 promenti
872 2834 908 2872 T
998 2848 1045 2884 13
1073 2835 1180 2874 alios
1193 2848 1311 2874 conc.
1338 2835 1374 2873 T
1475 2849 1521 2885 14
1554 2841 1679 2885 potus
1695 2835 1756 2873 Κ2
1846 2838 1893 2874 18

158 2888 268 2927 enim
289 2901 372 2929 om.
393 2887 439 2926 K
491 2902 614 2927 omne
635 2902 720 2927 om.
743 2889 777 2928 C
884 2903 937 2928 20
965 2902 1093 2939 supra
1113 2890 1365 2938 graditur&
1476 2903 1524 2928 21
1559 2891 1600 2929 in
1630 2890 1757 2930 front.
1780 2903 1894 2930 corn.

159 2941 204 2980 Κ
309 2957 366 2982 cm
387 2944 542 2993 pedes?
655 2957 706 2982 22
733 2944 902 2993 quidem
927 2944 963 2982 T
1066 2946 1119 2982 26
1148 2944 1252 2984 nulli
1281 2943 1332 2983 Tl
1445 2944 1630 2996 Faunos]
1652 2946 1836 2995 phatuos
1864 2945 1901 2984 T

159 3009 208 3046 27
238 2997 418 3036 vicarios
441 2996 492 3036 C1
599 3011 734 3048 genus
757 2999 792 3038 C
898 3012 950 3049 29
980 2998 1055 3040 iac.
1074 2999 1215 3048 supini
1238 2998 1283 3036 K
1390 3012 1443 3048 30
1471 2999 1775 3039 adumbrantur
1796 2999 1842 3038 K

992 3103 1064 3136 C2
