2176 3424
390 139 1019 188 ETYMOLOGIARVM
1059 140 1189 187 LIB.
1230 139 1370 187 XIV.
1408 137 1454 185 iv

49 273 166 321 anni
205 279 355 334 atque
393 277 576 318 aestate
612 277 881 318 vernantes.
956 269 1039 317 Sol
1076 267 1144 316 ibi
1173 267 1319 327 mitis,
1345 276 1479 331 grata
1514 266 1787 330 temperies,

47 368 130 401 aer
160 369 312 415 purus
337 359 386 401 et
411 348 657 416 blandus}
712 350 871 399 Gallia
895 367 924 398 a
943 351 1159 398 candore
1183 348 1353 412 populi
1379 357 1663 412 nuncupata
1688 357 1761 397 est
1781 366 1792 408 ;
1816 366 1880 414 25

46 436 172 501 γάλα
197 436 332 483 enirn
367 435 555 483 Graece
580 435 654 481 lac
680 432 871 482 dicitur.
945 434 1147 480 Montes
1182 431 1314 480 enim
1345 439 1392 479 et
1416 430 1542 494 rigor
1575 431 1698 478 caeli
1725 431 1788 478 ab

46 533 104 565 ea
130 525 265 579 parte
299 514 413 564 solis
450 516 675 564 ardorem
710 514 991 573 excludunt,
1020 530 1120 576 quo
1145 514 1198 562 fit
1224 522 1277 561 ut
1302 513 1488 561 candor
1524 528 1785 575 corporum
1830 559 1832 561 ,

45 614 147 646 non
185 599 444 647 coloretur.
520 599 668 644 Hanc
697 596 760 644 ab
794 594 982 644 oriente
1016 594 1219 657 Alpium
1245 595 1357 657 iuga
1380 603 1593 654 tuentur,
1620 594 1683 642 ab
1710 610 1787 641 oc-

51 696 168 728 casu
194 680 425 728 Oceanus
450 677 670 737 includit,
698 695 726 725 a
751 678 954 725 meridie
979 686 1237 739 praerupta
1264 677 1512 739 Pyrenaei,
1540 693 1569 723 a
1593 685 1784 738 septen-

47 761 208 809 trione
244 763 407 809 Rheni
445 762 627 808 fluenta
659 769 808 822 atque
839 758 1140 819 Germania,
1175 760 1314 806 cuius
1352 758 1545 805 initium
1572 756 1784 820 Belgica,

47 842 159 890 finis
185 843 453 906 Aquitania
477 851 550 890 est
570 859 581 899 ;
619 841 751 904 regio
775 841 918 903 gleba
953 840 1089 888 uberi
1121 857 1178 888 ac
1204 841 1445 903 pabulosa
1471 849 1518 888 et
1554 841 1617 888 ad
1644 856 1787 887 usum

45 924 372 972 animantium
397 933 523 987 apta,
553 923 838 971 fluminibus
863 939 1063 986 quoque
1089 932 1136 971 et
1162 923 1380 971 fontibus
1417 924 1565 984 rigua,
1594 922 1789 984 perfusa

22 1038 24 1047 ·
48 1006 246 1054 duobus
273 1005 460 1069 magnis
489 1006 670 1054 Rheno
696 1012 744 1052 et
770 1005 1022 1052 Rhodano
1049 1003 1222 1053 fluviis.
1296 1003 1460 1067 Belgis
1485 1012 1652 1051 autem
1678 1001 1789 1050 civi·
1816 1003 1884 1049 26

51 1096 123 1135 tas
149 1097 222 1136 est
247 1087 449 1147 Galliae,
479 1104 507 1135 a
526 1104 626 1150 quo
654 1087 851 1149 Belgica
878 1085 1130 1149 provincia
1154 1085 1286 1134 dicta
1314 1083 1444 1151 [est].
1518 1084 1785 1148 Cisalpina,

47 1171 164 1231 quia
211 1169 330 1218 citra
371 1171 537 1233 Alpes.
624 1168 963 1231 Transalpina,
1008 1167 1059 1216 id
1107 1176 1180 1217 est
1229 1176 1359 1215 trans
1409 1168 1575 1230 Alpes,
1617 1175 1789 1215 contra

48 1251 448 1314 septentrionem.
522 1250 700 1299 Raetia
732 1266 860 1309 vero,
889 1251 1025 1312 quod
1059 1249 1118 1297 sit
1155 1250 1287 1297 iuxta
1317 1250 1568 1298 Rhenum.
1640 1249 1792 1312 Aqui·
1817 1261 1878 1310 27

47 1332 178 1381 tania
197 1342 363 1382 autern
388 1333 452 1381 ab
477 1332 691 1395 obliquis
716 1333 855 1395 aquis
883 1331 1067 1394 Ligeris
1093 1331 1308 1379 fluminis
1332 1333 1589 1396 appellata,
1620 1330 1704 1394 qui
1730 1348 1788 1379 ex

19 1461 22 1468 ,
46 1415 255 1479 plurima
279 1424 415 1479 parte
440 1416 676 1464 terminus
713 1415 817 1463 eius
843 1422 929 1473 est,
958 1430 1168 1476 eamque
1193 1429 1321 1476 pene
1346 1415 1396 1461 in
1423 1413 1594 1462 orbem
1620 1412 1784 1476 cingit.

49 1498 295 1561 Hispania
327 1498 458 1562 prius
500 1498 563 1547 ab
600 1497 746 1546 Ibero
788 1513 934 1544 amne
975 1495 1136 1545 Iberia
1172 1505 1470 1559 nuncupata,
1511 1504 1684 1558 postea
1724 1495 1789 1543 ab
1812 1495 1876 1542 28

50 1581 263 1643 Hispalo
290 1581 536 1643 Hispania
560 1577 910 1643 cognominata
925 1586 1011 1627 est.
1075 1579 1191 1640 Ipsa
1217 1586 1289 1626 est
1315 1587 1362 1626 et
1388 1594 1501 1627 vera
1529 1576 1787 1640 Hesperia,

46 1662 109 1710 ab
128 1665 357 1726 Hespero
374 1664 512 1711 stella
528 1660 824 1710 occidentali
841 1659 985 1709 dicta.
1038 1661 1140 1709 Sita
1158 1669 1229 1709 est
1246 1669 1412 1709 autem
1430 1660 1556 1709 inter
1572 1662 1790 1708 Africam

49 1753 95 1792 et
121 1745 346 1805 Galliam,
369 1761 397 1793 a
423 1742 756 1806 septentrione
779 1741 1039 1805 Pyrenaeis
1065 1741 1319 1790 montibus
1346 1744 1524 1803 clausa,
1547 1760 1575 1791 a
1594 1742 1792 1805 reliquis

17 1827 267 1890 ‚partibus
306 1826 526 1889 undique
574 1841 706 1873 mare
759 1825 1006 1883 conclusa,
1057 1823 1341 1873 salubritate
1389 1825 1512 1873 caeli
1554 1825 1787 1888 aequalis,

46 1909 268 1956 omnium
289 1910 479 1972 frugum
505 1907 766 1971 generibus
791 1907 1017 1965 fecunda,
1043 1922 1349 1969 gemmarum
1376 1909 1787 1971 metallorumque

45 1989 200 2052 copiis
226 1990 478 2039 ditissima.
553 1991 850 2038 Interfluunt
876 2006 984 2037 eam
1011 1990 1216 2036 flumina
1241 2006 1447 2052 magna:
1483 1992 1663 2049 Baetis,
1694 1990 1787 2038 Mi·
1811 1998 1882 2045 29

45 2087 180 2131 neuS,
228 2072 400 2120 Iberus
439 2080 486 2120 et
525 2073 690 2134 Tagus
737 2086 910 2118 aurum
947 2072 1159 2130 trahens,
1203 2080 1255 2119 ut
1295 2072 1541 2119 Pactolus.
1617 2072 1787 2121 Habet

45 2154 319 2216 provincias
358 2171 470 2202 sex:
514 2156 951 2212 Tarraconensem,
995 2151 1417 2216 Cartaginensem,
1463 2154 1786 2217 Lusitaniam,

0 2254 22 2292 m
45 2235 319 2296 Galliciam,
349 2235 616 2294 Baeticam,
645 2243 692 2284 et
718 2244 849 2283 trans
887 2237 1007 2283 freta
1040 2234 1090 2282 in
1125 2234 1324 2298 regione
1348 2235 1544 2285 Africae
1570 2239 1786 2301 Tingita-

45 2320 191 2367 niam.
266 2321 407 2366 Duae
445 2307 745 2366 sunt'autem
774 2317 1075 2381 Hispaniae:
1114 2316 1334 2377 Citerior,
1363 2334 1491 2381 quae
1516 2318 1567 2367 in
1593 2329 1785 2383 septen·
1809 2330 1876 2377 30

46 2400 215 2449 trionis
251 2402 442 2464 plagam
485 2416 513 2447 a
550 2401 802 2462 Pyrenaeo
846 2415 1002 2462 usque
1038 2400 1102 2448 ad
1139 2398 1453 2462 Cartaginem
1494 2402 1752 2465 porrigitur
1772 2421 1786 2464 3

46 2482 270 2542 Vlterior,
296 2498 423 2544 quae
459 2481 510 2529 in
546 2480 800 2530 meridiem
839 2497 867 2529 a
893 2480 1153 2530 Celtiberis
1191 2498 1347 2544 usque
1383 2483 1447 2531 ad
1481 2482 1784 2532 Gaditanum

103 2625 120 2650 1
154 2613 255 2651 anni
277 2625 360 2651 om.
385 2611 427 2650 U
444 2611 558 2651 Ovet.
578 2616 676 2651 extr.
842 2623 867 2660 3
898 2610 1009 2649 enim
1030 2623 1112 2650 om.
1143 2611 1180 2650 T
1339 2613 1364 2650 8
1394 2613 1636 2663 aquitaniae
1659 2620 1724 2653 est
1744 2616 1791 2654 K

43 2667 136 2717 pah.
163 2672 228 2706 est
248 2667 300 2704 ad
324 2666 359 2705 C
465 2680 492 2716 9
520 2666 686 2716 inrigua
706 2665 752 2703 K
862 2678 913 2704 10
943 2664 1094 2704 fluvius
1114 2664 1161 2703 K
1271 2679 1315 2705 11
1348 2681 1372 2707 a
1393 2680 1475 2718 qua
1494 2667 1572 2707 CK
1653 2670 1784 2719 belgi-

46 2734 140 2761 cum
171 2720 218 2758 K
324 2727 388 2760 est
421 2721 514 2760 hab.
550 2720 646 2762 CT:
678 2734 762 2759 om.
795 2720 882 2758 ΒΚ
1049 2733 1097 2758 12
1128 2734 1196 2770 qu.
1232 2721 1282 2762 ci.
1314 2722 1413 2772 Alp.
1448 2723 1599 2763 Trans.
1631 2737 1713 2763 om.
1757 2723 1795 2762 T

47 2788 127 2825 qua
145 2775 186 2814 B
296 2775 422 2826 citra]
444 2775 556 2814 circa
578 2774 686 2815 codd.
803 2789 851 2824 14
882 2775 1004 2825 ligeri
1033 2774 1110 2814 BC
1115 2775 1151 2813 T
1257 2777 1326 2826 qui
1347 2790 1428 2816 om.
1451 2776 1498 2814 K
1609 2789 1655 2827 15
1686 2780 1787 2818 orbe

46 2829 133 2868 ΒΚ
242 2833 291 2869 16
319 2829 372 2869 ab
392 2830 571 2880 hispano
595 2829 630 2868 C
740 2830 789 2868 18
819 2831 870 2869 ab
893 2830 1090 2879 Hespero
1111 2830 1226 2871 Serv.
1248 2831 1307 2870 ad
1321 2831 1426 2870 Aen.
1453 2845 1487 2882 1,
1511 2843 1622 2882 5302
1651 2846 1675 2871 a
1694 2846 1788 2872 ves-

49 2896 150 2934 pero
171 2884 281 2925 codd.
415 2897 465 2934 19
494 2885 650 2935 pirinei
678 2884 715 2922 T
817 2885 868 2924 cl.
890 2885 966 2924 rel.
995 2887 1030 2925 C
1156 2898 1203 2923 21
1239 2899 1333 2934 gen.
1355 2887 1556 2936 opulenta
1578 2901 1625 2926 ac
1646 2888 1726 2927 fec.
1755 2887 1793 2926 T

49 2951 99 2978 22
128 2952 280 2989 magna
301 2952 382 2978 om.
406 2938 453 2976 K
559 2939 669 2978 betis
688 2939 767 2978 BC
773 2939 830 2978 T:
861 2939 980 2979 betes
1000 2941 1047 2978 K
1153 2952 1205 2990 23
1235 2941 1407 2980 hiberus
1423 2940 1470 2978 K
1487 2956 1496 2980 :
1526 2942 1654 2980 iberis
1670 2941 1750 2981 BC
1755 2942 1792 2980 T

47 3006 98 3043 24
130 2999 476 3033 terraconensem
509 2993 618 3034 codd.
787 2994 1156 3044 carthaginensem
1189 2995 1236 3034 K
1435 3007 1486 3045 25
1517 2997 1701 3046 galitiam
1734 2997 1784 3036 C¹

47 3047 227 3088 beticam
243 3048 355 3088 codd.
469 3048 764 3099 tinguitaniam
777 3049 818 3087 B
925 3053 979 3089 26
1009 3052 1104 3090 Duo
1123 3049 1173 3088 C1
1257 3050 1448 3101 hispania
1462 3049 1508 3088 K
1614 3064 1663 3100 27
1696 3065 1784 3092 car-

47 3101 264 3152 thaginem
282 3102 361 3142 CK
