2228 3444
1109 191 1381 239 ISIDORI

362 323 530 365 autem
555 315 759 380 quidam
786 316 912 367 inter
936 318 1175 368 ieiunium
1202 330 1250 370 et
1277 320 1553 372 stationem.
1629 324 1759 373 Nam
1779 320 2018 372 ieiunium
2047 330 2120 370 est

362 396 696 448 indifferenter
730 398 994 450 cuiuslibet
1030 400 1130 450 diei
1165 401 1477 464 abstinentia,
1517 420 1618 453 non
1644 405 1918 454 secundum
1943 405 2117 466 legem,

361 479 450 528 sed
469 482 746 530 secundum
766 483 1012 545 propriam
1030 485 1334 533 voluntatem
1353 503 1366 546 3
1392 487 1537 535 statio
1561 495 1727 536 autem
1745 495 1818 535 est
1838 484 2116 536 observatio

267 564 338 612 68
361 569 656 611 statutorum
674 563 866 612 dierum
892 566 969 613 vel
989 574 1287 629 temporum.
1362 567 1584 629 Dierum,
1605 577 1657 618 ut
1683 577 1884 633 quartae
1903 567 2051 617 feriae
2070 576 2119 616 et

359 652 523 693 sextae
544 643 691 694 feriae
708 644 947 695 ieiunium
968 663 1027 696 ex
1042 647 1193 697 veteri
1212 650 1318 712 lege
1334 660 1652 714 praeceptum
1674 670 1683 700 ι
1710 652 1773 700 de
1791 667 1888 714 qua
1908 649 2118 699 statione
2143 666 2164 706 5

358 723 408 773 in
437 726 707 791 Evangelio
733 727 854 777 dixit
888 729 969 778 ille
995 728 1137 794 (Luc.
1158 734 1230 790 18,
1250 730 1360 796 12):
1391 737 1402 758 ‘
1420 732 1597 782 Ieiuno
1622 733 1698 782 bis
1725 733 1775 781 in
1802 732 2041 791 sabbato,'
2066 731 2117 780 id

254 804 330 866 69
358 817 431 856 est
458 818 631 872 quarta
657 818 704 859 et
730 820 866 860 sexta
892 811 1101 862 sabbati.
1168 814 1474 878 Temporum
1504 823 1686 876 autem,
1717 832 1844 879 quae
1874 812 2116 878 legalibus

355 907 413 939 ac
439 891 740 955 propheticis
759 892 1149 944 institutionibus
1170 895 1442 947 terminatis
1459 897 1764 963 temporibus
1785 906 1965 947 statuta
1985 904 2116 956 sunt,

356 982 410 1022 ut
434 972 673 1024 ieiunium
699 975 872 1039 quarti,
898 975 1070 1040 quinti,
1100 977 1310 1042 septimi,
1338 996 1396 1028 ac
1421 979 1602 1030 decimi
1628 979 1811 1030 mensis
1831 998 1843 1040 3
1875 981 1965 1039 vel,
1990 978 2117 1028 sicut

356 1053 406 1103 in
425 1055 696 1120 Evangelio
715 1056 916 1122 (Matth.
930 1078 973 1123 9,
992 1059 1087 1123 15),
1102 1060 1207 1109 dies
1223 1060 1291 1109 illi
1311 1060 1362 1110 in
1383 1062 1563 1125 quibus
1579 1063 1772 1112 ablatus
1790 1072 1863 1112 est
1880 1079 2115 1127 sponsus3
2142 1076 2192 1104 10

356 1138 432 1187 vel
481 1137 606 1188 sicut
655 1139 934 1190 observatio
977 1142 1396 1207 quadragesimae,
1442 1161 1569 1207 quae
1618 1144 1669 1192 in
1717 1144 1945 1195 universo
1994 1145 2114 1194 orbe

356 1218 666 1270 institutione
695 1223 986 1285 Apostolica
1023 1225 1310 1274 observatur
1347 1225 1475 1275 circa
1510 1227 1782 1276 confinium
1819 1227 2114 1277 Dominicae

264 1313 331 1363 70
354 1301 609 1365 passionis.
711 1304 806 1354 His
843 1306 1040 1355 tertium
1078 1325 1233 1371 genus
1270 1307 1473 1372 quidam
1516 1309 1740 1359 adiciunt
1777 1327 1926 1374 quam
1963 1313 2116 1359 Xero—

355 1385 587 1449 phagiam
632 1386 819 1448 dicunt,
870 1389 1223 1439 abstinentiam
1274 1391 1459 1441 scilicet
1508 1391 1731 1442 ciborum
1781 1392 2111 1443 humentium.

355 1469 504 1517 Vnde
532 1478 579 1517 et
605 1486 791 1519 nomen
812 1471 909 1519 hoc
926 1472 1113 1533 datum,
1135 1489 1195 1521 eo
1215 1475 1351 1536 quod
1369 1472 1511 1523 siccis
1529 1474 1732 1539 quidam
1750 1474 1873 1525 escis
1895 1485 2109 1524 utantur.
2141 1488 2186 1531 15

277 1559 330 1608 71
357 1549 669 1600 Poenitentia
685 1554 943 1617 appellata,
965 1553 1106 1618 quasi
1125 1555 1415 1619 punitentia,
1440 1573 1500 1606 eo
1526 1559 1659 1621 quod
1679 1557 1784 1621 ipse
1810 1559 1962 1608 homo
1987 1560 2038 1607 in
2059 1577 2109 1609 se

355 1632 662 1695 poenitendo
688 1634 860 1699 puniat
887 1637 1023 1699 quod
1044 1638 1171 1686 male
1191 1637 1404 1687 admisit.
1479 1640 1610 1688 Nam
1637 1638 1757 1688 nihil
1783 1640 1917 1690 aliud
1943 1651 2107 1704 agunt,

353 1731 479 1777 quos
496 1715 731 1766 veraciter
745 1717 981 1781 poenitet,
1000 1718 1094 1767 nisi
1114 1729 1166 1768 ut
1183 1718 1248 1779 id,
1271 1722 1407 1784 quod
1425 1722 1554 1771 male
1570 1723 1803 1782 fecerunt,
1827 1722 2108 1787 inpunitum

353 1813 460 1847 esse
484 1814 588 1847 non
613 1797 787 1848 sinant.
865 1802 941 1848 Eo
967 1799 1150 1866 quippe
1171 1803 1323 1851 modo
1341 1801 1434 1851 sibi
1453 1820 1555 1852 non
1575 1803 1889 1868 parcentibus
1910 1807 1991 1855 ille
2006 1823 2109 1870 par-

352 1875 432 1936 cit,
459 1875 598 1926 cuius
623 1879 778 1927 altum
805 1876 1092 1943 iustumque
1117 1878 1357 1930 iudicium
1386 1883 1551 1931 nullus
1585 1891 1900 1946 contemptor
1925 1884 2102 1934 evadit.
2134 1898 2184 1928 20

265 1972 328 2022 72
353 1959 575 2008 Perfecta
600 1967 672 2008 est
697 1969 864 2009 autem
891 1960 1212 2026 poenitentia,
1238 1962 1498 2026 praeterita
1531 1964 1712 2013 deflere
1746 1973 1794 2014 et
1818 1966 1978 2014 futura
2003 1981 2106 2014 non

349 2039 625 2091 admittere.
700 2043 845 2092 Haec
872 2044 1092 2093 secunda
1116 2043 1167 2093 in
1193 2043 1514 2095 similitudine
1547 2045 1696 2096 fontis
1723 2055 1808 2107 est,
1837 2056 1891 2095 ut
1916 2045 1955 2095 si
1981 2048 2105 2096 forte

349 2120 655 2187 inpugnante
689 2123 891 2174 diabolo
925 2125 1129 2190 aliquod
1162 2136 1423 2191 peccatum
1454 2126 1723 2192 inrepserit,
1752 2129 1896 2178 huius
1923 2128 2107 2178 satisfa-

260 2221 322 2270 73
347 2204 513 2254 ctione
549 2214 795 2269 purgetur.
870 2206 1149 2257 Satisfactio
1182 2216 1347 2258 autem
1383 2218 1455 2258 est
1492 2227 1663 2259 causas
1699 2219 2015 2273 peccatorum
2056 2221 2104 2261 et

255 2303 319 2355 74
345 2288 684 2351 suggestiones
712 2289 972 2338 excludere
998 2298 1046 2338 et
1072 2291 1197 2339 ultra
1222 2298 1483 2355 peccatum
1510 2308 1611 2341 non
1645 2291 1831 2341 iterare.
1907 2295 2102 2343 Recon-
2127 2305 2175 2347 25

345 2367 527 2417 ciliatio
543 2385 659 2419 vero
676 2379 761 2429 est,
776 2386 904 2434 quae
919 2380 1031 2434 post
1047 2373 1454 2435 conplementum
1471 2372 1805 2437 poenitentiae
1820 2373 2096 2424 adhibetur.

345 2452 477 2501 Nam
511 2450 637 2502 sicut
671 2452 991 2503 conciliamur
1019 2456 1144 2515 Deo,
1172 2456 1375 2518 quando
1400 2454 1614 2520 primum
1639 2473 1668 2505 a
1690 2455 1961 2520 gentilitate
1986 2474 2101 2506 con-

403 2594 420 2620 1
453 2593 550 2620 nam
573 2594 655 2623 om.
679 2580 726 2621 K
833 2596 857 2622 2
887 2582 1142 2635 secundum]
1165 2596 1243 2635 per
1260 2583 1308 2623 K
1326 2583 1386 2636 (A
1412 2599 1453 2624 n.
1477 2586 1527 2637 l.)
1668 2598 1694 2636 3
1724 2587 1799 2626 sed
1819 2600 1901 2627 sec.
1926 2601 2009 2628 om.
2039 2589 2093 2629 T:

343 2636 420 2675 sed
441 2648 520 2686 per
538 2635 585 2674 K
615 2636 674 2688 <A
696 2651 739 2679 n.
761 2636 809 2689 l.)
973 2653 998 2688 4
1027 2644 1263 2678 statuorum
1286 2638 1335 2677 Cl
1353 2653 1362 2678 :
1392 2639 1571 2679 istorum
1598 2639 1636 2678 T
1740 2647 1792 2681 st.
1809 2641 1878 2681 vel
1898 2642 1952 2684 di.
1970 2644 2038 2682 vel
2054 2642 2097 2682 Β

343 2696 386 2730 et
409 2703 499 2731 sex,
523 2689 600 2731 fer.
622 2704 705 2731 om.
726 2690 789 2732 K1
929 2704 954 2742 5
985 2706 1040 2732 ex
1059 2707 1140 2733 om.
1167 2692 1205 2733 T-
1309 2693 1450 2741 legem
1473 2695 1523 2734 C1
1675 2708 1695 2745 7
1727 2709 1793 2736 au.
1814 2696 1943 2749 quae]
1964 2696 2035 2736 vel
2053 2698 2096 2737 Β

343 2747 369 2784 8
397 2745 468 2798 ac]
490 2750 533 2784 et
549 2744 597 2784 K
702 2759 729 2795 9
756 2746 826 2799 ac]
849 2754 891 2787 et
913 2747 959 2786 K
1066 2748 1228 2788 mensis
1247 2761 1331 2788 om.
1350 2747 1391 2786 Β
1399 2749 1438 2788 T
1542 2750 1609 2790 vel
1629 2763 1711 2790 om.
1731 2750 1778 2790 K
1889 2765 1939 2791 10
1966 2751 2038 2792 ille
2052 2751 2094 2790 Β

347 2812 363 2838 1
375 2813 391 2838 1
415 2799 544 2852 quae]
562 2801 632 2851 qui
659 2799 697 2840 T
807 2815 855 2842 12
876 2803 1032 2855 apost.]
1052 2803 1302 2853 evangelica
1320 2802 1367 2841 K
1382 2804 1482 2856 (non
1498 2805 1562 2857 A)
1681 2818 1729 2854 13
1750 2805 1919 2845 tertium
1934 2820 2016 2847 om.
2031 2806 2092 2845 K1

342 2854 546 2908 adiciunt]
568 2853 716 2896 dicunt
737 2856 795 2894 K*l
977 2871 1103 2908 quam
1124 2857 1211 2898 BT
1221 2871 1232 2898 ι
1261 2858 1375 2908 quod
1397 2858 1477 2898 CK
1581 2860 1858 2911 scenophigia
1878 2861 2031 2900 dicitur
2050 2860 2096 2899 K

347 2922 394 2958 14
414 2910 525 2962 scil.]
544 2911 716 2960 quidem
730 2910 777 2950 K
791 2913 895 2964 (non
910 2912 973 2962 A)
1059 2913 1335 2952 humectuum
1350 2912 1397 2952 K
1407 2914 1469 2966 (A
1488 2929 1528 2954 n.
1544 2914 1594 2967 l.)
1711 2926 1760 2964 15
1781 2915 1949 2965 quidam
1966 2915 2091 2955 siccis

343 2963 390 3001 K
486 2966 590 3016 fort.
606 2965 777 3018 quidem
797 2980 805 3005 :
830 2966 906 3006 del.
923 2966 1120 3007 Schwarz
1231 2973 1407 3008 utuntur
1423 2974 1469 3008 ut
1480 2969 1560 3009 vid.
1582 2967 1619 3008 T
1727 2971 1776 3008 16
1804 2969 2091 3010 penitentiam

342 3018 388 3057 K
395 3018 431 3057 T
517 3020 773 3072 appellatam
793 3020 839 3060 K
927 3022 1147 3072 punientia
1167 3020 1255 3061 ΒΚ
1273 3036 1281 3061 :
1312 3023 1575 3074 paenitentia
1592 3022 1641 3062 Cl
1755 3036 1802 3073 17
1833 3025 1956 3075 punit
1974 3024 2052 3065 BC
2059 3025 2096 3064 T

343 3073 454 3125 aliud
474 3089 557 3116 om.
588 3074 627 3115 T
733 3077 782 3116 18
811 3077 1023 3129 poenitet]
1047 3077 1170 3127 punit
1190 3076 1236 3115 K
1341 3091 1395 3117 20
1425 3078 1575 3118 evadet
1593 3075 1641 3117 K
1759 3090 1811 3127 23
1840 3084 2019 3128 peccato
2039 3079 2090 3121 C1

343 3141 394 3176 24
426 3135 664 3178 purgentur
679 3129 728 3170 Cl
824 3142 876 3180 25
905 3131 1227 3181 suggestionum
1240 3142 1264 3170 a
1279 3143 1326 3172 se
1343 3131 1452 3172 excl.
1468 3131 1516 3171 K
1625 3135 1645 3181 5
1661 3145 1712 3183 74
1742 3145 1821 3173 om.
1840 3131 1976 3172 KMO
1988 3135 2090 3184 (non

342 3183 383 3220 A
407 3181 534 3234 Trin.)
607 3187 659 3223 26
679 3184 800 3236 vero]
814 3191 953 3225 autem
973 3184 1011 3224 T
1080 3197 1129 3234 27
1152 3196 1294 3226 nam..
1318 3215 1326 3226 .
1346 3186 1610 3238 regredimur
1624 3196 1704 3226 om.
1727 3185 1878 3238 T<non
1896 3186 1937 3226 U
1953 3185 2085 3240 Trin.)
