2176 3424
1109 162 1380 211 ISIDORI

379 290 736 341 fecunditatem
778 291 1138 355 gignendorum
1187 294 1484 357 populorum
1533 294 1798 344 Germania
1844 295 1976 344 dicta
2030 306 2116 345 est.

377 372 547 436 Gignit
603 390 716 422 aves
777 373 1068 437 Hyrcanias,
1138 391 1345 438 quarum
1394 375 1575 438 pinnae
1638 387 1785 427 nocte
1833 379 2118 441 perlucent,

376 455 598 505 bisontes
629 473 830 519 quoque
866 458 989 505 feras
1024 466 1071 506 et
1105 474 1217 505 uros
1251 467 1401 521 atque
1437 460 1566 507 alces
1591 459 1807 522 parturit.
1883 459 2038 508 Mittit
2068 470 2115 509 et

371 554 606 601 gemmas,
636 539 915 601 crystallum
953 547 1001 588 et
1031 537 1272 599 sucinum,
1299 539 1557 588 callaicum
1594 558 1794 605 quoque
1818 540 2039 602 viridem,
2066 550 2114 591 et

371 619 657 669 ceraunium
684 620 967 669 candidum.
1043 623 1186 669 Duae
1212 630 1325 670 sunt
1350 631 1515 671 autem
1535 623 1856 672 Germaniae:
1894 623 2113 687 superior

318 715 349 764 5
371 703 504 751 iuxta
528 701 963 766 septentrionalem
991 703 1265 762 Oceanum,
1293 702 1491 752 inferior
1525 703 1651 753 circa
1678 707 1926 754 Rhenum.
2001 709 2113 755 Pro-

370 783 554 832 vincias
586 794 753 834 autem
787 802 909 848 quas
937 783 1199 833 Danubius
1231 802 1260 833 a
1292 785 1556 834 Barbarico
1591 787 1657 835 ad
1692 786 2110 836 Mediterraneum

370 882 501 915 mare
532 867 740 916 secludit
765 887 772 916 :
810 868 967 930 prima
992 876 1065 916 est
1093 867 1300 927 Moesia,
1327 885 1356 916 a
1381 868 1615 917 messium
1641 879 1882 933 proventu
1907 880 2081 920 vocata
2095 883 2107 925 Γ,

368 951 502 999 unde
545 960 592 999 et
637 967 746 998 eam
786 959 972 999 veteres
1016 949 1208 1000 Cereris
1252 952 1480 1000 horreum
1524 953 1893 1015 nuncupabant.
1968 955 2113 1003 Haec

366 1041 533 1081 autem
552 1032 616 1081 ab
637 1033 826 1081 oriente
845 1032 981 1080 ostiis
999 1031 1221 1081 Danubii
1237 1031 1464 1095 iungitur,
1488 1033 1550 1081 ab
1571 1035 1703 1083 Euro
1719 1051 1834 1083 vero
1854 1034 2108 1096 Thraciae,

367 1131 395 1162 a
435 1114 639 1164 meridie
679 1116 1022 1175 Macedoniae,
1067 1115 1131 1163 ab
1174 1132 1354 1164 occasu
1395 1114 1613 1165 Histriae
1647 1119 1918 1180 copulatur.
1992 1121 2110 1166 Post

370 1197 617 1246 Moesiam
642 1205 808 1245 autem
836 1196 1094 1246 Pannonia
1123 1206 1209 1246 est.
1286 1199 1412 1246 Inde
1439 1196 1652 1246 Noricus
1689 1214 1802 1261 ager
1827 1198 2028 1262 frigidus
2063 1209 2110 1248 et

368 1278 560 1341 parcius
597 1280 889 1327 fructuosus.
965 1281 1083 1327 Post
1126 1295 1275 1342 quem
1314 1278 1548 1328 Raeticus
1588 1280 1806 1342 frugibus
1843 1281 1986 1340 ferax,
2026 1280 2110 1343 qui

308 1367 343 1414 6
369 1360 550 1425 excipit
583 1362 796 1410 Galliam
829 1362 1093 1424 Belgicam.
1165 1360 1407 1410 Thraciae
1437 1360 1613 1409 Thiras
1653 1363 1830 1423 Iaphet
1867 1362 1993 1411 filius
2029 1380 2110 1411 ve-

365 1443 506 1492 niens
546 1460 731 1492 nomen
779 1442 975 1492 dedisse
1014 1442 1332 1507 perhibetur:
1384 1442 1466 1491 alii
1513 1460 1543 1491 a
1589 1442 1790 1492 saevitia
1836 1442 2109 1490 incolarum

365 1525 632 1575 Thraciam
657 1527 955 1589 appellatam
982 1524 1224 1574 dixerunt.
1300 1525 1434 1574 Huic
1465 1524 1528 1573 ab
1560 1524 1748 1574 oriente
1775 1523 2036 1588 Propontis
2062 1532 2110 1571 et

364 1608 480 1657 urbs
518 1607 978 1671 Constantinopolis
1012 1608 1241 1671 opposita
1273 1618 1358 1668 est,
1398 1626 1428 1657 a
1463 1607 1797 1671 septentrione
1835 1624 1948 1657 vero
1987 1609 2110 1656 Ister

365 1690 665 1749 obtenditur,
704 1707 733 1738 a
771 1689 976 1739 meridie
1015 1707 1130 1739 vero
1174 1691 1342 1754 Aegeo
1386 1690 1506 1738 mari
1545 1691 1791 1750 adhaeret,
1829 1689 1893 1739 ab
1929 1705 2108 1738 occasu

366 1771 667 1822 Macedonia
724 1771 790 1819 illi
839 1770 1074 1820 subiacet.
1169 1771 1324 1822 Cuius
1373 1771 1624 1835 regionem
1674 1771 1792 1820 olim
1842 1773 2106 1820 Bessorum

365 1857 578 1920 populus
617 1856 939 1918 Massagetae,
970 1856 1233 1913 Sarmatae,
1263 1855 1473 1917 Scythae
1509 1864 1557 1903 et
1592 1855 1716 1902 aliae
1751 1855 1990 1917 plurimae
2025 1869 2106 1902 na-

366 1938 524 1987 tiones
566 1937 908 1999 incoluerunt3
956 1939 1122 2001 ampla
1160 1946 1232 1986 est
1274 1936 1421 1997 enim,
1462 1935 1676 1999 ideoque
1718 1935 1951 1998 plurimas
1994 1953 2106 1984 con-

365 2019 509 2069 tinuit
532 2030 717 2084 gentes.
771 2020 959 2068 Ebrum
986 2019 1189 2068 fluvium
1215 2018 1427 2067 Thracia
1451 2018 1626 2078 fundit,
1654 2017 1738 2081 qui
1764 2017 1912 2067 etiam
1937 2028 2107 2081 gentes

313 2114 340 2164 7
366 2102 686 2151 barbarorum
724 2101 957 2165 plurimas
994 2101 1161 2164 tangit.
1237 2099 1444 2150 Graecia
1475 2117 1503 2148 a
1540 2100 1734 2149 Graeco
1769 2116 1881 2163 rege
1917 2108 2104 2160 vocata,

365 2180 450 2243 qui
480 2189 710 2229 cunctam
743 2197 852 2230 eam
890 2179 1142 2244 regionem
1171 2196 1322 2243 regno
1355 2178 1575 2227 incoluit.
1647 2179 1770 2227 Sunt
1803 2187 1968 2227 autem
2001 2195 2106 2242 pro-

365 2261 554 2311 vinciae
579 2262 817 2312 Graeciae
843 2271 1034 2325 septem
1048 2283 1063 2311 ·:
1102 2278 1308 2325 quarum
1336 2260 1492 2324 prima
1524 2259 1587 2308 ab
1622 2260 1881 2308 occidente
1909 2261 2106 2308 Dalma-
2155 2288 2176 2327 5<

365 2344 447 2406 tia,
472 2344 589 2394 inde
615 2344 808 2408 Epirus,
831 2343 948 2393 inde
983 2344 1168 2403 Hellas,
1198 2344 1314 2392 inde
1339 2341 1609 2401 Thessalia,
1638 2340 1754 2390 inde
1789 2341 2100 2403 Macedonia,

366 2426 482 2475 inde
498 2426 702 2486 Achaia,
722 2436 770 2475 et
789 2428 917 2476 duae
933 2425 983 2474 in
1001 2424 1133 2486 mari,
1156 2426 1302 2475 Creta
1318 2434 1366 2473 et
1386 2425 1643 2488 Cyclades.
1703 2421 1923 2485 Illyricus
1939 2430 2103 2470 autem

313 2509 343 2555 8
364 2508 653 2572 generaliter
672 2507 833 2557 omnis
859 2507 1079 2558 Graecia.
1135 2505 1384 2555 Dalmatia
1407 2522 1435 2555 a
1456 2504 1621 2554 Delmi
1648 2505 1858 2553 maxima
1883 2503 2105 2553 eiusdem

421 2645 446 2670 2
469 2637 549 2682 pro
570 2630 762 2681 Hercyn.
874 2644 900 2680 3
929 2630 1006 2670 bis.
1031 2660 1040 2669 .
1067 2660 1077 2669 .
1105 2661 1113 2669 .
1135 2634 1240 2680 part.
1258 2641 1340 2667 om.
1373 2628 1411 2667 T
1515 2627 1700 2666 visontes
1714 2626 1808 2665 BCl
1919 2641 1944 2676 4
1973 2627 2105 2676 galla-

368 2688 495 2727 ticum
529 2684 576 2724 K
710 2697 734 2734 5
764 2691 905 2724 autem
926 2698 1010 2724 om.
1034 2683 1080 2722 K
1233 2697 1253 2732 7
1285 2682 1477 2722 danuviis
1494 2681 1539 2719 K
1699 2695 1749 2720 10
1778 2680 2046 2731 coniungitur
2063 2681 2104 2719 Β

367 2743 419 2781 ab
440 2754 514 2782 ero
532 2754 572 2779 v,
600 2738 638 2778 T
651 2754 659 2779 :
680 2741 732 2779 ab
752 2746 895 2779 austro
915 2739 966 2778 C1
1048 2739 1218 2778 traciam
1232 2737 1278 2775 K
1389 2751 1433 2776 11
1456 2737 1702 2777 macedonia
1717 2736 1764 2774 K
1873 2749 1921 2786 13
1942 2734 2102 2786 partius

367 2797 408 2835 Β
429 2810 437 2835 :
465 2796 657 2846 partidus
679 2793 728 2833 Cl
817 2800 1040 2845 postquam
1064 2794 1102 2833 T
1207 2794 1360 2832 reticus
1379 2792 1493 2832 codd.
1581 2792 1679 2841 quia
1697 2791 1743 2830 K
1852 2803 1900 2840 14
1929 2790 2101 2838 Traciae

368 2858 411 2892 et
431 2852 513 2890 iras
533 2849 579 2888 K
726 2862 771 2898 17
801 2863 867 2889 ve.
891 2850 1046 2889 ostium
1070 2849 1145 2888 Ist.
1171 2848 1207 2886 C
1351 2848 1398 2885 18
1429 2860 1532 2886 vero
1553 2860 1634 2886 om,
1654 2845 1700 2883 K
1719 2847 1823 2897 (non
1848 2845 1958 2885 Ovet.
1981 2846 2099 2894 extr.)

367 2907 464 2946 adh.
488 2911 531 2947 et
549 2905 600 2943 ab
620 2917 707 2944 oce.
738 2903 775 2942 T
915 2917 964 2954 19
991 2905 1044 2943 ad
1065 2904 1186 2942 cuius
1209 2901 1258 2940 C¹
1366 2903 1587 2941 bersorum
1609 2914 1648 2951 p.
1672 2900 1712 2938 Β
1731 2913 1739 2938 :
1770 2900 2036 2939 dibersorum
2057 2913 2100 2949 p.

373 2961 410 3000 T
411 2962 446 2999 ²:
481 2960 638 2999 diversi
659 2960 803 3010 populi
825 2958 860 2997 C
966 2972 1021 2998 20
1049 2958 1154 2997 mesi
1173 2963 1296 3007 getae
1319 2956 1398 2995 BC
1412 2971 1421 2996 :
1451 2957 1570 2996 mesii
1587 2961 1692 3005 ‚gete
1720 2955 1759 2994 T
1862 2967 1910 2993 21
1944 2953 2039 2993 ideo
2059 2953 2101 2992 B

367 3029 419 3065 23
446 3028 550 3066 rege
569 3027 654 3054 om.
675 3013 732 3052 Β1
860 3027 911 3063 24
942 3025 1119 3063 regnum
1140 3011 1186 3050 K
1294 3011 1480 3052 incoluit.
1537 3009 1835 3050 Andromache
1855 3009 1924 3060 (ex
1942 3010 2028 3060 -ce)
2046 3008 2099 3047 de

366 3072 481 3120 pirro
500 3069 731 3109 molossum
749 3068 915 3119 genuit,
934 3082 959 3107 a
980 3081 1065 3118 quo
1084 3080 1182 3118 pars
1202 3065 1308 3116 epiri
1328 3066 1504 3105 molosia
1519 3065 1630 3104 dicta
1645 3070 1725 3105 est.
1786 3064 1897 3103 Sunt
1913 3069 2051 3102 autem
2067 3060 2104 3100 C

366 3126 420 3163 26
446 3125 545 3163 inde
561 3123 753 3175 (pn‘m.)]
775 3122 931 3162 deinde
953 3121 1031 3162 CK
1183 3121 1339 3160 elladas
1362 3120 1485 3172 (ela-)
1508 3118 1618 3159 codd.
1812 3130 1862 3167 27
1893 3122 2036 3156 cretae
2055 3115 2102 3155 K

368 3179 420 3218 28
439 3190 563 3218 omne
583 3176 630 3215 K
738 3177 808 3217 Gr.
834 3182 898 3216 est
918 3175 1021 3215 BC:
1053 3176 1122 3216 Gr.
1147 3174 1383 3226 appellatur
1403 3172 1449 3211 K

2136 641 2158 682 5

2137 1057 2176 1085 Ι(

2135 1464 2176 1504 ῙΞ

2131 1879 2176 1907 2(-
