2176 3424
1086 149 1358 198 ISIDORI

353 280 623 340 Postquam
667 279 747 326 ille
787 278 954 326 iurans
992 278 1187 342 negavit
1228 281 1435 328 alterum
1473 281 1568 328 hoc
1605 280 1740 340 scire,
1780 280 1918 329 iussit
1959 281 2097 329 illum

353 361 536 411 Caesar
560 360 806 416 decollari,
833 377 896 408 ne
921 361 1041 408 dum
1075 361 1172 409 hoc
1202 361 1455 425 cognitum
1490 363 1638 422 fieret,
1666 380 1839 411 aurum
1873 379 1962 426 pro
1995 365 2100 411 luto

354 442 617 490 haberetur
655 450 703 490 et
745 441 969 490 omnium
1018 444 1327 491 metallorum
1376 445 1530 506 pretia
1569 445 1967 494 abstraherentur
1987 462 2000 505 3
2052 453 2101 493 et

356 541 535 583 revera,
559 523 674 587 quia
694 525 733 572 si
759 541 874 572 vasa
898 523 1050 573 vitrea
1068 541 1170 572 non
1196 526 1543 588 frangerentur,
1569 526 1743 575 melius
1762 535 1926 575 essent
1952 541 2100 589 quam

355 624 528 655 aurum
556 615 603 654 et
627 614 897 669 argentum.
2126 621 2151 665 5

208 689 332 729 XVII
494 689 577 734 DE
612 702 882 736 METALLIS.
958 690 1219 736 Metallum
1252 688 1441 737 dictum
1468 691 1655 738 Graece
1679 691 1806 753 παρὰ
1829 693 1910 738 τοῦ
1933 691 2104 754 μεταλ-

354 772 458 827 λᾶν,
486 770 623 831 quod
657 778 831 818 natura
860 769 964 818 eius
990 769 1051 818 sit
1081 780 1134 818 ut
1159 770 1245 819 ubi
1278 787 1377 818 una
1413 788 1539 820 vena
1573 770 1864 835 apparuerit,
1893 770 1961 820 ibi
1994 787 2105 833 spes

355 850 416 900 sit
440 852 637 899 alterius
663 850 958 914 inquirendi.
1013 853 1213 915 Septem
1240 861 1354 901 sunt
1378 862 1544 902 autem
1569 870 1747 916 genera
1771 855 2104 902 metallorum:

355 950 546 992 aurum,
582 941 854 995 argentum,
895 949 991 993 aes,
1025 934 1274 994 electrum,
1312 943 1553 997 stagnum,
1582 935 1843 998 plumbum
1880 943 1943 995 et,
1969 936 2105 998 quod

355 1016 527 1064 domat
551 1014 731 1073 omnia,
760 1016 955 1063 ferrum.
2132 1028 2176 1056 10

188 1096 334 1137 XVIII
498 1099 579 1144 DE
616 1111 771 1145 AVRo.
844 1099 1034 1145 Aurum
1070 1097 1134 1145 ab
1170 1113 1287 1145 aura
1320 1097 1523 1157 dictum,
1551 1098 1602 1147 id
1632 1107 1706 1147 est
1733 1098 1797 1147 ab
1828 1099 2104 1162 splendore,

359 1197 419 1229 eo
467 1180 604 1242 quod
652 1195 938 1241 repercusso
985 1195 1097 1228 aere
1142 1181 1252 1242 plus
1300 1181 1493 1243 fulgeat.
1582 1181 1729 1228 Vnde
1778 1189 1825 1228 et
1865 1179 2107 1243 Vergilius

361 1260 507 1324 (Aen.
529 1264 572 1320 6,
597 1259 712 1324 204)
735 1279 743 1307 z

619 1341 850 1390 Discolor
885 1341 1002 1391 inde
1036 1344 1140 1391 auri
1178 1360 1264 1406 per
1300 1359 1462 1391 ramos
1497 1359 1613 1392 aura
1650 1345 1846 1402 refulsit,

359 1426 454 1472 hoc
503 1433 576 1472 est
623 1426 856 1487 splendor
902 1423 1019 1472 auri.
1112 1423 1348 1474 Naturale
1395 1424 1527 1474 enim
1576 1434 1648 1474 est
1696 1434 1749 1473 ut
1797 1425 2107 1473 metallorum
2135 1439 2176 1479 ιε

359 1507 595 1569 splendor
630 1507 740 1569 plus
776 1507 958 1568 fulgeat
995 1508 1105 1554 luce
1140 1505 1235 1554 alia
1270 1523 1598 1570 repercussus.
1678 1508 1814 1555 Hinc
1851 1515 1899 1555 et
1933 1505 2108 1554 aurarii

305 1601 335 1636 2
358 1587 494 1647 dicti,
512 1604 723 1650 quorum
746 1589 902 1651 fulgor
921 1586 1210 1651 splendidos
1226 1589 1401 1637 reddit.
1459 1589 1709 1652 Obryzum
1728 1605 1901 1636 aurum
1921 1587 2109 1637 dictum

361 1671 497 1733 quod
517 1669 742 1718 obradiet
763 1670 1027 1732 splendore
1045 1687 1058 1730 3
1083 1678 1155 1718 est
1175 1668 1308 1718 enim
1329 1671 1506 1719 coloris
1527 1669 1714 1734 optimi,
1734 1671 1869 1733 quod
1890 1669 2109 1717 Hebraei

364 1756 374 1777 ‘
392 1753 551 1815 ophaz
561 1752 585 1811 ',
599 1750 778 1800 Graeci
798 1752 952 1815 κιρρὸν
970 1750 1158 1800 dicunt.
1197 1753 1394 1800 Brattea
1410 1751 1588 1800 dicitur
1607 1751 1894 1800 tenuissima
1911 1750 2109 1809 lamina,

363 1836 455 1883 ἀπὸ
490 1837 572 1883 τοῦ
606 1835 852 1897 βρεμετοῢ,
893 1835 978 1896 qui
1015 1842 1088 1881 est
1125 1835 1478 1896 ὀνοματοποιεία
1514 1833 1800 1896 crepitandi,
1836 1832 1866 1896 ἢ
1902 1835 1993 1882 ἀπὸ
2029 1837 2110 1882 τοῦ
2133 1849 2176 1878 20

308 1941 339 1987 3
364 1918 621 1980 ἢῃΒραί-υνηι
647 1914 842 1964 lamina.
903 1916 1120 1964 Pecunia
1145 1915 1276 1978 prius
1301 1917 1364 1964 de
1390 1915 1664 1979 pecudibus
1690 1924 1738 1964 et
1763 1916 2109 1979 proprietatem

362 1999 580 2047 habebat
621 2007 670 2047 et
712 2013 898 2046 nomen
917 2015 929 2057 3
965 1998 1028 2046 de
1065 1998 1199 2046 corio
1237 1997 1368 2045 enirn
1406 1998 1658 2060 pecudum
1698 1996 1888 2045 nummi
1930 1996 2112 2046 incide-

362 2081 542 2129 bantur
589 2089 638 2128 et
685 2079 1017 2142 signabantur.
1108 2081 1287 2127 Postea
1326 2095 1355 2127 a
1401 2080 1611 2128 Saturno
1658 2095 1828 2127 aereus
1877 2095 2110 2126 nummus

364 2163 624 2222 inventus;
683 2161 788 2224 ipse
836 2160 968 2210 enirn
1018 2159 1209 2224 signare
1261 2178 1492 2210 nummos
1540 2170 1588 2209 et
1642 2160 1811 2209 scribi*
1842 2159 2109 2209 constituit.

309 2261 341 2307 4
367 2247 632 2307 Propterea
671 2252 718 2292 et
758 2241 998 2292 aerarium
1038 2243 1250 2290 Saturno
1282 2258 1311 2291 a
1342 2242 1608 2306 gentilibus
1645 2251 1987 2291 consecratum
2022 2251 2108 2291 est.
2137 2255 2176 2293 2.·

366 2326 478 2387 Alii,
507 2336 560 2374 ut
589 2326 825 2388 superiUS‚
854 2323 1117 2388 pecuniam
1146 2341 1176 2372 a
1206 2323 1484 2387 pecudibus
1517 2325 1898 2386 appellaverunt,
1927 2322 2052 2371 sicut
2085 2339 2113 2371 a

365 2408 581 2457 iuvando
617 2406 838 2455 iumenta
874 2415 988 2454 sunt
1025 2405 1172 2454 dicta.
1244 2406 1408 2454 Omne
1439 2404 1570 2453 enim
1604 2403 1954 2467 patrimonium
1979 2405 2113 2467 apud

427 2552 444 2576 1
477 2538 555 2577 hoc
576 2551 659 2578 om.
683 2536 728 2574 K
863 2549 887 2585 4
918 2542 1034 2575 esset
1061 2535 1097 2574 T
1231 2548 1253 2584 7
1286 2541 1460 2574 naturae
1481 2534 1526 2572 K
1631 2548 1742 2574 vena
1761 2548 1844 2573 om.
1869 2533 1915 2572 K
1934 2533 2036 2585 (non
2059 2534 2112 2583 C)

371 2596 396 2633 8
427 2594 481 2633 sit
502 2606 585 2632 om.
605 2592 652 2630 K
741 2604 804 2630 au.
827 2597 926 2630 sunt
951 2590 986 2629 C
1081 2603 1126 2629 11
1158 2589 1238 2630 dic.
1263 2590 1315 2628 ab
1336 2603 1436 2629 aura
1457 2589 1502 2627 K
1520 2589 1623 2641 (non
1649 2589 1702 2640 C)
1810 2602 1857 2638 14
1886 2589 2055 2638 refulgit
2073 2588 2115 2626 Β

374 2651 423 2687 16
453 2647 579 2687 ararii
624 2646 662 2683 T
861 2659 907 2695 17
939 2646 1058 2684 favor
1094 2645 1210 2685 Serv.
1249 2644 1308 2683 ad
1339 2644 1449 2684 Aen.
1485 2646 1525 2694 6,
1540 2657 1618 2694 204
1802 2643 2003 2682 Obrizum
2040 2642 2112 2681 K:

373 2701 592 2744 Obridium
624 2701 711 2740 BT
929 2713 978 2749 19
1005 2700 1098 2740 ofaz
1139 2699 1195 2740 T:
1241 2712 1350 2750 opuz
1380 2698 1421 2736 Β
1439 2714 1448 2738 :
1490 2699 1597 2738 obuz
1626 2698 1673 2736 K
1858 2698 1998 2737 cairon
2029 2695 2118 2734 ΒΚ

375 2760 551 2798 Brattea
570 2754 667 2794 ΚΜ
682 2770 690 2794 :
725 2756 907 2795 Bractea
926 2754 1012 2793 BT
1013 2755 1056 2794 U
1206 2767 1260 2793 20
1285 2768 1588 2805 απουετρεμετοι
1611 2752 1657 2791 K
1673 2768 1681 2791 :
1709 2766 2018 2803 απωυτρεμετων
2034 2749 2088 2788 Μ
2103 2766 2113 2791 t
2163 2791 2166 2794 ,

372 2815 655 2863 απουθρεμετοι
683 2810 738 2849 T:
768 2813 1077 2860 ατιουθρεμετοτ
1102 2809 1164 2848 U:
1197 2821 1509 2859 απουετρεμστοι
1531 2807 1572 2846 Β
1789 2820 2054 2856 ονοματοποια
2082 2804 2120 2843 Τ

375 2870 480 2920 (non
506 2866 561 2919 U)
728 2866 1103 2916 ηναπιατουβρατιιν
1123 2862 1212 2903 ΒΚ
1218 2879 1226 2904 :
1257 2865 1646 2913 νναπνατωνβρατιιν
1667 2862 1740 2901 M:
1769 2876 1870 2900 ναπο
1896 2859 1952 2900 T:
1982 2874 2112 2899 ναιτα-
2172 2896 2173 2899 ,

374 2925 602 2973 τουβρατυν
622 2920 664 2960 U
678 2934 688 2960 ι
706 2918 783 2959 ἀπὸ
798 2920 871 2959 τοῦ
886 2919 1056 2971 βραχεΐν
1071 2917 1156 2958 edd.
1244 2930 1293 2956 21
1325 2917 1482 2957 lamnia
1503 2917 1563 2956 T:
1583 2917 1742 2956 lumina
1756 2916 1809 2955 M
1891 2914 2115 2966 pecoribus

375 2976 421 3014 K
502 2989 555 3014 22
585 2976 637 3015 de
657 2988 739 3014 om.
763 2973 810 3012 K
861 2987 960 3013 core
980 2972 1022 3012 Β
1076 2985 1275 3023 pecorum
1295 2970 1341 3009 K
1412 2985 1464 3022 23
1493 2972 1714 3011 saturnino
1733 2969 1790 3009 Β1
1865 2983 1918 3020 24
1948 2975 1990 3008 et
2010 2968 2114 3020 sen]

377 3031 546 3070 inscribi
574 3030 612 3068 T
734 3041 786 3078 25
817 3028 1011 3078 gentibus
1031 3025 1138 3066 B1K
1260 3029 1314 3065 26
1342 3026 1435 3065 aliis
1453 3032 1498 3065 ut
1518 3024 1560 3063 B
1581 3039 1591 3064 :
1623 3024 1736 3064 aliud
1763 3024 1801 3063 T
1890 3024 2115 3074 pecoribus
2164 3050 2176 3076 ὲ,

377 3085 422 3123 K
436 3100 445 3124 ε
475 3085 651 3135 pedibus
670 3084 711 3122 Β
820 3096 870 3132 27
901 3083 1138 3122 adiuvando
1158 3081 1199 3119 B
2160 3079 2176 3103 ἕ

2160 3182 2176 3204 ’Δ

2120 3205 2176 3424 ,j
