2228 3444
1106 206 1377 254 ISIDORI

316 347 345 395 7
369 333 611 398 primitiae
641 334 949 384 credentium
986 335 1222 399 gentium.
1299 337 1415 397 Quo
1445 335 1526 386 die
1558 333 1650 403 [et]
1684 337 1938 387 Dominici
1970 338 2126 402 bapti-

370 415 538 464 smatis
569 425 932 465 sacramentum
964 425 1012 465 et
1049 425 1355 479 permutatae
1392 416 1443 465 in
1479 417 1647 466 vinum
1684 436 1856 482 aquae,
1883 421 2124 469 factorum

316 497 346 544 8
369 514 456 560 per
482 498 758 546 Dominum
785 497 1038 561 signorum
1063 498 1306 563 principia
1325 499 1601 549 extiterunt.
1661 503 1805 551 Duae
1825 512 1939 552 sunt
1958 511 2124 551 autem

369 579 684 644 epiphaniae:
712 580 881 644 prima,
897 580 947 629 in
964 591 1214 645 quanatus
1226 580 1452 632 Christus
1472 580 1561 648 [et]
1578 583 1858 647 pastoribus
1871 584 2127 633 Hebraeo-

369 679 475 710 rum
515 663 692 725 angelo
728 662 989 712 nuntiante
1026 663 1252 727 apparuit
1271 682 1283 725 3
1322 666 1556 724 secunda,
1595 664 1646 713 in
1683 682 1781 729 qua
1811 683 1868 715 ex
1905 668 2124 730 gentium
2150 691 2171 730 5

369 745 565 807 populis
601 745 741 793 stella
777 744 942 795 indice
975 745 1224 810 praesepis
1251 747 1500 796 cunabula
1535 749 1712 812 Magos
1738 750 2025 798 adoraturos
2052 767 2127 798 ex-

311 839 345 886 9
369 825 545 875 hibuit.
620 827 928 892 Scenopegia
964 828 1268 878 sollemnitas
1308 829 1670 890 Hebraeorum,
1723 832 1786 879 de
1836 832 2028 880 Graeco
2075 830 2126 878 in

373 908 607 958 Latinum
627 909 1061 959 tabernaculorum
1087 910 1336 961 dedicatio
1362 911 1709 976 interpretatur
1722 931 1734 974 3
1768 929 1896 976 quae
1915 913 2127 962 celebra-

370 991 514 1040 batur
550 1009 579 1040 a
617 991 816 1042 Iudaeis
854 990 902 1041 in
942 993 1234 1043 memoriam
1271 994 1612 1059 expeditionis,
1647 1012 1760 1044 cum
1797 996 1861 1044 ab
1898 997 2126 1059 Aegypto

370 1073 584 1137 promoti
621 1074 671 1122 in
705 1075 1035 1125 tabernaculis
1064 1077 1292 1140 agebant,
1321 1087 1368 1126 et
1405 1094 1462 1127 ex
1496 1094 1556 1127 eo
1587 1076 1896 1142 scenopegia.
1970 1079 2124 1141 Σκηνὴ
2153 1101 2202 1130 10

371 1155 505 1205 enim
543 1157 734 1206 Graece
781 1158 1159 1208 tabernaculum
1199 1161 1392 1209 dicitur.
1467 1162 1611 1222 Quae
1650 1159 1953 1208 sollemnitas
1991 1161 2126 1224 apud

288 1251 347 1288 10
374 1240 635 1289 Hebraeos
685 1241 965 1303 Septembri
1013 1257 1184 1291 mense
1233 1242 1586 1292 celebrabatur.
1660 1244 1707 1292 N
1712 1241 1940 1291 eomenia
1994 1243 2127 1304 apud

370 1339 461 1371 nos
488 1322 746 1382 kalendae,
772 1325 906 1385 apud
941 1323 1204 1373 Hebraeos
1238 1333 1420 1385 autem,
1450 1325 1565 1388 quia
1599 1325 1874 1373 secundum
1905 1325 2127 1373 lunarem

371 1420 571 1453 cursum
608 1420 804 1454 menses
837 1414 1179 1469 supputantur,
1220 1415 1268 1456 et
1303 1409 1492 1456 Graece
1527 1407 1651 1470 μήνη
1682 1407 1801 1454 luna
1835 1407 2122 1470 appellatur,

301 1491 347 1526 11
370 1485 487 1537 inde
513 1486 791 1548 neomenia,
820 1487 871 1536 id
898 1497 971 1538 est
995 1506 1126 1538 nova
1153 1491 1283 1538 luna.
1358 1491 1511 1538 Erant
1537 1488 1671 1538 enim
1700 1489 1834 1552 apud
1863 1489 2124 1538 Hebraeos
2153 1513 2201 1555 15

370 1569 464 1633 ipsi
490 1569 595 1619 dies
621 1571 946 1620 kalendarum
973 1588 1031 1620 ex
1056 1570 1199 1635 legali
1225 1570 1534 1621 institutione
1554 1573 1836 1632 sollemnes,
1856 1572 1919 1621 de
1945 1570 2124 1635 quibus

370 1651 421 1700 in
449 1654 687 1702 Psalterio
721 1652 901 1702 dicitur
929 1653 1026 1718 (81,
1048 1653 1099 1717 4)
1123 1673 1132 1702 ι
1173 1653 1382 1705 ‘Canite
1416 1653 1555 1703 initio
1586 1653 1769 1703 mensis
1804 1653 1937 1713 tuba,
1966 1652 2016 1702 in
2046 1652 2128 1702 die

290 1750 347 1785 12
371 1734 550 1799 insigni
576 1734 921 1786 sollemnitatis
947 1737 1167 1786 vestrae.'
1237 1735 1492 1786 Encaenia
1528 1746 1602 1786 est
1626 1753 1756 1786 nova
1789 1735 1960 1800 templi
1994 1737 2129 1785 dedi-

370 1818 514 1867 catio.
590 1820 780 1868 Graece
828 1818 961 1867 enim
1019 1820 1175 1869 καινὸν
1221 1818 1400 1868 dicitur
1447 1836 1646 1868 novum.
1727 1819 1946 1880 Quando
1993 1818 2126 1867 enim

370 1899 558 1963 aliquid
584 1917 770 1950 novum
796 1899 1068 1961 dedicatur,
1092 1900 1329 1950 encaenia
1354 1900 1546 1951 dicitur.
1621 1903 1772 1949 Hanc
1796 1899 2125 1950 dedicationis
2153 1927 2202 1955 20

294 1995 348 2041 13
372 1981 545 2047 templi
564 1982 954 2036 ,sollemnitatem
983 1982 1159 2033 Iudaei
1185 1982 1394 2032 Octobri
1420 1999 1591 2033 mense
1616 1981 1946 2032 celebrabant.
2006 1984 2125 2032 Dies

372 2066 655 2114 Palmarum
680 2064 796 2115 ideo
822 2065 1014 2126 dicitur,
1043 2065 1160 2130 quia
1184 2064 1235 2114 in
1261 2082 1321 2114 eo
1349 2064 1598 2115 Dominus
1624 2075 1674 2115 et
1698 2066 1918 2114 Salvator
1944 2074 2123 2125 noster,

371 2147 497 2198 sicut
546 2148 795 2212 Propheta
842 2147 1034 2208 cecinit,
1077 2147 1393 2199 Hierusalem
1442 2149 1652 2198 tendens
1690 2148 1897 2197 asellum
1939 2146 2124 2197 sedisse

368 2229 668 2294 perhibetur.
743 2233 889 2281 Tunc
924 2229 1151 2294 gradiens
1200 2246 1314 2280 cum
1352 2232 1498 2280 ramis
1538 2232 1813 2294 palmarum
1857 2230 2124 2279 multitudo

370 2310 592 2374 plebium
612 2309 812 2361 obviam
833 2310 877 2361 ei
897 2313 1234 2361 clamaverunt
1249 2310 1449 2375 (Ioann.
1469 2311 1638 2376 12,13)
1661 2330 1670 2361 ε
1709 2316 1720 2337 ‘
1737 2313 1955 2370 Osanna,
1977 2311 2123 2361 bene·
2149 2333 2198 2374 25

294 2405 348 2454 14
370 2392 532 2444 dictus
559 2393 645 2458 qui
668 2392 802 2443 venit
827 2393 878 2442 in
910 2392 1113 2444 nomine
1140 2391 1346 2443 Domini
1373 2411 1454 2443 rex
1489 2394 1673 2443 Israel.’
1742 2394 1931 2457 Vulgus
1956 2401 2121 2442 autem

370 2474 485 2525 ideo
522 2477 655 2526 hunc
689 2476 824 2526 diem
857 2476 1206 2540 Capitilavium
1232 2486 1426 2536 vocant,
1455 2475 1570 2540 quia
1603 2474 1675 2542 [in
1709 2473 1790 2542 eo]
1819 2484 1939 2524 tunc
1975 2475 2123 2524 moris

433 2621 450 2646 1
496 2607 735 2658 primitivae
765 2606 811 2646 K
1010 2608 1077 2647 die
1106 2606 1179 2648 K:
1219 2609 1329 2647 diem
1367 2606 1428 2646 T:
1468 2607 1535 2646 die
1566 2613 1608 2646 et
1637 2606 1716 2645 BC
1888 2606 2122 2646 dominicae

376 2663 486 2756 (ke-‘³³
509 2661 633 2767 35¹(
657 2660 945 2757 ἓνοέἓξῗῗῖιῖ
968 2676 1258 2758 sunt²5q121³e
1278 2663 1322 2702 i¹¹
1343 2663 1444 2757 νῗῖἕ
1465 2660 1812 2757 {Zlucehssac'fr-
1846 2674 1907 2755 ηέ
1937 2666 2123 2756 {3}qu

378 2748 456 2811 BC‘
479 2730 561 2756 sun
600 2719 945 2823 eppopulch’)
1052 2732 1218 2813 staelsam
1237 2731 1421 2812 indi‘iem
1441 2770 1488 2811 K
1624 2730 1758 2822 mggis
1777 2728 2123 2811 ahora-turis·d12tt··

379 2840 400 2876 7
434 2827 735 2877 Scenophegia
758 2827 904 2878 (-phi-,
927 2827 1026 2880 -fe-)
1042 2828 1155 2868 codd.
1266 2841 1293 2877 9
1323 2827 1439 2880 cum]
1456 2827 1547 2867 eius
1562 2826 1602 2865 Β
1716 2839 1764 2865 10
1795 2839 1850 2865 ex
1868 2839 1921 2865 eo
1940 2838 1997 2865 sc.
2013 2825 2123 2864 dicta

378 2881 425 2920 K
444 2883 548 2929 (non
569 2882 632 2930 A)
784 2895 831 2921 12
863 2882 1101 2922 celebratur
1120 2882 1162 2921 Β
1176 2898 1184 2923 :
1215 2882 1538 2922 celebrabantur
1557 2881 1604 2919 K
1714 2893 1763 2931 13
1794 2880 1893 2932 nos]
1916 2879 2069 2919 latinos
2092 2879 2126 2919 C

378 2937 478 2987 quia
496 2950 580 2976 om.
602 2935 648 2973 K
775 2948 821 2985 15
851 2937 987 2989 enim]
1007 2943 1148 2977 autem
1168 2936 1215 2975 K
1325 2939 1374 2977 16
1403 2937 1478 2990 ex]
1498 2942 1542 2976 et
1561 2934 1607 2973 K
1719 2948 1765 2984 17
1797 2935 1961 2974 initium
1990 2933 2049 2972 T:
2078 2934 2121 2972 in

378 2991 501 3030 initio
524 2990 560 3030 C
724 2992 772 3029 18
801 2991 982 3042 insignis
1004 2991 1104 3032 CK:
1135 2991 1272 3042 signis
1293 2990 1350 3030 Β1
1508 2996 1678 3031 nostrae
1706 2988 1743 3028 T
1893 2994 1959 3028 est
1978 2987 2128 3028 om.'K

378 3045 591 3099 dedicatio
612 3044 659 3083 K
675 3059 685 3084 ε
715 3046 954 3086 aedificatio
987 3047 1100 3099 (ed-)
1137 3045 1262 3086 BCT
1422 3059 1471 3085 21
1504 3045 1696 3085 celebant
1725 3044 1789 3084 B:
1820 3043 2019 3084 colebant
2052 3040 2130 3082 CT

378 3112 430 3149 25
460 3101 597 3140 oviam
619 3101 708 3152 <vix
727 3100 887 3149 ovium)
914 3100 952 3139 T
1077 3103 1131 3140 26
1158 3106 1299 3141 autem
1320 3114 1400 3140 om.
1424 3099 1471 3139 K
1489 3101 1592 3150 (non
1613 3099 1675 3151 Α)
1790 3110 1840 3147 27
1870 3097 2002 3150 hunc]
2026 3105 2123 3137 eum

383 3153 422 3192 T
582 3155 624 3193 in
647 3167 698 3194 eo
719 3153 811 3195 hab.
836 3153 937 3195 CK:
969 3169 1050 3196 om.
1075 3153 1162 3194 BT
1320 3167 1412 3195 mos
1435 3153 1514 3195 CK
