2176 3424
1025 340 1239 387 LIBER
1275 340 1408 386 XIII

718 470 823 521 DE
868 470 1153 523 MVNDO
1195 471 1295 522 ET
1337 468 1723 521 PARTIBVS

477 610 537 656 In
563 608 658 655 hoc
679 622 793 655 vero
818 606 986 655 libello
1013 605 1153 669 quasi
1176 605 1226 654 in
1251 607 1467 668 quadam
1493 604 1627 653 brevi
1650 604 1829 652 tabella
1848 603 2087 666 quasdam

341 689 463 738 caeli
496 705 668 737 causas
701 688 921 752 situsque
954 698 1188 737 terrarum
1215 698 1262 737 et
1289 687 1433 736 maris
1466 688 1620 750 spatia
1648 684 2008 744 adnotavimus,
2035 694 2089 733 ut

341 770 390 819 in
423 770 623 821 modico
647 773 800 820 lector
825 788 883 819 ea
907 779 1167 834 percurrat,
1195 780 1244 819 et
1277 768 1613 833 conpendiosa
1638 767 1874 818 brevitate
1907 776 2089 830 etymo-

340 854 493 916 logias
519 869 689 902 eorum
716 869 988 916 causasque
1014 861 1291 915 cognoscat.

300 943 318 982 1
478 936 562 983 DE
589 950 790 984 MVNDO.
855 936 1079 984 Mundus
1106 944 1178 983 est
1204 936 1394 982 caelum
1422 942 1470 982 et
1495 943 1631 992 terra,
1662 948 1794 981 mare
1820 939 1867 980 et
1886 947 2012 995 quae
2038 929 2087 978 in
2113 953 2134 993 5

341 1017 410 1067 eis
444 1035 593 1081 opera
622 1018 729 1066 Dei.
808 1021 885 1067 De
912 1035 1011 1080 quo
1046 1016 1222 1066 dicitur
1249 1017 1379 1081 (Ioh.
1406 1034 1444 1076 1,
1471 1015 1581 1082 10):
1622 1018 1713 1063 ‘Et
1750 1015 1966 1062 mundus
2002 1029 2088 1076 per

340 1117 453 1150 eum
480 1102 636 1149 factus
662 1102 763 1150 est.'
834 1102 1057 1150 Mundus
1084 1101 1259 1149 Latine
1284 1117 1312 1147 a
1337 1097 1643 1162 philosophis
1675 1097 1848 1156 dictus,
1877 1096 2012 1159 quod
2038 1096 2088 1142 in

342 1182 642 1246 sempiterno
681 1192 817 1231 motu
857 1184 932 1243 sit,
968 1192 1022 1231 ut
1058 1183 1264 1241 caelum,
1302 1183 1387 1241 sol,
1415 1183 1546 1240 luna,
1578 1198 1672 1239 aer,
1702 1178 1864 1228 maria.
1938 1180 2089 1227 Nulla

342 1263 474 1314 enim
511 1264 703 1328 requies
742 1264 844 1313 eius
882 1263 1138 1313 elementis
1175 1280 1412 1312 concessa
1447 1272 1534 1322 est,
1562 1262 1776 1325 ideoque
1813 1277 2006 1324 semper
2039 1260 2089 1308 in

289 1366 320 1401 2
343 1356 481 1395 motu
509 1358 594 1396 est.
654 1348 802 1396 Vnde
822 1356 869 1395 et
889 1345 1118 1394 animalia
1134 1346 1342 1393 Varroni
1362 1345 1590 1393 videntur
1609 1345 1867 1392 elementa.
1930 1346 1941 1367 ‘
1959 1344 2092 1404 Quo-
2121 1364 2168 1392 10

344 1427 477 1478 niam
514 1446 599 1492 per
636 1427 929 1491 semetipsa,'
956 1427 1130 1491 inquit,
1161 1422 1479 1475 ‘moventur.'
1551 1424 1726 1475 Graeci
1756 1441 1871 1474 vero
1907 1440 2090 1473 nomen

344 1512 533 1560 mundo
567 1512 630 1560 de
664 1519 957 1560 ornamento
986 1509 1510 1568 adcommodaverunt‚
1537 1518 1735 1571 propter
1758 1505 2090 1557 diversitatem

345 1595 705 1643 elementorum
755 1603 803 1642 et
852 1591 1269 1656 pulchritudinem
1317 1590 1547 1639 siderum.
1621 1591 1911 1654 Appellatur
1958 1589 2089 1637 enim

345 1678 479 1741 apud
523 1693 607 1725 eos
648 1677 839 1740 κόσμος,
879 1676 1017 1739 quod
1059 1673 1300 1738 significat
1343 1682 1703 1722 ornamentum.
1779 1672 1915 1721 Nihil
1959 1671 2089 1719 enim

292 1780 321 1828 3
353 1761 541 1810 mundo
583 1759 834 1823 pulchrius
873 1758 1028 1807 oculis
1071 1757 1229 1806 carnis
1272 1754 1551 1819 aspicimus.
1641 1756 1886 1816 Quattuor
1926 1761 2089 1802 autem
2120 1771 2176 1813 15.

347 1859 454 1893 esse
491 1844 691 1891 climata
728 1840 916 1900 mundi,
949 1839 1000 1889 id
1038 1849 1110 1888 est
1146 1841 1341 1902 plagas:
1381 1836 1636 1887 Orientem
1672 1846 1719 1887 et
1747 1837 2088 1894 Occidentem,

292 1945 324 1992 4
350 1926 747 1989 Septentrionem
776 1932 823 1973 et
859 1923 1136 1971 Meridiem.
1213 1918 1390 1970 Oriens
1419 1919 1482 1967 ab
1517 1930 1686 1969 exortu
1717 1920 1832 1969 solis
1870 1927 1943 1967 est
1972 1934 2093 1966 nun—

348 2018 573 2072 cupatus.
646 2006 910 2065 Occidens,
940 2005 1076 2068 quod
1102 2003 1234 2052 diem
1269 2000 1414 2050 faciat
1447 2001 1672 2051 occidere
1698 2011 1847 2064 atque
1880 1999 2090 2048 interire.

296 2102 327 2151 5
350 2091 631 2139 Abscondit
666 2089 799 2138 enim
830 2090 999 2136 lumen
1034 2088 1224 2135 mundo
1256 2096 1303 2133 et
1336 2084 1563 2132 tenebras
1590 2081 1941 2148 superinducit.
2014 2083 2093 2130 Se-

350 2168 564 2231 ptentrio
589 2178 755 2217 autem
783 2185 810 2216 a
836 2175 1026 2231 septem
1053 2165 1202 2213 stellis
1227 2162 1328 2211 axis
1353 2174 1568 2223 vocatur,
1597 2180 1723 2225 quae
1749 2161 1798 2209 in
1828 2161 1935 2224 ipso
1962 2177 2094 2209 revo-
2121 2183 2168 2210 20

349 2252 482 2299 lutae
507 2261 739 2299 rotantur.
817 2248 917 2297 Hic
942 2246 1137 2311 proprie
1162 2255 1210 2293 et
1235 2255 1398 2294 vertex
1424 2244 1612 2304 dicitur,
1637 2261 1697 2294 eo
1717 2245 1852 2307 quod
1878 2241 2090 2302 vertitur,

349 2329 473 2379 sicut
499 2340 645 2394 poeta
669 2329 734 2379 ait
762 2328 917 2393 (Virg.
934 2330 1059 2375 Aen.
1079 2344 1119 2387 2,
1144 2325 1259 2390 250)
1281 2344 1290 2374 :

888 2409 1107 2460 Vertitur
1143 2410 1329 2457 interea
1364 2409 1569 2456 caelum.

291 2498 326 2546 6
351 2493 601 2555 Meridies,
632 2496 708 2543 vel
735 2495 850 2558 quia
874 2492 942 2542 ibi
968 2494 1042 2541 sol
1066 2493 1213 2540 faciat
1242 2489 1463 2539 medium
1494 2488 1640 2549 diem,
1670 2489 1810 2552 quasi
1835 2484 2090 2546 medidies,

347 2579 425 2626 vel
444 2576 561 2640 quia
579 2586 697 2626 tunc
722 2578 889 2641 purius
911 2574 1059 2623 micat
1075 2575 1260 2623 aether.
1334 2574 1531 2620 Merum
1552 2572 1682 2620 enim
1703 2586 1880 2633 purum
1900 2568 2090 2617 dicitur.
2120 2590 2139 2617 2
2150 2588 2176 2628 5

298 2674 328 2724 7
353 2662 538 2708 Ianuae
563 2658 684 2707 caeli
710 2660 838 2707 duae
864 2667 991 2717 sunt,
1022 2655 1201 2705 Oriens
1227 2663 1275 2704 et
1301 2655 1521 2704 Occasus
1543 2672 1556 2715 3
1593 2669 1706 2701 nam
1733 2669 1832 2700 una
1855 2659 1996 2714 porta
2021 2652 2094 2700 sol

408 2803 424 2830 1
458 2802 560 2830 vero
581 2803 662 2830 om.
694 2787 849 2840 T<non
870 2788 912 2828 F
913 2791 928 2839 )
1058 2789 1238 2838 quodam
1260 2784 1305 2824 K
1480 2797 1506 2835 5
1536 2784 1638 2824 cael.
1661 2789 1739 2824 ter.
1761 2782 1803 2821 Β
1979 2783 2006 2819 6
2033 2780 2096 2819 eis

348 2852 445 2886 sunt
466 2859 534 2897 op.
556 2843 598 2884 B
709 2857 730 2893 7
760 2844 872 2894 quod
895 2857 978 2882 om.
1005 2842 1055 2882 C1
1166 2844 1191 2880 8
1221 2847 1357 2880 motus
1378 2839 1422 2879 K
1502 2854 1539 2880 a.
1559 2845 1601 2879 et
1620 2851 1736 2877 mare
1758 2837 1818 2874 Kl
1927 2849 1953 2885 9
1982 2834 2094 2886 eius]

349 2902 411 2941 eis
435 2901 470 2941 C
628 2913 676 2939 10
704 2899 787 2938 vid.
814 2911 910 2937 esse
932 2898 983 2938 el.
1005 2898 1047 2938 Β
1206 2908 1250 2935 11
1283 2909 1330 2935 se
1355 2896 1446 2945 ipsa
1473 2894 1510 2933 T
1657 2906 1705 2932 12
1736 2897 1886 2931 ornatu
1907 2890 1953 2928 K
1970 2890 2093 2929 Pht'll.

349 2956 459 2995 aeris
480 2956 812 2995 comodaverunt
829 2952 954 2993 Phill.
1154 2954 1202 2990 16
1232 2950 1419 3002 climata]
1441 2949 1653 2989 elementa
1675 2946 1753 2987 CK
1889 2945 1963 2985 Or.
1990 2945 2092 2984 Oce.

353 3010 388 3049 C
522 3023 573 3050 20
606 3015 782 3049 vocatus
805 3008 841 3047 T
981 3021 1031 3056 24
1062 3007 1162 3046 facit
1185 3005 1220 3044 C
1326 3019 1392 3055 qu.
1418 3005 1576 3044 medies
1602 3002 1640 3042 T
1781 3014 1831 3051 25
1862 3001 1995 3040 aeher
2019 2998 2095 3038 T1:

347 3066 438 3104 dies
459 3065 499 3104 Β
