2176 3424
1083 146 1352 194 ISIDORI

409 262 707 322 Lucrinum3
743 264 918 312 fluvios
945 261 1218 312 Eridanum
1243 270 1291 311 et
1315 260 1538 312 Tiberim
1557 280 1571 323 3
1606 271 1654 311 et
1678 271 1901 326 tepentes
1923 265 2149 314 ‘fontibus

407 345 567 395 Baias.
640 345 810 409 Gignit
857 362 1077 410 gemmas
1129 345 1363 408 syrtitem,
1424 345 1698 407 lyncurium
1758 355 1806 395 et
1865 348 2150 409 corallium;

404 429 553 477 boam
592 445 792 492 quoque
835 436 1129 491 serpentem,
1172 429 1364 490 lyncem
1410 428 1561 475 feram
1604 437 1652 476 et
1691 427 1980 477 Diomedias
2017 446 2146 480 aveS.

405 510 548 559 Italia
595 520 760 560 autem
822 519 869 559 et
918 509 1167 573 Hispania
1227 508 1412 558 idcirco
1462 511 1737 573 Hesperiae
1789 509 1951 560 dictae
2010 513 2148 574 quod

402 593 579 642 Graeci
620 595 851 656 Hespero
891 594 1031 641 stella
1067 593 1297 655 navigent
1339 600 1387 641 et
1431 589 1480 639 in
1522 591 1665 640 Italia
1706 600 1755 641 et
1793 591 1844 640 in
1884 592 2176 658 Hispania...

404 677 548 738 Quae
587 677 680 724 hac
718 675 907 724 ratione
946 676 1322 734 discernuntur3
1368 683 1451 722 aut
1482 672 1613 722 enim
1660 674 1956 737 Hesperiam
1990 678 2146 725 solam

404 758 526 807 dicis
561 768 609 807 et
646 757 891 822 significas
928 756 1138 816 Italiam,
1171 766 1254 805 aut
1287 757 1429 806 addis
1460 756 1684 804 ultimam
1710 765 1757 804 et
1787 755 2031 818 significas
2062 759 2148 806 Hi-

310 853 380 888 20
405 840 644 904 spaniam,
688 842 803 903 quia
851 839 901 887 in
940 838 1213 888 occidentis
1257 847 1330 887 est
1369 839 1481 887 fine.
1570 839 1754 886 Tuscia
1795 854 1904 901 pars
1946 838 2147 901 Italiae3

407 924 614 974 Vmbria
639 940 754 973 vero
779 939 888 986 pars
915 921 1139 971 Tusciae.
1214 922 1395 969 Tuscia
1428 929 1592 969 autem
1626 937 1654 969 a
1684 922 1960 983 frequentia
1992 938 2148 970 sacro-

327 1017 383 1051 21
406 1026 514 1056 rum
553 1016 600 1056 et
632 1005 751 1055 turis
782 1014 969 1064 vocata,
998 1006 1090 1053 ἀπὸ
1124 1008 1207 1054 τοῦ
1243 1005 1433 1063 θυάζειν.
1507 1002 1714 1051 Vmbria
1748 1019 1878 1063 vero,
1916 1005 2174 1055 historiae:

404 1099 614 1149 narrant,
643 1106 703 1138 eo
729 1089 866 1152 quod
892 1097 1114 1150 tempore
1138 1102 1355 1150 aquosae
1381 1084 1534 1134 cladis
1567 1084 1807 1134 imbribus
1841 1087 2144 1149 superfuerit,

402 1183 450 1223 et
489 1174 555 1222 ob
599 1174 695 1221 hoc
738 1171 946 1234 Ὀμβρία
985 1170 1175 1219 Graece
1218 1167 1580 1232 cognominata.
1655 1169 1743 1216 Est
1773 1166 1906 1216 enim
1940 1167 1990 1215 in
2023 1169 2147 1233 iugis

403 1254 691 1320 Appennini
751 1252 934 1302 montis
997 1250 1100 1311 sita,
1164 1251 1215 1299 in
1267 1259 1403 1314 parte
1464 1249 1636 1299 Italiae
1695 1251 1828 1298 iuxta
1875 1250 2145 1300 meridiem.

314 1346 379 1381 22
406 1337 599 1387 Etruria
631 1353 741 1400 pars
777 1335 949 1384 Italiae
986 1336 1118 1384 dicta
1154 1334 1291 1397 quod
1328 1332 1432 1382 eius
1470 1333 1591 1381 fines
1629 1332 1959 1381 tendebantur
1991 1351 2148 1398 usque

402 1423 467 1470 ad
532 1421 689 1483 ripam
738 1417 945 1477 Tiberis,
997 1416 1137 1481 quasi
1186 1418 1431 1480 ἑτερούρια.
1528 1416 1659 1464 Nam
1709 1416 1862 1479 ἕτερον
1908 1413 2148 1477 significat

406 1505 628 1561 alterum,
664 1502 768 1564 ὅρος
804 1499 916 1548 finis
959 1509 1172 1549 vocatur.
1247 1501 1441 1548 Romae
1480 1499 1612 1547 enim
1651 1498 1774 1546 fines
1812 1506 1958 1546 antea
1995 1514 2145 1545 unam

403 1594 595 1634 tantum
645 1582 838 1632 Tiberis
882 1583 1036 1645 ripam
1086 1581 1337 1630 tenebant.
1433 1579 1531 1628 Alii
1574 1579 1818 1629 Etruriam
1859 1579 2043 1629 dictam
2082 1579 2148 1628 ab

406 1670 617 1716 Etrusco
642 1665 864 1729 principe
889 1674 1078 1728 putant.
1153 1666 1282 1713 Item
1316 1672 1364 1712 et
1389 1661 1660 1726 Tyrrhenia
1682 1679 1713 1710 a
1738 1663 1994 1725 Tyrrheno
2020 1661 2149 1725 Lydi

406 1751 566 1809 fratre,
589 1748 675 1812 qui
700 1766 757 1797 ex
783 1757 913 1796 sorte
938 1764 1051 1796 cum
1083 1746 1252 1810 populi
1278 1754 1414 1809 parte
1439 1746 1502 1795 de
1528 1745 1763 1793 Maeonia
1793 1743 1926 1792 venit
1955 1745 2020 1792 ad
2054 1744 2148 1792 Ita-

406 1832 535 1881 liam.
605 1834 750 1880 Haec
776 1839 848 1879 est
874 1838 921 1878 et
946 1828 1153 1889 Tuscia,-
1190 1830 1277 1877 sed
1303 1827 1537 1876 Tusciam
1563 1826 1726 1876 dicere
1751 1843 1852 1875 non
1877 1826 2143 1887 debemus;

405 1914 521 1978 quia
546 1930 792 1977 nusquam
817 1911 1036 1975 legimus.
1099 1910 1284 1959 Tuscia
1307 1919 1473 1958 autem
1500 1926 1528 1956 a
1553 1907 1825 1971 frequentia
1850 1906 2071 1955 sacrificii
2097 1916 2146 1956 et

402 1993 520 2042 turis
552 1992 699 2051 dicta,
740 1993 831 2040 ἀπὸ
872 1994 954 2040 τοῦ
995 1991 1147 2039 θῦσαι.
1223 1988 1331 2038 Illic
1370 1997 1418 2037 et
1457 1985 1788 2050 aruspicinam
1825 1985 1997 2035 dicunt
2039 2001 2146 2034 esse

311 2091 376 2136 23
403 2084 660 2139 repertam.
735 2074 916 2136 Apulia
950 2070 1057 2138 [ubi
1095 2069 1445 2128 Brundusium,
1475 2085 1624 2132 quam
1649 2067 1814 2117 Aetoli
1847 2066 2001 2116 secuti
2027 2065 2144 2115 Dio-

308 2171 374 2219 24
405 2159 602 2207 medem
635 2158 816 2208 ducem
849 2151 1220 2220 condiderunt].
1295 2150 1570 2215 Campania
1602 2148 1773 2216 [habet
1802 2158 1951 2198 terras
1982 2147 2145 2197 hieme

462 2302 479 2327 1
514 2289 669 2328 fonties
691 2287 752 2326 K1
918 2299 942 2323 2
970 2284 1166 2335 ligurium
1187 2282 1282 2322 B1C
1289 2281 1324 2320 T
1482 2294 1506 2331 5
1538 2280 1700 2332 Hesp.]
1716 2293 1897 2331 vespero
1914 2279 2001 2318 ΒΚ
2006 2279 2145 2329 Tfort.

402 2350 496 2383 recte
622 2346 649 2382 6
678 2356 750 2392 qu.
771 2342 877 2380 duae
898 2340 977 2378 hae
1001 2340 1036 2379 C
1197 2352 1219 2388 7
1253 2338 1343 2377 Ital.
1369 2367 1378 2376 .
1404 2367 1413 2377 .
1441 2367 1449 2377 .
1469 2337 1687 2386 significas
1708 2349 1791 2375 om.
1814 2335 1943 2374 KOP
1960 2334 2065 2387 (non
2083 2335 2147 2387 N)

333 2430 338 2433 .
400 2398 543 2450 addis]
581 2399 661 2437 atis
700 2396 753 2436 Tl
783 2394 908 2444 (satis
946 2394 1026 2444 T2)
1063 2394 1125 2433 U:
1165 2394 1257 2433 adis
1288 2391 1348 2431 N1
1542 2404 1650 2441 quae
1671 2420 1682 2430 .
1707 2420 1716 2430 .
1743 2422 1752 2431 .
1776 2389 2027 2440 Hispaniam
2059 2403 2144 2430 om.

348 2466 352 2470 ’
404 2452 515 2493 Ovet.
539 2457 637 2492 extr.
751 2449 899 2501 Hisp.]
923 2450 1079 2489 italiam
1094 2449 1141 2487 N
1264 2448 1290 2485 8
1319 2446 1436 2498 quia]
1457 2459 1567 2496 quae
1587 2445 1634 2484 K
1649 2461 1658 2485 z
1688 2458 1768 2495 que
1789 2445 1835 2483 N
1941 2445 1983 2483 in
2004 2457 2085 2484 om.
2105 2443 2147 2482 Β

402 2508 498 2547 finis
538 2507 579 2545 Β
760 2520 808 2545 10
837 2503 1011 2556 θυάζειν]
1049 2503 1194 2554 τισιζιν
1233 2501 1289 2554 (et
1323 2502 1498 2552 similia)
1529 2500 1641 2540 codd.
1684 2501 1827 2552 (etiam
1870 2499 1981 2539 Ovet.
2024 2498 2144 2545 extr.)

402 2563 617 2602 Vmbriam
637 2561 730 2600 dett.
844 2559 967 2611 vero]
991 2565 1133 2598 autem
1155 2558 1190 2597 C
1309 2555 1486 2595 historia
1503 2556 1545 2594 Β
1713 2568 1758 2593 11
1791 2555 2092 2604 superfuerunt
2114 2553 2150 2592 C
2173 2582 2176 2583 γ

405 2631 454 2656 12
475 2623 519 2656 et
538 2630 621 2656 om.
652 2616 688 2654 T
845 2614 991 2666 Ὀμβ.]
1008 2613 1172 2652 umbria
1194 2610 1293 2652 CK:
1325 2611 1475 2650 imbria
1494 2609 1536 2648 Β
1556 2625 1566 2650 2
1594 2609 1797 2649 umbriam
1824 2609 1861 2647 T
2018 2621 2143 2658 cogn.

403 2678 470 2712 est
486 2671 544 2711 C:
566 2670 903 2720 cognominatam
926 2668 964 2706 T
1072 2681 1120 2718 13
1149 2668 1231 2707 sita
1250 2665 1393 2705 om.K
1500 2665 1585 2703 iux.
1609 2678 1710 2704 mer.
1730 2678 1812 2703 om.
1830 2663 1872 2702 Β
1985 2675 2033 2711 14
2055 2662 2144 2703 Etr.

401 2741 444 2778 p.
463 2727 513 2766 It.
535 2739 618 2765 om.
635 2725 676 2762 Β
788 2725 838 2764 It.
860 2738 941 2763 om.
966 2723 1016 2762 Cl
1150 2734 1198 2771 15
1228 2719 1431 2771 ἑτερούρια
1451 2719 1570 2759 Serv.
1591 2718 1768 2759 adAen.
1791 2731 1851 2770 11,
1870 2719 1970 2768 598:
1993 2731 2145 2768 αιτερο-
2170 2744 2176 2746 -

403 2797 511 2832 σοροι
545 2781 683 2833 (sim.)
705 2780 818 2820 codd.
933 2778 1088 2830 ἕτερον]
1120 2791 1255 2828 αιτερο
1277 2775 1413 2826 (sim.)
1435 2774 1546 2814 codd.
1720 2777 1769 2812 16
1797 2786 1882 2813 una
1908 2779 1936 2812 t.
1965 2771 2028 2811 Ti.
2051 2772 2144 2822 ripa
2166 2788 2170 2790 ·

403 2836 576 2876 tenebat
598 2834 634 2874 C
743 2848 789 2884 17
821 2834 976 2874 dictam
1007 2847 1087 2872 om.
1109 2832 1152 2870 Β
1264 2831 1312 2868 18
1343 2831 1453 2869 idem
1474 2828 1605 2868 ΒΚΤ
1709 2829 1798 2867 lidii
1817 2826 1939 2867 BCT
1956 2841 1966 2865 :
1995 2826 2082 2864 libii
2102 2825 2148 2865 K

408 2905 457 2943 19
486 2895 635 2930 exorte
662 2889 700 2928 T
776 2889 934 2939 populo
956 2887 1006 2927 Cl
1098 2900 1150 2926 20
1180 2891 1246 2925 est
1265 2885 1388 2924 Tusc.
1420 2885 1457 2923 T
1561 2896 1610 2922 21
1644 2895 1868 2932 numquam
1889 2880 1936 2919 K
2015 2881 2142 2920 sacri·
2172 2891 2176 2897 ²

404 2947 498 2986 ficia
518 2945 560 2984 Β
669 2949 749 2983 tur.
769 2949 812 2981 et
833 2955 938 2983 sacr.
962 2942 1008 2980 K
1114 2954 1166 2979 22
1196 2940 1274 2979 dic.
1292 2946 1358 2978 est
1379 2938 1414 2978 C
1419 2937 1471 2977 Τ2
1491 2944 1539 2978 ut
1549 2938 1629 2978 vid.
1741 2936 1877 2987 θῦσαι]
1897 2938 1991 2973 θυσε
2016 2933 2142 2991 (owe,
2168 2972 2176 2979 ,

405 3001 516 3050 ευσε)
543 2999 656 3039 codd.
767 3010 818 3047 23
847 2999 916 3037 ubi
937 3029 947 3038 .
970 3028 980 3038 .
1002 3028 1012 3038 .
1033 2997 1156 3036 cond.
1191 2995 1286 3035 hab.
1321 2994 1420 3033 TU:
1455 3008 1542 3033 om.
1566 2991 1867 3031 Bc’lDFKNO
1896 2989 2008 3029 Ovet.
2043 2995 2143 3035 extr}

404 3070 455 3106 24
477 3056 622 3106 Camp.
637 3067 722 3093 om.
739 3052 774 3093 C
851 3053 980 3092 habet
992 3082 1003 3092 .
1020 3082 1030 3091 .
1047 3083 1056 3092 .
1070 3051 1250 3090 blandus
1262 3049 1354 3089 hab.
1375 3049 1456 3089 TU
1466 3049 1580 3088 Ovet.
1593 3051 1689 3087 extr.
1711 3060 1818 3087 mm.
1831 3041 2144 3084 BDFKNOP÷
2163 3039 2176 3101 ξ

405 3111 449 3149 in
480 3111 515 3150 C
534 3113 633 3161 post
659 3121 761 3148 vero
783 3108 824 3158 (ξ
847 3109 920 3158 26)
950 3113 1064 3146 terra
1093 3107 1231 3144 hieme
1259 3110 1384 3153 atque
1414 3108 1575 3143 aestate
1603 3107 1754 3141 vernat
1782 3100 1845 3140 sol
1868 3131 1878 3141 .
1903 3132 1912 3139 .
1938 3131 1946 3139 .
1965 3086 2176 3168 blandtss}

405 3165 534 3204 habet
552 3177 634 3203 om.
662 3163 775 3203 Ovet.
796 3166 897 3201 extr.
2164 3169 2176 3216 3
