2228 3444
1113 121 1385 170 ISIDORI

547 248 586 290 9.
620 236 678 279 de
701 250 849 280 cursu.
1248 266 1249 270 =
1471 256 1510 287 2.
1543 245 1601 288 de
1622 246 1795 302 pyrgis.

522 320 587 351 10.
623 309 679 352 de
717 309 863 366 equis,
898 311 1064 367 quibus
1105 326 1204 356 cur·
1470 329 1509 371 3.
1542 318 1599 361 de
1623 320 1823 364 calculis.

604 390 724 426 runt.
1247 383 1249 428 ἓ
1467 402 1508 444 4.
1542 390 1599 435 de
1622 393 1824 437 tesseris.

521 466 585 499 11.
620 455 677 499 de
701 462 881 512 septem
903 457 1079 513 spatiis.
1472 474 1509 519 5.
1545 464 1602 508 de
1626 465 1782 521 figuris
1805 468 1945 512 aleae.

522 540 586 571 12.
622 528 679 571 de
702 528 947 585 equitibus.
1468 537 1508 579 6.
1544 538 1601 580 de
1640 540 1880 584 vocabulis
1922 549 2122 587 tessera-

518 613 584 656 13.
619 600 677 645 de
700 601 1024 647 desultoribus.
1525 624 1639 654 rum.

519 687 584 728 14.
620 674 677 718 de
700 675 950 731 peditibus,
1472 694 1512 737 7.
1549 684 1606 728 de
1630 684 1752 729 iactu
1775 693 2064 732 tesserarum.

520 759 584 804 15.
619 749 677 792 de
701 749 928 794 coloribus
951 764 1186 808 equorum.
1473 757 1511 799 8.
1547 756 1605 801 de
1629 759 1910 803 calculorum
1932 770 2073 806 motu.

402 822 462 864 vi.
489 823 560 865 De
603 823 711 866 ludo
756 823 955 880 scenico,
1000 825 1203 881 capitula
1473 842 1512 885 9.
1548 831 1607 874 de
1630 831 1951 878 interdictione
1980 837 2123 880 aleae.

602 896 677 938 X:
1324 901 1380 944 ix.
1408 903 1480 946 De
1507 903 1613 959 pila.

546 981 580 1011 1.
616 968 673 1011 de
695 969 893 1012 theatro.

542 1054 580 1084 2.
615 1042 673 1085 de
695 1056 849 1086 scena.
1244 1093 1247 1102 ¹
1653 1033 1770 1075 XIX

542 1128 583 1169 3.
619 1116 677 1159 de
704 1116 955 1159 orchestra.
1244 1149 1246 1170 ἲ
1356 1117 1381 1161 i.
1410 1119 1481 1161 De
1505 1118 1717 1174 navibus,
1745 1118 1976 1177 <capitula
1998 1121 2068 1181 V>
2091 1138 2099 1167 :

540 1202 580 1242 4.
615 1189 672 1232 de
697 1189 948 1244 tragoedis.
1468 1203 1504 1234 1.
1539 1191 1596 1235 de
1618 1193 1828 1237 navibus.

541 1274 578 1318 5.
614 1263 672 1306 de
697 1263 948 1307 comoedis.
1466 1276 1505 1307 2.
1538 1265 1596 1308 de
1619 1266 1828 1322 partibus
1858 1269 2045 1312 navium
2076 1278 2119 1313 et

538 1337 578 1379 6.
613 1336 671 1379 de
692 1335 966 1392 thymelicis.
1528 1339 1840 1383 armamentis.

539 1421 581 1464 7.
616 1411 673 1453 de
697 1409 1009 1454 histrionibus.
1242 1439 1243 1446 .
1464 1423 1502 1465 3.
1537 1412 1593 1455 de
1615 1411 1738 1456 velis.

537 1485 576 1527 8.
611 1484 668 1527 de
692 1482 862 1526 mimis.
1242 1475 1243 1479 ¹
1462 1496 1502 1538 4.
1535 1485 1593 1528 de
1614 1485 1811 1529 funibus.

537 1570 577 1613 9.
612 1557 670 1600 de
693 1557 1005 1601 saltatoribus.
1467 1567 1503 1612 5.
1539 1558 1596 1600 de
1619 1557 1804 1602 retibus.

513 1642 580 1673 10.
617 1630 728 1687 quid
752 1644 845 1687 quo
870 1638 1064 1687 patrono
1087 1645 1197 1687 aga-
1242 1635 1243 1674 l
1320 1629 1363 1673 ii.
1405 1631 1478 1674 De
1503 1629 1819 1675 instrumentis
1842 1632 2089 1678 fabrorum.

594 1712 677 1747 tur.
1306 1702 1365 1746 iii.
1403 1705 1474 1747 De
1497 1703 1683 1747 fabricis
1716 1705 1960 1761 parietum,
1994 1709 2118 1764 capi-

379 1777 451 1820 vii.
480 1778 553 1821 De
596 1777 705 1820 ludo
742 1777 1035 1833 gladiatorio,
1074 1779 1198 1834 capi-
1241 1782 1243 1837 f
1521 1776 1617 1819 tula
1644 1777 1739 1820 IX:

594 1851 688 1894 tula
709 1851 831 1893 VIII
857 1866 864 1894 :
1240 1846 1242 1876 ³
1465 1863 1501 1894 1.
1536 1851 1594 1895 de
1617 1851 1937 1908 dispositione.

537 1936 574 1968 1.
609 1924 665 1967 de
687 1924 1046 1980 amphitheatro.
1533 1925 1590 1968 de
1613 1925 1966 1970 constructione.

1459 1936 1498 1967 2.

534 2010 574 2040 2.
609 1997 666 2040 de
688 1997 798 2040 ludo
822 1997 1034 2054 equestri.
1459 2010 1498 2051 3.
1532 1998 1591 2041 de
1613 2005 1869 2042 venustate.

534 2083 573 2125 3.
608 2070 666 2113 de
691 2070 903 2114 retiariis.
1459 2083 1499 2124 4.
1534 2070 1591 2113 de
1613 2071 1870 2127 laqueariis.

534 2156 573 2196 4.
608 2144 665 2186 de
687 2143 985 2187 secutoribus.
1459 2154 1497 2200 5.
1533 2144 1591 2188 de
1612 2144 1791 2188 crustis.

536 2227 571 2272 5.
606 2216 664 2259 de
687 2215 1042 2273 laqueatoribus.
1457 2218 1496 2260 6.
1531 2217 1589 2260 de
1612 2217 1897 2262 lithostrotis.

531 2290 571 2331 6.
607 2289 666 2332 de
690 2288 918 2332 velitibus.
1531 2289 1589 2333 de
1611 2289 1790 2346 plastis.

534 2375 574 2418 7.
608 2361 665 2405 de
687 2361 815 2404 ferali
839 2362 1106 2405 certamine.
1456 2363 1495 2405 8.
1531 2362 1587 2406 de
1610 2362 1802 2418 pictura.

530 2436 568 2477 8.
603 2435 662 2478 de
695 2435 864 2477 horum
897 2436 1189 2480 execratione
1453 2447 1492 2490 9.
1526 2435 1584 2478 de
1608 2435 1848 2480 coloribus.

588 2508 812 2551 ludorum.
1313 2509 1368 2552 iv.
1395 2510 1470 2552 De
1518 2508 1835 2555 instrumentis
1877 2511 2111 2555 aedificio-

352 2581 442 2625 viii.
469 2583 541 2625 De
564 2582 683 2636 alea,
705 2580 906 2637 capitula
931 2582 998 2624 IX
1021 2596 1030 2626 :
1508 2595 1622 2625 rum.
1678 2643 1682 2646 ῃ

532 2666 568 2698 1.
602 2654 660 2698 de
681 2654 853 2698 tabula.
1329 2671 1370 2699 v.
1397 2656 1468 2699 De
1490 2654 1709 2710 lignariis

404 2780 441 2805 v.
467 2778 516 2804 10
544 2765 726 2815 Quiquis
741 2771 968 2804 accurrunt
988 2765 1025 2803 T
1114 2778 1161 2814 13
1182 2766 1410 2805 sultoribus
1423 2766 1468 2804 K
1575 2767 1629 2805 vi.
1656 2779 1705 2804 10
1721 2772 1869 2819 patruo
1886 2773 2063 2806 vocatur
2079 2768 2114 2806 C

350 2821 421 2860 vii.
447 2819 651 2872 Capitula.
710 2819 832 2859 Deest
852 2820 887 2858 C
994 2831 1018 2869 5
1043 2820 1304 2870 laqueatoris
1331 2820 1368 2858 T
1503 2822 1530 2859 6
1549 2820 1742 2860 velitisus
1767 2821 1806 2859 T
1942 2822 1968 2860 8
1987 2834 2109 2861 exer-

353 2875 556 2915 citatione
592 2873 631 2913 T
779 2875 864 2914 viii.
896 2875 1017 2924 galea
1048 2874 1084 2914 C
1138 2874 1341 2927 Capitula.
1371 2873 1496 2914 Deest
1525 2873 1560 2913 C
1717 2874 1827 2914 XIX
1856 2877 1881 2915 i.
1914 2875 1979 2915 De
2011 2890 2106 2917 nav.

352 2930 394 2969 ii.
426 2930 494 2970 De
525 2935 632 2980 part.
664 2941 758 2968 naV.
790 2935 832 2968 et
863 2942 1055 2982 armam.,
1087 2930 1273 2980 capitula
1306 2930 1378 2981 IV,
1415 2942 1431 2967 1
1464 2930 1518 2969 de
1546 2929 1666 2981 velis,
1698 2934 1764 2969 etc.
1795 2929 1897 2969 RK:
1937 2929 2044 2970 deest
2076 2931 2113 2970 C

350 2984 390 3023 ii.
417 2983 481 3023 De
496 2984 708 3024 fabrorum
728 2983 902 3023 fornace
915 2983 1006 3023 ΒΚ
1112 2984 1168 3024 ἰίἰ.
1191 2985 1217 3023 8
1233 2984 1408 3035 picturis
1433 2983 1470 3022 T
1571 2983 1679 3023 iv—v.
1699 2997 1779 3024 om.
1801 2984 1847 3022 K
1862 2999 1871 3024 ε
1902 2985 1967 3023 De
1987 2985 2105 3027 instr.

350 3039 442 3078 aed.
470 3044 511 3077 et
532 3038 616 3089 lig„
642 3038 820 3089 capitula
851 3038 890 3077 ΙΙ
910 3038 951 3076 Β
