2176 3424
447 0 455 43 ζ
515 25 519 27 .

460 42 582 49 *st

452 47 609 61 aa?

428 152 1058 202 ETYMOLOGIARVM
1099 153 1228 199 LIB.
1269 152 1377 198 XV.
1417 149 1563 199 viii-x

125 282 314 331 Graece
339 281 531 331 mittere
555 290 642 330 est.
717 283 924 331 Formae
950 298 1116 330 earum
1149 298 1237 345 pro
1274 280 1614 345 magnitudine
1638 296 1796 343 aquae
1821 289 1869 329 et

125 360 406 425 capacitatis
433 362 584 409 modo
610 361 748 409 fiunt.

262 445 343 491 DE
388 457 786 492 MVN1T10N113vs.
878 441 1134 490 Munitum
1168 443 1244 491 vel
1279 440 1643 490 munimentum
1678 442 1866 489 dictum
1894 449 1956 489 IX

124 524 238 587 quia
262 528 409 573 manu
436 533 508 573 est
533 526 732 573 factum.
805 523 998 575 Cohors
1024 533 1196 573 vocata
1220 526 1297 573 vel
1322 525 1459 586 quod
1479 531 1665 572 coartet
1688 532 1869 571 cuncta

78 625 99 665 5
123 623 249 670 quae
275 606 476 655 interius
503 615 629 666 sunt,
658 605 709 655 id
736 614 807 655 est
833 607 1113 665 concludat,
1142 607 1219 654 vel
1249 607 1385 668 quod
1418 614 1643 654 coerceat
1669 604 1868 653 obiectu

124 705 214 737 suo
239 697 495 737 extraneos
530 698 578 737 et
611 687 746 738 adire
783 687 1058 751 prohibeat.
1132 689 1332 736 Vallum
1358 696 1431 736 est
1456 689 1593 750 quod
1618 688 1750 735 mole
1776 695 1865 735 ter·
1893 695 1924 730 2

123 787 203 819 rae
239 769 447 833 erigitur,
475 779 529 818 ut
564 768 791 819 custodia
819 771 1182 833 praetendatur.
1259 769 1463 818 Dictum
1494 778 1662 817 autem
1685 769 1868 817 vallum

121 867 150 898 a
187 851 354 912 vallis;
403 868 518 900 nam
555 851 668 899 valli
705 853 858 900 fustes
895 861 1023 911 sunt,
1060 850 1239 914 quibus
1273 852 1456 900 vallum
1486 852 1719 900 munitur.
1806 853 1871 899 Et

122 932 234 980 valli
276 933 395 982 dicti
434 934 569 996 quod
608 934 816 996 figantur
853 943 900 982 et
937 935 1193 984 vellantur.
1267 935 1529 982 Intervalla
1564 943 1678 982 sunt
1714 932 1870 996 spatia

52 1036 100 1064 10
123 1014 248 1063 inter
272 1014 433 1078 capita
457 1017 710 1074 vallorum,
739 1014 790 1064 id
820 1024 893 1063 est
927 1015 1150 1079 stipitum
1181 1015 1362 1079 quibus
1396 1018 1579 1064 vallum
1614 1017 1698 1076 fit3
1735 1017 1868 1064 unde

123 1105 170 1144 et
207 1105 368 1146 cetera
404 1113 603 1159 quoque
640 1096 796 1160 spatia
829 1096 1015 1157 dicunt,
1051 1096 1115 1145 ab
1150 1096 1398 1160 stipitibus
1433 1096 1634 1146 scilicet.
1707 1100 1869 1161 Agger
1893 1109 1924 1155 3

121 1187 194 1226 est
211 1177 472 1228 cuiuslibet
492 1178 559 1227 rei
578 1179 834 1237 acervatio,
865 1180 1000 1228 unde
1020 1179 1179 1227 fossae
1197 1187 1282 1227 aut
1299 1180 1447 1228 valles
1468 1180 1659 1243 possint
1678 1178 1866 1243 repleri.

121 1262 281 1323 Agger
317 1261 510 1323 proprie
547 1259 725 1309 dicitur
761 1269 883 1309 terra
925 1269 1125 1323 aggesta
1165 1277 1292 1323 quae
1330 1262 1458 1310 vallo
1498 1262 1628 1310 facto
1668 1260 1868 1324 propius

121 1341 352 1404 ponitur3
387 1344 474 1392 sed
498 1342 703 1391 abusive
728 1351 775 1391 et
815 1359 981 1392 muros
1020 1352 1068 1391 et
1099 1342 1409 1392 munimenta
1440 1343 1608 1391 omnia
1642 1359 1869 1407 aggerem

51 1441 95 1480 15
121 1422 343 1472 dicimus.
420 1425 669 1472 Maceriae
695 1433 809 1472 sunt
838 1423 1048 1487 parietes
1081 1425 1213 1487 longi
1253 1424 1434 1487 quibus
1471 1426 1644 1474 vineae
1677 1424 1870 1487 aliquae
1893 1437 1926 1485 4

120 1506 415 1554 clauduntur
435 1524 448 1566 ,-
495 1507 697 1569 longum
732 1506 864 1555 enim
891 1506 1068 1555 Graeci
1097 1508 1276 1570 μακρὸν
1304 1506 1491 1556 dicunt.
1567 1509 1871 1566 Formatum,
1893 1520 1925 1569 5

122 1587 223 1637 sive
246 1589 551 1647 formacium,
581 1588 631 1636 in
658 1588 822 1637 Africa
849 1597 896 1637 et
919 1588 1164 1651 Hispania
1184 1588 1393 1652 parietes
1414 1606 1440 1638 e
1460 1598 1584 1638 terra
1602 1591 1868 1654 appellant,

121 1669 356 1732 quoniam
391 1669 440 1717 in
465 1672 622 1718 forma
655 1670 970 1719 circumdatis
1002 1671 1195 1719 duabus
1227 1672 1476 1733 utrimque
1512 1671 1692 1720 tabulis
1731 1673 1870 1720 infer-

121 1751 315 1800 ciuntur
330 1753 488 1801 verius
509 1769 657 1815 quam
676 1752 992 1801 instruuntur.
1046 1753 1195 1802 Aevis
1213 1755 1392 1802 durant
1409 1753 1677 1818 incorrupti
1695 1754 1867 1814 ventis,

46 1854 97 1882 20
122 1833 315 1896 ignibus
341 1833 578 1897 omnique
609 1844 868 1884 caemento
906 1834 1142 1884 fortiores.
1217 1837 1369 1900 Sepes
1404 1836 1712 1886 munimenta
1746 1848 1870 1887 sato·
1890 1845 1925 1892 6

119 1932 227 1963 rum
266 1924 379 1963 sunt
398 1934 410 1976 ;
446 1917 579 1965 unde
618 1925 666 1965 et
704 1918 993 1980 appellatae.
1054 1918 1236 1967 Caulas
1264 1917 1572 1967 munimenta
1596 1920 1763 1967 ovium
1790 1922 1866 1969 vel

121 1996 394 2060 sepimenta
436 1998 652 2046 ovilium.
728 1999 817 2047 Est
860 2008 1025 2048 autem
1065 1999 1312 2049 Graecum
1350 2016 1536 2049 nomen
1575 2002 1617 2050 C
1663 1999 1866 2070 [littera]

119 2081 338 2128 detracta
357 2097 368 2139 ;
404 2096 518 2127 nam
546 2080 721 2129 Graeci
743 2083 887 2132 αὐλὰς
912 2091 1090 2130 vocant
1115 2082 1402 2130 animalium
1428 2085 1751 2147 receptacula.
1890 2097 1931 2138 x

258 2164 340 2210 DE
374 2176 671 2211 TENToRns.
746 2163 1090 2212 Tabernacula
1120 2163 1331 2212 tentoria
1365 2174 1478 2212 sunt
1508 2164 1734 2226 militum,
1764 2167 1867 2229 qui-

46 2265 64 2292 2
74 2265 94 2304 5
122 2243 212 2291 bus
238 2242 287 2291 in
313 2243 482 2293 itinere
509 2245 624 2293 solis
649 2246 847 2294 ardores
873 2254 1292 2309 tempestatesque
1317 2245 1549 2295 imbrium
1576 2247 1866 2311 frigorisque

172 2386 197 2421 4
227 2372 346 2424 quia]
367 2373 478 2422 quod
498 2372 539 2411 Β
622 2373 759 2412 Coors
788 2373 862 2413 T1:
895 2374 1001 2413 Cors
1022 2373 1204 2415 BCKT2
1286 2380 1409 2414 vocat
1437 2375 1474 2414 T
1551 2376 1684 2428 quod]
1707 2378 1805 2428 quia
1826 2378 1868 2416 Β

118 2439 143 2476 5
172 2427 306 2479 quod]
323 2428 418 2477 quia
438 2426 478 2464 Β
561 2427 761 2468 cohereat
780 2429 820 2466 Β
931 2443 952 2479 7
986 2430 1171 2479 egeritur
1191 2428 1237 2467 K
1317 2436 1456 2470 autem
1477 2444 1561 2471 om.
1585 2429 1632 2469 K
1713 2433 1863 2472 vallum

118 2495 200 2520 om.
224 2481 259 2520 C
433 2482 458 2519 8
486 2481 603 2534 valli]
626 2483 742 2522 vallis
761 2481 807 2520 K
942 2490 1039 2523 sunt
1058 2483 1191 2524 fortes
1215 2484 1263 2524 C¹
1443 2499 1470 2537 9
1499 2491 1543 2525 et
1566 2486 1804 2527 evellantur
1824 2488 1870 2527 K

123 2549 166 2574 11
201 2543 280 2576 cet.
303 2549 470 2586 queque
492 2535 537 2574 K
643 2539 837 2577 dicuntur
859 2538 894 2578 C
1034 2552 1080 2577 12
1111 2546 1175 2579 est
1196 2553 1279 2579 om.
1303 2539 1349 2578 K
1448 2547 1631 2591 possunt
1655 2541 1735 2581 BC
1751 2544 1865 2594 (cum

118 2590 231 2631 Serv.
254 2591 313 2631 ad
327 2591 433 2631 Aen.
454 2604 494 2642 9,
518 2594 617 2642 564)
744 2594 922 2632 recreari
942 2592 988 2631 K
1152 2607 1199 2645 13
1228 2607 1429 2645 aggerem
1450 2595 1555 2634 B¹K
1688 2598 1866 2638 dicimus

119 2645 165 2683 K
245 2652 391 2695 agesta
411 2646 451 2684 Β
535 2648 734 2697 proprius
761 2646 822 2687 T:
852 2649 1067 2698 propivius
1088 2647 1130 2686 Β
1254 2662 1301 2698 14
1332 2663 1499 2690 mauros
1526 2650 1573 2688 Τ1
1696 2664 1742 2701 15
1774 2666 1864 2702 par.

119 2713 202 2741 om.
225 2700 271 2738 K
433 2701 583 2750 longae
604 2700 650 2738 K
841 2716 887 2752 17
918 2703 1155 2742 formatium
1176 2702 1286 2744 BK:
1317 2704 1548 2744 fornacium
1572 2706 1607 2745 C
1759 2712 1801 2746 et
1823 2708 1863 2747 in

119 2756 267 2805 spania
295 2754 332 2792 T
490 2756 533 2807 e]
559 2756 611 2794 de
633 2755 703 2795 K:
734 2770 813 2797 om.
837 2758 879 2797 Β
1105 2759 1153 2796 18
1182 2759 1351 2808 quando
1371 2758 1462 2798 KN
1611 2761 1777 2811 utrique
1804 2761 1863 2802 T:

119 2810 305 2860 undique
327 2809 372 2847 K
547 2811 766 2851 infertiunt
786 2811 831 2850 K
1052 2826 1101 2863 19
1130 2814 1274 2866 quam]
1296 2826 1378 2864 que
1398 2813 1457 2852 Β1
1639 2821 1864 2856 struuntur

118 2863 226 2906 Plin.
247 2865 300 2903 N.
324 2864 384 2904 H.
408 2876 475 2916 35,
502 2867 578 2915 169
744 2865 1013 2917 incorruptae
1034 2867 1079 2905 K
1285 2881 1339 2907 20
1368 2869 1594 2919 omniaque
1616 2870 1660 2908 D
1679 2885 1688 2910 ε
1717 2884 1801 2911 om.
1824 2872 1866 2910 Β

120 2925 311 2959 cernente
332 2917 418 2958 BD
695 2926 882 2961 satorum
903 2922 1020 2961 BCF
1023 2921 1104 2961 TU
1117 2937 1126 2963 ε
1157 2935 1357 2963 saxorum
1376 2923 1446 2964 D:
1476 2937 1674 2974 agrorum
1698 2925 1868 2965 KNOP

119 2986 167 3012 21
199 2979 298 3014 sunt
317 2987 399 3014 om.
423 2974 468 3012 N
656 2987 727 3015 un.
750 2982 793 3016 et
812 2989 908 3027 app.
930 2991 1011 3018 om.
1034 2976 1162 3018 KOP
1179 2979 1283 3030 (non
1303 2977 1453 3030 NDF)
1639 2979 1756 3020 Caul.
1781 3011 1792 3022 .
1817 3012 1827 3022 .
1849 3012 1858 3021 .

119 3027 290 3067 ovilium
311 3041 393 3069 om.
419 3027 546 3068 KOP
564 3044 573 3068 ε
601 3030 666 3067 vel
688 3042 778 3080 sep.
799 3032 970 3070 ovilium
991 3045 1072 3071 om.
1097 3031 1143 3070 N
1158 3031 1262 3083 (non
1280 3033 1385 3085 DF)
1524 3045 1575 3071 22
1607 3033 1745 3073 littera
1766 3036 1858 3076 hab.

118 3080 312 3121 KNOP:
341 3097 423 3122 om.
447 3083 522 3122 BC
529 3083 565 3121 T
670 3096 722 3133 25
753 3087 914 3124 ardoris
933 3085 974 3123 Β
992 3100 1000 3124 :
1029 3088 1222 3126 ardorem
1245 3086 1291 3126 K
