2228 3444
1078 143 1346 191 ISIDORI

339 276 386 314 et
403 266 467 315 ita
489 276 658 317 tenent
679 270 1003 332 Evangelium
1025 279 1077 318 ut
1096 273 1280 334 Legem
1308 272 1563 323 carnaliter
1589 286 1810 326 servent:
1847 279 2078 328 adversus

251 362 311 412 37
335 365 460 409 quos
496 351 560 398 ad
597 351 796 399 Galatas
833 354 1104 415 Apostolus
1141 353 1359 403 scribens
1403 355 1658 406 invenitur.
1733 359 2014 410 Photiniani
2051 379 2079 411 a

335 430 551 480 Photino
573 434 939 496 Gallograeciae
966 434 1170 484 Sirmiae
1195 435 1430 500 episcopo
1455 440 1738 503 nuncupati,
1768 441 1851 504 qui
1879 442 2076 492 Ebioni-

335 522 494 561 tarum
514 514 756 563 haeresim
778 516 1019 565 suscitans
1045 517 1260 567 adseruit
1282 518 1534 569 Christum
1553 538 1582 569 a
1602 523 1761 571 Maria
1785 541 1871 587 per
1892 527 2075 588 Ioseph

244 598 309 655 38
333 595 539 658 nuptiali
583 596 715 645 coitu
755 599 903 647 fuisse
945 608 1259 662 conceptum.
1331 602 1531 650 Aeriani
1567 604 1631 651 ab
1671 606 1819 653 Aerio
1858 609 2075 669 quodam
2102 626 2123 665 5

331 678 604 742 nuncupati
629 689 756 729 sunt.
822 682 894 728 Hi
921 682 1092 730 offerre
1119 682 1410 731 sacrificium
1438 701 1525 746 pro
1551 686 1796 734 defunctis
1823 698 2075 750 spernunt.

236 774 306 822 39
331 759 526 808 Aetiani
543 762 606 809 ab
623 763 769 811 Aetio
786 771 899 810 sunt
915 762 1088 811 vocati.
1153 765 1396 827 Idemque
1415 766 1727 827 Eunomiani,
1745 769 1808 816 ab
1827 770 2075 818 Eunomio

330 844 550 904 quodam
577 842 850 903 dialectico,
879 844 1011 894 Aetii
1036 844 1293 909 discipulo,
1323 863 1380 895 ex
1414 847 1552 897 cuius
1585 851 1788 899 nomine
1822 851 1976 915 magis
2008 852 2076 900 in-

329 933 597 974 notuerunt
617 944 626 974 :
664 927 954 977 dissimilem
975 928 1106 976 Patri
1131 939 1402 978 asserentes
1424 931 1601 979 Filium
1622 941 1669 980 et
1690 931 1816 980 Filio
1841 932 2074 996 Spiritum

329 1016 570 1056 sanctum.
647 1007 835 1057 Dicunt
883 1008 1030 1058 etiam
1079 1012 1270 1059 nullum
1319 1010 1531 1075 inputari
1578 1023 1836 1076 peccatum
1885 1016 1935 1063 in
1978 1017 2076 1065 fide
2103 1036 2152 1063 10

234 1099 305 1148 40
328 1089 652 1139 manentium.
723 1091 1008 1155 Origeniani
1034 1091 1249 1156 Origene
1281 1102 1481 1143 auctore
1513 1095 1666 1144 exorti
1699 1106 1826 1157 sunt,
1853 1099 2075 1147 dicentes

329 1174 466 1234 quod
507 1190 610 1222 non
651 1173 807 1236 possit
847 1174 998 1222 Filius
1038 1176 1203 1224 videre
1243 1177 1452 1236 Patrem,
1495 1193 1587 1226 nec
1630 1177 1834 1241 Spiritus
1878 1190 2074 1229 sanctus

328 1253 522 1303 Filium.
594 1255 800 1304 Animas
826 1273 1026 1319 quoque
1060 1256 1110 1304 in
1145 1257 1319 1306 mundi
1352 1258 1593 1322 principio
1623 1259 1795 1309 dicunt
1828 1278 2071 1324 peccasse,

329 1344 376 1383 et
401 1353 489 1399 pro
515 1338 796 1386 diversitate
820 1347 1137 1401 peccatorum
1165 1341 1227 1388 de
1262 1339 1409 1388 caelis
1437 1357 1592 1403 usque
1622 1343 1684 1390 ad
1710 1351 1858 1391 terras
1884 1343 2074 1392 diversa

328 1434 534 1482 corpora
575 1420 715 1483 quasi
756 1422 951 1469 vincula
1001 1423 1253 1483 meruisse,
1295 1438 1452 1485 eaque
1499 1439 1645 1472 causa
1693 1426 1877 1473 factum
1925 1426 2073 1475 fuisse
2101 1446 2151 1487 15

246 1512 304 1559 41
328 1503 586 1550 mundum.
679 1504 912 1552 Noetiani
961 1521 989 1551 a
1037 1505 1255 1566 quodam
1306 1506 1472 1553 Noeto
1519 1505 1693 1566 vocati,
1744 1509 1828 1569 qui
1876 1508 2072 1557 dicebat

328 1582 579 1632 Christum
608 1586 824 1634 eundem
859 1602 966 1634 esse
997 1595 1044 1634 et
1070 1588 1264 1634 Patrem
1292 1595 1339 1635 et
1365 1586 1597 1650 Spiritum
1629 1599 1869 1650 sanctum,
1898 1590 2072 1653 ipsam-

327 1682 423 1728 que
450 1665 741 1715 Trinitatem
780 1668 829 1715 in
867 1667 1139 1716 officiorum
1177 1668 1475 1728 nominibus,
1515 1686 1616 1718 non
1653 1669 1702 1718 in
1740 1670 1961 1733 personis
1998 1688 2072 1720 ac-

326 1748 528 1811 cipiunt.
599 1752 748 1799 Vnde
778 1760 826 1799 et
852 1751 1198 1814 Patripassiani
1224 1762 1474 1812 vocantur,
1502 1752 1617 1815 quia
1643 1755 1838 1802 Patrem
1873 1770 2070 1817 passum

235 1846 301 1893 42
325 1832 510 1880 dicunt.
583 1832 847 1882 Sabelliani
881 1834 944 1882 ab
971 1835 1149 1883 eodem
1177 1836 1225 1882 N
1229 1843 1342 1883 oeto
1373 1836 1637 1896 pullulasse
1662 1835 1905 1895 dicuntur,
1933 1836 2072 1885 cuius
2098 1858 2149 1885 20

323 1912 622 1977 discipulum
647 1914 909 1978 perhibent
928 1915 1075 1964 fuisse
1095 1914 1378 1975 Sabellium,
1403 1932 1461 1963 ex
1481 1915 1619 1963 cuius
1639 1916 1841 1965 nomine
1861 1917 2072 1966 maxime

324 1995 676 2057 innotuerunt3
716 1998 849 2045 unde
886 2007 934 2045 et
971 1996 1237 2046 Sabelliani
1273 1996 1434 2045 vocati
1471 2007 1597 2046 sunt.
1674 1997 1746 2045 Hi
1782 2015 1932 2046 unam
1968 2016 2071 2063 per-

235 2092 302 2140 43
325 2093 498 2126 sonam
536 2078 692 2127 Patris
731 2088 778 2127 et
815 2078 926 2127 Filii
965 2088 1014 2128 et
1050 2078 1256 2142 Spiritus
1299 2078 1455 2127 sancti
1493 2088 1730 2128 astruunt.
1800 2081 1970 2129 Ariani
2006 2082 2070 2131 ab

323 2159 444 2208 Ario
481 2160 817 2210 Alexandrino
855 2161 1139 2224 presbytero
1176 2160 1267 2210 orti
1304 2170 1431 2220 sunt,
1465 2163 1550 2223 qui
1587 2170 1903 2211 coaeternum
1941 2163 2071 2212 Patri

325 2241 505 2291 Filium
525 2259 627 2290 non
647 2259 937 2306 agnoscens,
957 2243 1173 2292 diversas
1194 2242 1244 2290 in
1261 2242 1502 2292 Trinitate
1522 2243 1821 2293 substantias
1840 2245 2069 2304 adseruit,
2095 2268 2113 2295 2
2123 2266 2145 2306 5

325 2333 495 2373 contra
531 2325 653 2373 illud
691 2326 827 2388 quod
863 2324 931 2373 ait
969 2324 1219 2373 Dominus
1257 2323 1390 2389 (Ioh.
1415 2342 1488 2383 10,
1511 2324 1625 2388 30):
1666 2327 1801 2389 ‘Ego
1839 2336 1886 2375 et
1926 2329 2070 2376 Pater

227 2422 296 2469 44
325 2422 479 2454 unum
505 2407 706 2455 sumus.'
757 2406 1112 2455 Macedoniani
1135 2423 1165 2454 a
1191 2405 1495 2455 Macedonio
1517 2407 2070 2472 Constantinopolitano

324 2490 561 2552 episcopo
600 2487 718 2536 dicti
758 2498 885 2548 sunt,
926 2498 1162 2551 negantes
1202 2490 1367 2537 Deum
1410 2505 1516 2537 esse
1553 2488 1787 2552 Spiritum
1829 2501 2068 2541 sanctum.

385 2631 401 2656 1
436 2619 501 2670 ut]
524 2624 565 2656 et
594 2617 646 2655 Tl
772 2632 796 2656 2
826 2618 1040 2657 invehitur
1069 2617 1231 2658 Tertull.
1254 2617 1303 2656 de
1319 2624 1494 2668 praescr.
1518 2618 1628 2657 haer.
1651 2631 1703 2668 33
1828 2633 1852 2667 4
1881 2621 2071 2661 adseruit

325 2672 467 2712 BCT:
515 2673 679 2712 addidit
720 2672 878 2725 (-ded-)
917 2673 1010 2711 ΑΚ
1264 2672 1362 2712 Chr.
1403 2674 1535 2712 maria
1576 2673 1653 2712 C1:
1701 2673 1800 2713 Chr.
1841 2676 1974 2714 amari
2018 2675 2070 2713 Τ1

328 2740 351 2777 5
382 2727 548 2767 Arriani
571 2728 623 2765 ab
643 2728 754 2766 arrio
777 2727 823 2765 K
965 2730 991 2765 6
1022 2727 1129 2767 sacri
1151 2727 1402 2767 sacrificium
1431 2729 1473 2766 T
1609 2741 1630 2777 7
1661 2728 1714 2767 ab
1735 2730 1976 2769 eunominio
1995 2729 2043 2768 K
2058 2746 2067 2770 :

327 2784 379 2822 ab
401 2782 575 2822 unomio
605 2781 642 2819 T
801 2784 827 2821 8
857 2783 941 2822 etio
962 2782 1008 2820 K
1170 2796 1196 2832 9
1225 2782 1384 2832 patrias
1404 2781 1446 2819 Β
1554 2782 1665 2821 filios
1685 2795 1750 2834 sp.
1775 2783 1842 2823 B:
1872 2784 1981 2823 filius
2000 2798 2065 2835 sp.

327 2837 374 2875 K
388 2853 396 2876 z
417 2838 547 2876 filium
567 2836 687 2890 (corr.
703 2837 781 2888 —io)
799 2838 949 2887 spiritu
972 2836 1010 2874 T
1118 2850 1168 2876 10
1197 2837 1391 2887 inputare
1407 2836 1496 2875 RK
1602 2838 1702 2876 fidei
1718 2837 1760 2875 Β
1872 2850 1917 2876 11
1948 2839 2066 2888 Orig.

326 2893 377 2931 ab
394 2892 512 2942 Orig.
530 2892 570 2930 Β
685 2902 732 2929 12
763 2892 894 2930 filium
913 2892 962 2931 C1
1073 2898 1157 2942 pat.
1175 2891 1260 2931 vid.
1278 2890 1324 2928 K
1432 2904 1521 2930 san.
1540 2891 1650 2941 Spir.
1667 2891 1744 2930 CT
1851 2905 1898 2942 14
1929 2894 1983 2932 de
1998 2893 2066 2933 K:

326 2961 351 2986 a
377 2948 432 2988 T:
467 2960 518 2987 ae
541 2946 592 2986 Cl
613 2961 622 2986 ε
650 2960 674 2985 e
694 2946 736 2984 Β
965 2947 1098 2986 divisa
1124 2947 1161 2984 T
1324 2948 1374 2984 16
1404 2947 1587 2986 Noetani
1607 2945 1650 2984 B
1865 2960 1890 2985 a
1909 2961 1994 2988 om.
2016 2948 2067 2987 Cl

329 3015 375 3052 17
411 3003 452 3040 in
473 3002 692 3052 ipsamque
715 2999 753 3039 T
860 3003 909 3040 18
938 3014 1023 3040 non
1043 3014 1155 3052 pers.
1177 2999 1255 3038 CT
1363 3013 1411 3051 19
1440 3002 1559 3053 quia]
1579 3001 1692 3051 quod
1708 2999 1755 3038 K
1861 3013 1910 3039 21
1943 3003 2067 3043 disci-

325 3056 449 3106 pulus
463 3056 510 3094 K
617 3070 669 3106 23
689 3055 815 3108 astu]
832 3057 1033 3095 adserunt
1047 3055 1093 3094 K
1102 3058 1206 3108 (non
1217 3055 1282 3106 A)
1365 3055 1536 3095 Arriani
1550 3055 1662 3095 codd.
1787 3066 1838 3104 25
1861 3057 2065 3098 adserunt

326 3109 416 3148 KT
547 3114 600 3149 26
628 3110 794 3161 contra]
816 3123 901 3150 non
930 3110 968 3148 T
1099 3124 1148 3160 27
1183 3109 1463 3149 Pacedoniani
1492 3109 1530 3147 T
