2228 3444
524 121 1156 171 ETYMOLOGIARVM
1196 123 1326 170 LIB.
1366 123 1486 170 VII.
1529 121 1543 168 i

159 267 332 300 sonam
358 260 445 301 est.
505 252 709 300 Summe
733 250 908 311 bonus,
937 249 1053 315 quia
1077 249 1497 300 incommutabilis
1524 261 1611 301 est.
1675 252 1911 302 Creatura
1931 255 1994 302 28

158 346 272 378 vero
298 330 500 391 bonum,
520 331 608 379 sed
633 347 734 379 non
761 346 1010 379 summum
1036 338 1121 391 est,
1146 329 1261 394 quia
1283 329 1532 379 mutabilis
1561 337 1647 379 est.
1699 331 1764 378 Et
1789 330 1910 378 dum

158 410 218 459 sit
256 410 457 475 quidem
494 411 699 473 bonum,
728 429 829 462 non
866 421 1032 461 tamen
1070 428 1178 462 esse
1213 421 1378 476 potest
1415 421 1462 461 et
1493 429 1759 461 summum.
1834 413 1912 460 In·
1934 426 2004 475 29

156 509 420 556 corporeus
446 502 611 543 autem
637 495 713 543 vel
738 493 1057 557 incorporalis
1090 495 1203 543 ideo
1237 493 1416 544 dicitur
1451 496 1604 554 Deus,
1632 502 1685 542 ut
1715 491 1911 556 spiritus

109 596 129 636 5
157 576 381 623 credatur
406 577 482 624 vel
508 577 817 639 intellegatur
841 592 962 636 esse,
990 592 1093 625 non
1126 592 1318 640 corpus.
1412 577 1544 624 Nam
1579 577 1699 625 dum
1734 573 1912 624 dicitur

155 654 364 719 spiritus,
407 658 510 705 eius
559 657 858 721 significatur
899 657 1187 706 substantia.
1264 660 1547 719 Inmensus,
1580 657 1696 721 quia
1732 666 1912 705 cuncta
1934 673 2000 719 30

155 737 422 798 concludit,
443 738 548 802 ipse
572 755 600 787 a
624 741 762 788 nullo
788 741 1100 789 concluditur
1117 758 1130 801 3
1168 741 1256 788 sed
1282 738 1450 788 omnia
1475 740 1601 787 intra
1627 737 1730 788 eius
1755 737 1911 787 omni-

156 819 428 882 potentiam
467 829 760 870 coartantur.
853 823 1105 871 Perfectus
1143 821 1322 871 dicitur
1358 820 1475 885 quia
1516 822 1639 869 nihil
1675 820 1720 870 ei
1756 820 1912 884 possit
1933 836 1988 883 31

157 900 299 950 adici.
350 903 602 952 Adtamen
627 904 690 952 de
716 902 1148 952 consummatione
1166 902 1373 952 alicuius
1399 902 1514 951 facti
1533 902 1769 967 perfectio
1794 902 1911 952 dici-

83 1001 134 1029 10
160 991 247 1031 tur.
324 986 460 1032 Deus
485 993 665 1043 autem,
695 986 779 1047 qui
805 1002 907 1033 non
941 994 1014 1033 est
1047 986 1216 1045 factus,
1247 986 1504 1048 quomodo
1529 994 1603 1034 est
1628 986 1909 1048 perfectus?
1972 984 1975 988 ’

156 1066 253 1114 Sed
296 1066 392 1114 hoc
428 1066 727 1115 vocabulum
771 1068 834 1116 de
883 1083 974 1115 usu
1012 1076 1182 1116 nostro
1219 1066 1428 1131 sumpsit
1472 1068 1689 1116 humana
1724 1066 1905 1130 inopia,
1931 1087 1994 1133 32

152 1146 277 1196 sicut
302 1156 350 1197 et
375 1147 562 1211 reliqua
577 1149 738 1209 verba,
760 1158 1003 1212 quatenus
1029 1150 1080 1198 id
1106 1150 1243 1212 quod
1269 1148 1519 1198 ineffabile
1544 1159 1618 1199 est
1638 1158 1909 1212 utcumque

152 1227 250 1278 dici
276 1228 443 1292 possit,
473 1229 709 1293 quoniam
737 1232 799 1279 de
827 1233 939 1279 Deo
973 1229 1095 1278 nihil
1128 1230 1277 1295 digne
1311 1232 1558 1280 humanus
1585 1248 1747 1280 sermo
1773 1230 1907 1290 dicit,

153 1309 276 1359 sicut
311 1320 424 1360 sunt
461 1321 508 1360 et
545 1313 653 1359 alia.
729 1313 934 1362 Creator
970 1311 1132 1362 dictus
1166 1330 1255 1376 pro
1289 1312 1439 1361 totius
1473 1315 1648 1363 mundi
1673 1314 1819 1362 rebus
1844 1315 1908 1363 ab
1930 1331 1994 1380 33

79 1410 125 1450 15
151 1391 259 1455 ipso
284 1392 471 1442 creatis.
536 1392 674 1443 Nihil
700 1393 834 1443 enim
860 1404 933 1443 est
964 1396 1102 1457 quod
1126 1411 1226 1444 non
1246 1394 1485 1458 originem
1512 1412 1540 1444 a
1558 1398 1669 1445 Deo
1695 1395 1906 1445 traxerit.

153 1476 266 1538 Ipse
291 1484 339 1524 et
364 1493 504 1536 unus,
534 1475 648 1539 quia
685 1475 840 1525 dividi
876 1493 979 1526 non
1015 1486 1191 1540 potest,
1220 1479 1296 1526 vel
1327 1477 1441 1540 quia
1475 1477 1597 1526 nihil
1629 1477 1766 1527 aliud
1798 1495 1905 1528 esse

150 1565 312 1619 potest
349 1559 486 1621 quod
522 1559 818 1607 tantundem
855 1557 1016 1622 capiat
1052 1558 1324 1621 potestatis.
1402 1561 1546 1609 Haec
1583 1559 1740 1624 igitur,
1776 1577 1904 1624 quae
1929 1575 1994 1623 34

149 1640 212 1688 de
239 1642 351 1688 Deo
376 1641 507 1688 dicta
533 1649 659 1699 sunt,
678 1642 743 1688 ad
768 1648 923 1688 totam
948 1640 1196 1704 pertinent
1213 1641 1507 1691 Trinitatem
1528 1651 1727 1706 propter
1752 1660 1902 1692 unam

149 1730 196 1768 et
221 1731 533 1770 coaeternam
560 1721 900 1782 substantiam,
929 1722 1031 1771 sive
1055 1722 1106 1771 in
1134 1725 1290 1783 Patre,
1314 1725 1414 1773 sive
1440 1725 1490 1771 in
1517 1723 1643 1774 Filio
1669 1723 1773 1773 eius
1800 1724 1902 1773 uni-

75 1830 125 1858 20
149 1801 315 1864 genito
342 1802 391 1850 in
417 1804 574 1852 forma
597 1802 707 1863 Dei,
729 1802 830 1852 sive
856 1803 907 1852 in
934 1805 1116 1868 Spiritu
1142 1814 1328 1864 sancto,
1353 1804 1437 1868 qui
1457 1822 1584 1853 unus
1602 1805 1810 1869 Spiritus
1827 1815 1900 1855 est

150 1883 245 1933 Dei
288 1884 442 1933 Patris
476 1894 524 1934 et
558 1884 667 1933 Filii
700 1885 804 1935 eius
839 1885 1090 1949 unigeniti.
1166 1888 1290 1936 Sunt
1315 1897 1363 1936 et
1389 1888 1635 1951 quaedam
1661 1888 1902 1937 vocabula
1924 1905 1987 1952 35

147 1982 206 2014 ex
248 1983 339 2015 usu
376 1976 544 2016 nostro
581 1969 644 2016 ad
683 1969 849 2016 Deum
887 1976 1098 2031 sumpta,
1126 1970 1190 2017 de
1220 1969 1455 2017 membris
1489 1970 1681 2029 nostris,
1710 1968 1811 2018 sive
1837 1971 1900 2019 de

147 2046 456 2096 inferioribus
476 2066 487 2107 3
524 2057 570 2097 et
597 2049 712 2111 quia
738 2050 788 2096 in
813 2047 1009 2112 propria
1027 2058 1200 2098 natura
1226 2049 1483 2098 invisibilis
1509 2059 1556 2099 et
1581 2049 1899 2114 incorporeus

146 2138 232 2187 est,
259 2146 348 2192 pro
373 2128 645 2178 efficientiis
665 2138 831 2178 tamen
852 2147 1110 2179 causarum
1131 2132 1181 2178 in
1201 2130 1309 2194 ipso
1335 2148 1496 2180 rerum
1517 2131 1706 2195 species
1721 2134 1899 2183 adscri-

71 2223 119 2262 25
146 2210 340 2270 buntur,
362 2220 413 2260 ut
440 2228 576 2260 more
595 2213 860 2260 locutionis
881 2221 1077 2261 nostrae
1098 2211 1286 2260 facilius
1308 2229 1360 2261 se
1380 2212 1542 2276 ipsum
1562 2213 1807 2264 insinuet:
1843 2226 1896 2265 ut

143 2291 258 2356 quia
282 2292 450 2341 omnia
474 2292 620 2353 videt,
640 2293 831 2343 dicatur
850 2295 1022 2342 oculus
1042 2312 1054 2354 3
1091 2303 1139 2343 et
1163 2304 1362 2358 propter
1387 2296 1524 2359 quod
1548 2294 1687 2344 audit
1712 2294 1894 2356 omnia,

143 2375 332 2423 dicatur
365 2374 493 2423 auris
511 2393 524 2436 3
560 2392 649 2439 pro
685 2392 745 2424 eo
777 2384 945 2425 autem
979 2378 1116 2439 quod
1149 2379 1395 2437 avertitur,
1422 2378 1644 2426 ambulat
1662 2396 1674 2438 3
1711 2395 1800 2441 pro
1833 2395 1894 2427 eo

142 2457 278 2518 quod
304 2466 505 2520 spectat,
531 2465 639 2506 stat.
710 2457 790 2506 Sic
816 2466 864 2506 et
889 2459 940 2506 in
964 2457 1138 2507 ceteris
1165 2459 1343 2507 horum
1369 2458 1610 2509 similibus
1635 2459 1699 2508 ab
1724 2461 1894 2509 huma-
1916 2470 1984 2529 36

199 2597 216 2622 1
249 2591 443 2626 creature
470 2585 508 2624 T
525 2587 626 2639 (non
652 2586 710 2639 V)
881 2602 905 2627 2
934 2601 1144 2628 summum
1163 2589 1263 2639 quia
1285 2589 1320 2629 C
1472 2603 1497 2640 3
1529 2588 1719 2641 quidem]
1740 2588 1812 2639 qui
1840 2588 1889 2626 Tl

143 2640 245 2690 (non
271 2639 330 2692 V)
459 2647 603 2691 potest
625 2654 721 2681 esse
741 2641 788 2680 K
911 2656 935 2691 4
968 2643 1083 2683 Deus
1105 2658 1189 2684 om.
1212 2644 1259 2683 K
1366 2657 1390 2694 5
1421 2643 1637 2696 credatur]
1660 2646 1827 2683 dicatur
1846 2642 1893 2681 K

139 2694 219 2734 dic.
241 2701 306 2734 est
327 2695 478 2747 (delet.)
500 2695 602 2745 spir.
624 2701 689 2736 est
709 2697 818 2746 sign.
840 2699 1121 2737 substantiam
1142 2697 1189 2737 K
1328 2713 1349 2749 7
1381 2700 1611 2750 potentiam
1632 2698 1679 2737 K
1696 2700 1799 2751 <non
1820 2698 1886 2748 A)

137 2749 163 2786 8
192 2755 408 2788 coartatur
434 2749 472 2788 T
487 2751 589 2802 (non
615 2751 670 2802 V)
784 2752 905 2804 quia]
926 2754 1038 2802 quod
1062 2752 1098 2791 C
1115 2755 1218 2806 (non
1238 2753 1302 2805 A)
1414 2755 1453 2794 ei
1474 2768 1556 2794 om.
1581 2754 1630 2793 C¹
1785 2766 1811 2802 9
1842 2758 1886 2791 ut

137 2808 279 2843 tamen
298 2803 345 2843 K
482 2817 532 2843 10
561 2810 627 2844 est
649 2805 775 2857 perfi]
797 2808 1058 2857 inperfectus
1077 2807 1124 2845 K
1271 2821 1318 2847 12
1348 2822 1422 2859 qu.
1443 2810 1485 2848 in
1508 2811 1548 2848 id
1569 2808 1616 2846 K
1723 2807 1888 2846 effabile

144 2856 197 2898 T:
230 2858 456 2898 ineffabilis
476 2858 537 2897 Κ1
651 2872 699 2908 13
731 2861 951 2914 quoniam]
974 2875 1081 2912 quae
1101 2862 1143 2900 Β
1257 2875 1304 2912 15
1337 2870 1442 2903 trax.
1463 2869 1506 2903 et
1526 2863 1619 2915 ipse
1641 2869 1684 2901 et
1711 2861 1764 2900 Γ)
1785 2861 1887 2913 (non

142 2911 182 2948 V
189 2913 205 2964 )
320 2916 370 2952 16
399 2926 458 2954 eS.
474 2914 526 2954 al.
546 2927 613 2965 po.
641 2914 718 2953 TV
825 2927 875 2966 19
905 2918 996 2956 eius
1018 2930 1100 2958 om.
1118 2916 1165 2955 K
1271 2918 1440 2969 unigen.
1455 2919 1533 2959 for.
1553 2917 1602 2956 K
1708 2930 1762 2955 20
1792 2915 1885 2968 qui]

135 2966 232 3014 quia
252 2966 402 3020 T(non
422 2967 481 3020 V)
597 2970 783 3019 Spiritus
799 2983 882 3011 om.
898 2971 955 3009 Β1
1070 2985 1121 3010 22
1150 2971 1262 3024 sive]
1278 2973 1344 3010 vel
1361 2973 1409 3011 K
1516 2986 1567 3021 24
1602 2972 1825 3011 efficientis
1854 2971 1892 3010 T

135 3024 227 3059 ante
243 3023 469 3116 corrkgnon
497 3024 555 3075 V)
579 3038 588 3063 :
619 3025 853 3065 efficientes
874 3025 920 3065 K
1063 3027 1354 3067 adscribentur
1378 3027 1427 3067 Cl
1540 3029 1591 3067 28
1621 3031 1821 3077 expectat
1842 3026 1889 3066 K

137 3075 255 3115 Sicut
275 3083 317 3115 et
