2176 3424
1068 116 1342 164 ISIDORI

327 255 457 299 eum,
497 240 583 302 qui
620 242 769 290 dorso
806 242 910 291 eius
949 242 1172 292 insiderit
1190 262 1202 304 3
1245 261 1360 293 nam
1399 261 1562 294 rursus
1600 247 1704 309 ipse
1741 246 1825 309 qui
1862 257 2079 296 servatus

325 321 469 370 fuerit
494 324 744 373 consumit
769 334 959 387 patrem
985 345 993 374 ε
1033 327 1167 374 unde
1188 327 1415 375 homines
1443 327 1526 390 qui
1552 327 1686 377 bona
1710 337 1970 392 parentum
1992 346 2080 393 per

325 399 565 449 luxuriam
587 413 888 451 consumunt
905 414 1112 467 nepotes
1134 404 1378 454 dicuntur.
1444 405 1580 454 Hinc
1606 423 1806 470 quoque
1823 407 2079 471 nepotatio

208 497 303 545 194
326 498 415 544 pro
440 483 630 532 luxuria
649 484 862 548 ponitur,
883 503 981 549 qua
1001 495 1131 535 certe
1151 503 1379 550 quaeque
1395 503 1470 536 res
1487 498 1859 537 consumuntur.
1912 488 2076 553 Niger,

325 564 464 627 quasi
490 565 725 629 nubiger:
764 567 880 630 quia
904 585 1007 616 non
1035 585 1247 628 serenus,
1277 570 1365 618 sed
1396 569 1536 618 fusco
1567 578 1780 633 opertus.
1853 572 2001 619 Vnde
2032 580 2080 620 et
2103 584 2124 624 5

326 646 552 695 nubilum
579 647 711 696 diem
737 658 917 697 tetrum
944 649 1170 699 dicimus.

1176 743 1221 792 O

208 825 304 875 195
466 822 801 883 Orthodoxus,
826 832 987 872 rectae
1012 824 1209 887 gloriae.
1261 825 1439 874 Orator
1463 824 1527 873 ab
1553 841 1637 874 ore
1657 835 1873 885 vocatus,
1891 842 1919 874 a
1945 843 2081 889 pero·

200 896 302 956 196
326 903 482 950 rando
502 905 798 963 nominatus,
828 904 878 954 id
905 915 978 954 est
1004 905 1251 967 (licend03
1288 923 1403 955 nam
1430 923 1566 955 orare
1592 906 1756 956 dicere
1775 916 1861 956 est.
1913 908 2078 957 Obau-

326 982 483 1043 diens‚
522 984 586 1032 ab
629 1002 758 1044 aure,
802 1003 862 1034 eo
906 988 1041 1049 quod
1085 987 1254 1036 audiat
1294 989 1633 1051 imperantem.
1722 990 1896 1053 OspeS‚
1940 991 2076 1052 quod
2104 1004 2153 1033 10

325 1065 500 1114 inferat
515 1065 641 1115 ostio
662 1069 857 1130 pedem.
932 1071 1104 1132 Ospes,
1128 1069 1297 1131 facilis,
1326 1079 1468 1134 aptus
1488 1080 1536 1119 et
1562 1072 1690 1119 ostio
1714 1080 1887 1134 patens
1908 1090 1917 1120 :
1943 1074 2078 1121 unde

215 1157 311 1207 197
326 1156 374 1195 et
394 1147 615 1210 ospitalis
636 1150 790 1197 homo
816 1149 1009 1199 dicitur.
1083 1153 1224 1212 Osor,
1254 1151 1497 1212 inimicus,
1526 1153 1590 1201 ab
1616 1152 1734 1202 odio
1759 1154 1934 1214 dictus,
1954 1153 2079 1202 sicut

325 1238 519 1278 amator
557 1230 622 1278 ab
660 1247 863 1292 amore3
901 1242 948 1280 et
988 1242 1061 1281 est
1099 1233 1290 1296 generis
1329 1234 1623 1283 communis.
1698 1234 1927 1295 Odibilis,
1962 1235 2079 1285 odio

324 1319 482 1374 aptus.
558 1311 779 1372 Obsstus,
809 1313 1054 1374 obsessus,
1089 1314 1140 1364 id
1174 1324 1247 1364 est
1281 1315 1504 1379 undique
1534 1315 1724 1365 insidiis
1755 1319 2075 1366 convallatus.

206 1385 301 1444 198
326 1392 603 1454 Obscenus,
623 1393 826 1457 inpurae
847 1394 1080 1456 libidinis,
1099 1415 1128 1445 a
1147 1396 1266 1446 vitio
1284 1398 1566 1448 Obscorum
1587 1397 1762 1447 dictus.
1801 1399 2077 1460 Obtunsus‚
2105 1413 2150 1453 15

325 1474 551 1523 hebetior
585 1485 632 1523 et
671 1475 935 1537 obclusior,
965 1478 1105 1540 quasi
1139 1496 1197 1527 ex
1230 1479 1365 1528 omni
1400 1490 1536 1543 parte
1572 1489 1758 1529 tunsus.
1833 1480 2074 1541 Obnixus,

325 1556 635 1605 contranisus
662 1567 709 1606 et
735 1558 1080 1608 conabundus.
1157 1561 1411 1622 Obnexus,
1441 1563 1556 1624 quia
1580 1561 1824 1626 obligatus
1850 1571 1923 1611 est
1948 1562 2078 1611 nexi·

200 1648 301 1696 199
326 1636 418 1685 bus
467 1640 655 1702 culpae.
729 1641 1032 1702 Oblectator‚
1086 1642 1226 1705 quasi
1275 1661 1389 1692 cum
1437 1646 1577 1703 lacte,
1627 1661 1742 1693 cum
1786 1646 1971 1704 fraude,
2023 1654 2075 1693 ut

325 1719 587 1769 Terentius
616 1721 789 1785 (Andr.
811 1722 928 1787 648)
955 1744 963 1773 :

779 1804 886 1853 Nisi
927 1823 1006 1854 me
1046 1808 1278 1855 lactasses
1314 1817 1583 1855 amantem.
2102 1823 2152 1850 20

325 1885 474 1933 Vnde
510 1894 558 1933 et
588 1885 838 1935 oblectare
871 1886 1060 1936 dictum
1098 1898 1185 1937 est.
1260 1888 1590 1948 Obtrectator,
1624 1888 1867 1952 malignus
1902 1897 1950 1937 et
1989 1891 2073 1952 qui

325 1965 735 2030 obstringillando
761 1969 1126 2032 officiendoque
1159 1986 1262 2019 non
1292 1970 1418 2019 sinat
1451 1970 1736 2034 quempiam
1770 1970 1994 2034 progredi
2027 1980 2075 2020 et

195 2060 302 2097 200
325 2065 602 2112 augescere.
695 2051 873 2111 Orbus,
926 2053 1063 2114 quod
1111 2052 1293 2101 liberos
1342 2071 1445 2102 non
1493 2053 1644 2102 habet
1664 2071 1678 2114 3
1731 2052 1870 2115 quasi
1918 2052 2073 2102 oculis

325 2130 529 2179 amissis.
620 2131 813 2194 Opifex,
853 2135 991 2195 quod
1029 2151 1153 2197 opus
1191 2134 1336 2183 faciat
1372 2124 1589 2198 aliquod.
1678 2134 1845 2199 Opilio
1883 2132 2072 2201 [custos

326 2210 517 2278 ovium]
549 2210 738 2278 [ovium
765 2223 931 2277 pastor
956 2214 1097 2278 quasi
1122 2214 1311 2282 ovilio}
2099 2229 2149 2269 25

1177 2310 1216 2355 P

206 2401 301 2438 201
462 2388 699 2447 Prudens,
720 2390 858 2451 quasi
879 2406 1025 2452 porro
1042 2388 1229 2439 videns.
1293 2389 1584 2453 Praespicax
1605 2399 1678 2439 est
1699 2389 1832 2439 enim
1854 2398 1902 2440 et
1923 2391 2073 2439 incer-

386 2528 402 2553 1
436 2529 516 2565 quo
538 2517 626 2556 dor.
658 2517 694 2554 T
797 2519 967 2558 dorsum
988 2518 1058 2558 K:
1089 2532 1156 2558 -su
1186 2517 1234 2557 Tl
1390 2534 1415 2559 2
1445 2526 1665 2560 consumet
1689 2519 1768 2560 CT
1917 2520 2015 2571 quia
2044 2520 2081 2559 T

326 2583 352 2620 3
369 2583 533 2620 quaque
549 2571 591 2609 Β
697 2574 722 2611 8
745 2572 866 2612 Orth.
883 2587 968 2614 rec.
989 2574 1070 2624 glo.
1087 2578 1182 2625 post
1200 2574 1341 2613 dicere
1363 2581 1428 2614 est
1457 2574 1493 2612 T
1586 2575 1845 2625 periorando
1874 2574 1913 2614 T
1986 2589 2013 2624 9
2030 2575 2071 2614 id

329 2625 415 2677 est]
437 2626 536 2664 inde
566 2626 604 2663 T
720 2640 764 2666 11
788 2627 866 2668 fac.
891 2635 1067 2680 apertus
1087 2628 1129 2667 Β
1252 2641 1301 2678 13
1331 2642 1479 2670 comm.
1507 2630 1621 2669 Osor
1639 2631 1711 2680 qui
1735 2630 1823 2669 odit
1845 2635 1887 2669 et
1906 2629 1958 2669 ab
1977 2630 2071 2669 aliis

328 2681 468 2719 oditur
485 2680 635 2732 C(non
656 2680 872 2734 AIUVX)
1014 2684 1154 2722 Odilis
1175 2682 1245 2722 K:
1278 2684 1477 2723 Odhbilis
1496 2684 1538 2722 A
1563 2688 1612 2724 ut
1628 2685 1708 2725 vid.
1853 2697 1901 2734 14
1917 2684 2072 2724 habtus

330 2735 397 2774 K:
428 2735 597 2774 habitus
621 2736 674 2775 C:
705 2737 842 2776 abitus
870 2736 928 2776 TI
1013 2738 1192 2778 vallatus
1210 2738 1252 2776 Β
1391 2751 1438 2789 15
1469 2740 1646 2779 obscuro
1668 2737 1815 2778 BCIK
1919 2738 2071 2778 dicitur

330 2788 372 2827 K
539 2792 589 2829 16
608 2790 741 2843 obcl.]
764 2793 985 2832 obtunsior
1004 2793 1046 2832 Β
1156 2793 1370 2845 obnixus]
1394 2794 1606 2833 Obnexus
1625 2794 1666 2832 B
1826 2806 1872 2842 17
1903 2799 2069 2833 contra-

329 2858 469 2884 nexus
487 2845 528 2884 Β
705 2846 934 2900 Obnexus]
958 2844 1155 2887 Obnixus
1179 2847 1243 2886 T:
1275 2848 1502 2888 Obnoxius
1520 2847 1625 2888 BCI
1812 2853 1877 2887 est
1896 2848 1976 2887 obl.
2001 2848 2069 2887 B:

328 2899 535 2939 oblicatus
556 2900 659 2952 (om.
685 2901 768 2953 est)
792 2900 839 2940 K
943 2915 992 2941 21
1027 2903 1243 2942 oblactere
1265 2903 1301 2942 C
1460 2904 1595 2943 dictus
1613 2901 1654 2941 Β
1818 2903 1890 2952 qui
1912 2915 1994 2942 om.
2021 2902 2071 2942 Cl

330 2967 382 2992 22
412 2955 632 2994 efficiendo
653 2968 735 2994 non
756 2955 806 2995 Cl
1036 2957 1178 2997 sinant
1198 2961 1246 2995 ut
1262 2956 1346 2997 vid.
1376 2957 1412 2995 T
1413 2957 1427 2984 1
1646 2956 1845 3008 pergredi
1866 2961 1914 2996 ut
1930 2957 2010 2998 vid.
2041 2956 2078 2996 T

330 3021 383 3057 24
413 3010 512 3050 facit
540 3009 577 3048 T
684 3010 796 3061 Opil.
819 3015 912 3050 ante
932 3012 1049 3062 Opis.
1071 3011 1114 3050 Β
1135 3013 1239 3064 (non
1258 3013 1306 3062 I)
1326 3026 1334 3051 :
1356 3012 1500 3052 Obilio
1522 3011 1562 3051 A
1582 3024 1592 3050 ε
1622 3025 1704 3052 om.
1729 3009 1775 3051 K
1891 3025 1978 3052 cus.
2001 3025 2068 3052 ov.

329 3063 423 3102 hab.
446 3064 490 3103 -Α
602 3076 653 3115 25
684 3077 749 3104 ov.
770 3078 861 3116 pas.
883 3080 950 3117 qu.
975 3079 1046 3106 ov.
1061 3066 1153 3108 hab.
1174 3067 1209 3107 C
1216 3066 1295 3105 TX
1346 3079 1414 3117 qu.
1431 3066 1558 3106 obilio
1579 3066 1629 3107 Cl
1713 3078 1762 3116 27
1792 3065 2071 3118 perspicaxB
