2176 3424
516 126 1146 175 ETYMOLOGIARVM
1189 128 1320 174 LIB.
1359 128 1507 175 VIII.
1546 127 1591 175 xi

148 266 371 315 homines
396 265 604 329 primum
633 266 787 312 factos
814 281 919 313 esse
939 266 1228 328 confingunt
1248 266 1449 328 figurate
1470 273 1667 328 propter
1687 266 1882 329 effigies.

145 350 293 411 Apud
326 349 542 397 Graecos
578 355 743 395 autem
780 346 1011 410 CecropS,
1041 348 1133 396 sub
1167 364 1266 410 quo
1296 346 1509 411 primum
1540 347 1590 395 in
1623 364 1734 396 arce
1758 348 1886 397 oliva
1909 363 1944 410 9

144 439 248 478 orta
273 440 358 490 est,
381 439 428 478 et
447 429 826 478 Atheniensium
846 430 961 478 urbs
987 445 1045 478 ex
1067 429 1322 478 Minervae
1346 429 1676 492 appellatione
1700 447 1887 479 nomen

144 512 311 560 sortita
335 519 420 560 est.
496 511 597 559 Hic
632 511 817 575 primus
854 511 1077 560 omnium
1116 513 1287 560 Iovem
1322 513 1600 575 appellavit,
1629 511 1887 560 simulacra
1910 522 1968 557 10

98 613 120 652 5
143 594 367 656 repperit,
388 610 493 642 aras
519 593 698 652 statuit,
723 593 943 641 victimas
970 593 1237 654 inmolavit,
1266 610 1581 657 nequaquam
1607 591 1887 643 istiusmodi

142 675 287 723 rebus
330 675 380 722 in
423 674 629 724 Graecia
664 692 902 738 umquam
927 675 1053 724 visiS.
1129 675 1363 724 Idolatria
1400 676 1644 725 idolorum
1681 676 1885 725 servitus
1908 689 1953 723 11

143 758 242 805 sive
268 758 456 805 cultura
480 756 831 820 interpretatur.
885 759 1014 805 Nam
1042 759 1231 821 λατρεία
1256 758 1459 819 Graece,
1483 757 1657 807 Latine
1683 757 1887 807 servitus

144 837 334 899 dicitur,
354 855 479 901 quae
504 849 744 901 quantum
771 841 834 888 ad
853 856 1015 888 veram
1042 840 1326 903 religionem
1354 839 1558 900 adtinet,
1578 842 1776 889 nonnisi
1803 839 1889 888 uni

146 930 194 970 et
220 922 309 970 soli
336 923 444 970 Deo
470 921 689 970 debetur.
759 924 909 970 Hanc
935 922 1060 971 sicut
1086 922 1220 986 inpia
1245 921 1474 986 superbia
1500 922 1601 972 sive
1626 921 1887 971 hominum
1910 927 1964 962 12

73 1022 123 1050 10
147 1002 246 1051 sive
273 1004 571 1052 daemonum
600 1002 691 1051 sibi
718 1002 935 1052 exhiberi
960 1006 1037 1053 vel
1063 1004 1200 1053 iubet
1224 1006 1300 1053 vel
1325 1006 1475 1067 cupit,
1503 1004 1570 1053 ita
1594 1004 1674 1068 pia
1699 1004 1891 1053 humili-

145 1095 217 1132 tas
242 1086 318 1132 vel
342 1084 599 1133 hominum
616 1087 693 1133 vel
711 1087 998 1148 angelorum
1019 1095 1300 1135 sanctorum
1322 1086 1412 1134 sibi
1440 1086 1657 1134 oblatam
1683 1096 1888 1146 recusat,

144 1174 191 1213 et
217 1167 294 1213 cui
320 1166 529 1215 debetur
554 1167 783 1215 ostendit.
857 1169 1054 1216 Idolum
1089 1178 1254 1216 autem
1289 1178 1362 1217 est
1395 1168 1711 1217 simulacrum
1754 1171 1891 1232 quod
1913 1180 1967 1226 13

145 1249 361 1296 humana
386 1248 542 1311 effigie
568 1250 750 1297 factum
777 1258 824 1298 et
850 1259 1192 1298 consecratum
1225 1260 1309 1310 est,
1339 1250 1472 1298 iuxta
1498 1251 1726 1299 vocabuli
1751 1251 1894 1299 inter-

145 1332 485 1392 pretationem.
559 1332 696 1382 Εἶδος
729 1331 860 1380 enim
898 1333 1087 1381 Graece
1122 1333 1329 1380 formam
1367 1342 1525 1392 sonat,
1552 1343 1600 1382 et
1633 1333 1697 1381 ab
1723 1350 1783 1382 eo
1809 1351 1895 1397 per

75 1428 119 1469 15
145 1412 523 1462 diminutionem
542 1412 730 1462 idolum
752 1415 1022 1462 deductum
1044 1431 1200 1477 aeque
1219 1416 1353 1476 apud
1374 1432 1464 1462 nos
1480 1417 1742 1463 formulam
1762 1415 1891 1464 facit.

149 1493 301 1556 Igitur
326 1494 486 1542 omnis
513 1497 668 1543 forma
693 1497 768 1544 vel
794 1497 1002 1543 formula
1028 1497 1215 1544 idolum
1244 1513 1295 1545 se
1328 1496 1425 1544 dici
1461 1497 1693 1560 exposcit.
1767 1499 1892 1546 Inde
1917 1506 1972 1554 14

150 1574 370 1624 idolatria
412 1576 573 1624 omnis
621 1579 749 1625 circa
796 1594 997 1626 ornnem
1048 1577 1236 1626 idolum
1280 1579 1543 1627 famulatus
1586 1589 1633 1628 et
1673 1580 1891 1630 servitus

152 1656 367 1718 Quidam
403 1676 518 1707 vero
545 1659 706 1707 Latini
743 1659 1022 1722 ignorantes
1053 1661 1241 1708 Graece
1275 1659 1482 1723 inperite
1508 1660 1679 1710 dicunt
1705 1661 1894 1711 idolum

151 1755 208 1786 ex
251 1740 368 1788 dolo
411 1740 679 1803 sumpsisse
727 1758 925 1801 nomen,
962 1743 1097 1803 quod
1146 1741 1374 1790 diabolus
1414 1752 1664 1792 creaturae
1707 1746 1895 1793 cultum

75 1837 126 1866 20
151 1819 302 1868 divini
330 1821 542 1870 nominis
569 1821 762 1871 invexit.
814 1825 1100 1871 Daemonas
1125 1840 1154 1871 a
1170 1823 1371 1872 Graecis
1397 1824 1557 1873 dictos
1582 1826 1733 1885 aiunt,
1757 1828 1895 1888 quasi
1920 1841 1972 1889 15

151 1903 392 1966 δαήμονας,
422 1904 472 1952 id
498 1913 569 1952 est
594 1904 775 1968 peritos
802 1922 859 1953 ac
885 1922 1045 1954 rerum
1072 1905 1212 1954 scios.
1265 1906 1551 1955 Praesciunt
1577 1907 1709 1956 enim
1735 1910 1896 1956 futura

150 1987 318 2044 multa,
346 1987 479 2034 unde
516 1995 563 2034 et
601 1988 759 2034 solent
795 2003 1030 2050 responsa
1065 1987 1229 2050 aliqua
1266 1989 1396 2036 dare.
1471 1991 1607 2037 Inest
1641 1989 1772 2038 enim
1804 1990 1896 2038 illis
1920 1997 1978 2043 16

153 2066 369 2129 cognitio
394 2083 553 2115 rerum
580 2069 687 2130 plus
714 2085 862 2130 quarn
889 2068 1154 2117 infirmitati
1181 2071 1441 2129 humanae,
1470 2072 1646 2133 partim
1682 2072 1898 2122 subtilio-

153 2147 214 2195 ris
241 2166 412 2198 sensus
435 2149 678 2210 acumine,
700 2149 875 2212 partim
902 2150 1199 2213 experientia
1224 2151 1538 2215 longissimae
1557 2153 1698 2214 vitae,
1721 2157 1895 2217 partim

82 2241 130 2281 25
156 2246 240 2292 per
267 2230 360 2279 Dei
395 2230 580 2279 iussum
615 2231 835 2294 angelica
871 2231 1180 2281 revelatione.
1256 2233 1326 2280 Hi
1361 2250 1622 2297 corporum
1655 2236 1895 2285 aeriorum

157 2322 327 2360 natura
352 2314 528 2375 vigent.
595 2315 723 2361 Ante
748 2313 1183 2376 transgressionem
1211 2314 1413 2377 quidem
1439 2316 1668 2365 caelestia
1693 2335 1899 2382 corpora
1923 2331 1974 2380 17

156 2394 404 2456 gerebant.
479 2397 625 2458 Lapsi
652 2412 766 2445 vero
791 2398 841 2443 in
865 2395 1044 2444 aeriam
1072 2395 1357 2458 qualitatem
1392 2399 1615 2447 conversi
1649 2410 1777 2459 sunt,
1806 2417 1897 2449 nec

155 2477 278 2524 aeris
322 2476 447 2524 illius
490 2477 685 2540 puriora
726 2479 896 2541 spatia,
925 2479 1012 2526 sed
1051 2477 1142 2526 ista
1179 2480 1444 2541 caliginosa
1476 2489 1644 2530 tenere
1676 2482 1897 2545 permissi

218 2622 234 2646 1
269 2608 431 2657 figurae
456 2607 490 2645 C
594 2621 618 2645 2
649 2621 720 2647 are
741 2607 794 2647 ol.
817 2609 874 2648 T:
905 2613 996 2647 arte
1017 2609 1058 2646 in
1079 2608 1193 2647 oliba
1215 2608 1265 2647 Ο
1375 2622 1400 2658 3
1424 2623 1462 2650 ο.
1483 2617 1547 2650 est
1568 2619 1610 2651 et
1631 2613 1897 2652 haniensium

159 2661 275 2702 urbis
300 2663 337 2700 T
452 2677 476 2711 4
506 2669 606 2702 sort.
630 2669 696 2701 est
716 2676 798 2702 om.
827 2663 864 2702 T
968 2675 992 2712 5
1022 2662 1205 2702 istimodi
1227 2663 1272 2700 K
1380 2677 1402 2713 7
1433 2666 1523 2704 sive
1544 2680 1626 2707 om.
1659 2666 1696 2704 T
1800 2680 1896 2705 nam

162 2717 352 2756 idolatria
373 2716 445 2755 Gr.
472 2716 521 2755 Cl
631 2718 656 2755 8
675 2718 898 2769 quantum]
919 2730 1043 2767 quam
1060 2717 1119 2754 Kl
1235 2731 1283 2757 ro
1303 2718 1407 2770 sibi]
1425 2719 1514 2759 sive
1531 2721 1579 2759 C1
1695 2735 1739 2760 11
1761 2729 1895 2762 sanct.

160 2785 256 2821 ang.
275 2771 320 2809 K
335 2772 436 2822 <non
452 2771 516 2822 A)
614 2784 661 2809 12
682 2778 820 2811 autem
837 2786 916 2811 om.
948 2773 1000 2811 T1
1087 2784 1133 2821 15
1156 2772 1472 2813 diminationem
1491 2775 1540 2814 Cl
1559 2791 1566 2817 :
1591 2777 1897 2815 divinationem

163 2825 259 2864 ΚΜ
463 2826 672 2865 idolorum
694 2826 763 2866 M:
794 2828 963 2866 idodum
987 2827 1055 2872 (ex
1073 2827 1174 2865 -lum
1196 2833 1243 2865 ut
1259 2828 1363 2877 vid.)
1393 2829 1445 2868 T2
1631 2830 1783 2869 dictum
1806 2830 1902 2869 KM

163 2887 288 2931 atque
311 2881 419 2932 (ad-)
444 2880 572 2920 CKM
592 2883 692 2933 (non
715 2881 780 2933 A)
975 2883 1134 2921 faciunt
1154 2881 1248 2920 KM
1451 2886 1499 2922 16
1531 2884 1631 2923 Ideo
1652 2884 1811 2934 K(non
1831 2886 1894 2935 A)

168 2949 216 2985 19
235 2948 318 2986 quo
339 2936 501 2976 diab.B
661 2948 709 2973 21
743 2934 956 2988 δαήμονας]
978 2935 1229 2976 ἀεῐῐιῃεικεΒ
1250 2951 1258 2976 :
1289 2938 1464 2977 demnas
1485 2938 1607 2978 C1K:
1636 2941 1843 2979 demonas
1868 2939 1906 2979 T

166 2990 425 3043 praesciunt]
449 2991 587 3030 sciunt
606 2991 796 3030 Lactant.
823 2991 914 3031 inst.
938 3005 976 3043 2,
1003 3005 1064 3043 14,
1087 2995 1114 3030 6
1286 3005 1338 3042 23
1369 2993 1613 3032 infirmitate
1632 2994 1674 3032 Β
1803 2995 1896 3033 sub-

166 3044 326 3082 tiliores
347 3046 450 3096 (pro
471 3046 544 3084 -ris
561 3044 596 3095 (²)
618 3044 687 3084 K:
718 3046 769 3083 -ri
790 3044 909 3085 BCT
1149 3047 1202 3083 26
1231 3047 1402 3096 vigente
1423 3047 1468 3085 K
1671 3049 1839 3098 quidam
1869 3049 1905 3087 T

166 3100 217 3136 28
247 3099 388 3149 priora
414 3100 451 3138 T
638 3101 832 3150 permissi
856 3100 996 3140 CDT:
1028 3100 1220 3152 perpessi
1241 3101 1327 3139 ΒΚ
