2176 3424
372 112 1005 161 ETYMOLOGIARVM
1044 112 1176 159 LIB.
1209 112 1348 158 XIX.
1387 110 1543 168 xxviii,
1572 112 1678 158 xxix

140 252 290 291 teum.
368 243 589 290 Blavum.
666 239 967 289 Mesticium.
1047 240 1309 301 Osticium,
1339 239 1454 302 quia
1480 256 1536 288 ex
1563 250 1674 288 usto
1700 248 1773 288 est
1792 257 1804 299 3
1841 241 1893 287 fit
1919 249 1954 295 9

142 326 274 373 enim
301 341 359 373 ex
383 322 687 386 dependenti
713 321 914 386 fuligine
945 331 1187 371 tectorum
1223 330 1388 384 egesta
1423 321 1632 370 assiduis
1667 320 1892 383 ignibus:

141 407 275 454 unde
301 414 348 454 et
373 406 507 452 color
532 403 755 453 eiusdem
782 403 1023 452 tincturae
1049 404 1305 452 flammeus
1331 411 1419 452 est.

279 490 360 535 DE
398 501 785 534 INSTRVMENTIS
823 500 1066 534 VESTIVM.
1137 487 1261 533 Tela
1285 501 1373 547 pro
1398 484 1707 548 longitudine
1733 483 1895 532 stami-
1920 492 2073 531 XXIX

94 591 116 632 5
142 587 262 618 num
293 558 438 629 dicta,
475 569 614 616 cuius
649 566 959 616 dirivativum
991 576 1064 615 est
1097 568 1277 615 telaria.
1353 565 1594 629 Insubuli,
1624 567 1740 629 quia
1772 565 1894 613 infra

141 662 188 701 et
214 668 359 715 supra
384 660 510 710 sunt,
539 652 615 698 vel
641 649 756 712 quia
779 648 1137 697 insubulantur.
1213 647 1360 696 Radii
1387 647 1506 696 dicti
1532 647 1646 713 quia
1672 648 1894 695 radendo

141 735 278 782 fiunt.
353 732 592 790 Pectines,
612 732 748 794 quod
775 747 898 793 pexa
914 732 994 778 fila
1017 731 1226 779 reddant
1256 739 1304 778 et
1329 729 1623 792 inpremant.
1697 730 1892 788 Colum,
1920 745 1950 779 2

145 817 281 878 quod
307 814 367 863 sit
392 813 442 861 in
467 812 776 876 longitudine
802 821 850 860 et
875 813 1178 861 rotunditate
1204 811 1343 874 quasi
1369 813 1618 860 columna.
1693 812 1893 869 Fusum,

145 895 280 956 quod
306 910 391 956 per
414 891 575 954 ipsum
606 892 838 939 fundatur
867 892 1003 953 quod
1034 900 1206 939 netum
1237 899 1325 938 est.
1398 889 1640 948 Alibrum‚
1670 890 1807 951 quod
1844 887 1894 936 in

72 994 122 1024 10
143 990 203 1022 eo
228 973 495 1022 liberantur
531 974 623 1032 fila,
662 972 712 1020 id
749 980 823 1021 est
859 973 1121 1020 solvantur.
1195 972 1459 1021 Calathum
1498 972 1604 1020 leve
1640 979 1894 1033 gestamen
1921 983 1951 1029 3

143 1073 201 1104 ex
237 1054 338 1104 lino
371 1056 446 1103 vel
476 1070 633 1102 canna
661 1063 745 1102 aut
779 1071 837 1102 ex
873 1053 1022 1102 iunco
1058 1055 1256 1113 facturn,
1293 1055 1343 1101 in
1380 1069 1478 1115 qua
1510 1053 1586 1100 vel
1623 1068 1775 1115 pensa
1813 1068 1896 1114 po-

141 1145 324 1185 nuntur
348 1138 423 1184 vel
449 1138 675 1199 leguntur
701 1137 842 1184 flores
863 1154 874 1195 3
912 1139 1033 1184 κᾶλα
1058 1134 1189 1184 enim
1211 1136 1399 1184 Graece
1424 1134 1611 1197 lignum
1633 1144 1719 1193 est,
1738 1151 1767 1181 a
1792 1150 1893 1196 quo

140 1217 400 1266 dirivatum
418 1226 490 1266 est
509 1218 771 1266 calathum.
834 1219 964 1266 Nam
993 1217 1167 1265 Latine
1187 1216 1450 1280 quasillum
1470 1216 1662 1265 dicitur.
1716 1217 1893 1265 Cicero

143 1300 191 1347 in
220 1299 506 1363 Philippicis
533 1299 597 1363 (3,
627 1299 706 1363 10)
730 1320 738 1348 :
780 1302 901 1348 ‘Aut
918 1316 1033 1348 vero
1054 1299 1179 1347 inter
1205 1298 1410 1362 quasilla
1427 1300 1672 1361 pendatur
1691 1299 1896 1345 aurum.'

70 1400 117 1442 15
144 1385 360 1431 Pensum
386 1381 645 1430 mulierum
672 1398 700 1429 a
726 1383 994 1444 pendendo
1009 1381 1197 1430 dictum
1221 1399 1234 1440 ,-
1269 1382 1403 1429 unde
1424 1397 1578 1443 pensa
1603 1389 1650 1428 et
1675 1379 1897 1442 inpensa.
1923 1390 1955 1435 4

146 1464 344 1512 Netum.
421 1462 524 1511 Fila
550 1464 681 1511 dicta
715 1465 791 1511 vel
817 1462 932 1526 quia
969 1480 1028 1511 ex
1057 1462 1167 1525 pilis
1199 1461 1486 1510 animalium
1514 1471 1641 1521 sunt,
1672 1463 1747 1509 vel
1784 1460 1899 1523 quia
1922 1468 1953 1519 5

143 1545 408 1593 lanificium
428 1545 519 1593 filis
545 1544 776 1594 tenuibus
802 1554 996 1593 constat
1023 1546 1074 1592 in
1099 1545 1306 1592 modum
1326 1543 1552 1606 pilorum,
1582 1542 1633 1591 id
1660 1552 1733 1591 est
1758 1542 1897 1605 quasi

145 1625 350 1671 filorum.
415 1625 614 1671 Mataxa
640 1625 779 1686 quasi
801 1632 1006 1682 metaxa,
1029 1640 1058 1671 a
1076 1622 1281 1670 circuitu
1303 1621 1489 1670 scilicet
1514 1623 1708 1669 filorum
1734 1639 1745 1681 3
1781 1637 1896 1668 nam
1924 1626 1958 1672 6

146 1715 277 1753 meta
302 1705 563 1764 circuitus3
612 1707 688 1752 vel
726 1706 862 1767 quod
899 1706 1226 1753 transferatur.
1301 1703 1573 1752 Gubellum
1608 1712 1834 1765 corrupte
1870 1719 1898 1750 a

71 1808 122 1836 20
145 1788 294 1850 globo
331 1786 518 1835 dictum
551 1804 636 1851 per
673 1786 1070 1845 diminutionem,
1108 1785 1247 1849 quasi
1284 1785 1568 1849 globellum.
1646 1783 1892 1844 Panuliae,
1930 1795 1958 1844 7

144 1869 279 1930 quod
303 1865 408 1934 [ex]
431 1867 499 1916 eis
524 1867 675 1931 panni
712 1877 937 1916 texantur
955 1887 966 1928 3
1002 1870 1135 1930 ipsae
1161 1867 1293 1916 enim
1319 1867 1596 1916 discurrunt
1621 1883 1707 1929 per
1732 1868 1894 1914 telam.

147 1951 348 1998 Stamen
391 1949 578 1998 dictum
627 1950 742 2013 quia
790 1960 976 1998 rectum
1028 1959 1136 1998 stat.
1209 1952 1405 2008 Trama‚
1457 1950 1593 2010 quod
1642 1947 1719 1996 via
1765 1957 1898 1996 recta

148 2033 503 2080 transmittatur
536 2048 622 2095 per
655 2033 800 2080 telam
824 2051 836 2091 3
889 2041 962 2081 est
997 2031 1128 2081 enim
1165 2032 1274 2079 filus
1308 2030 1434 2079 intra
1465 2040 1655 2078 stamen
1682 2046 1896 2078 currens,

206 2179 222 2203 1
258 2163 437 2202 Blabum
454 2162 767 2202 BCDETUV:
799 2163 965 2201 balbum
987 2163 1033 2201 K
1189 2163 1311 2202 Mest.
1335 2166 1430 2201 ante
1459 2161 1632 2199 Blabum
1664 2161 1897 2206 TUV(non

148 2219 249 2266 DE)
273 2233 281 2257 ε
314 2219 548 2257 Mesticlum
571 2217 685 2256 BK:
716 2217 946 2256 Mestitium
967 2216 1010 2254 D
1032 2218 1132 2263 (non
1154 2217 1212 2268 E)
1441 2218 1536 2265 quia
1556 2215 1895 2256 BCDEFTUV:

147 2275 259 2324 quod
280 2272 325 2311 K
415 2286 439 2310 2
468 2278 615 2323 agesta
630 2271 671 2310 Β
771 2285 795 2321 3
826 2279 890 2311 est
906 2285 987 2312 om.
1015 2271 1052 2309 T
1158 2283 1181 2321 5
1211 2272 1307 2321 quia
1327 2272 1398 2310 inf.
1418 2270 1600 2309 BCTU:
1630 2271 1742 2320 quod
1764 2270 1837 2310 ins.
1855 2271 1901 2308 K

147 2332 173 2367 6
202 2329 268 2367 vel
298 2329 376 2367 ins.
398 2327 443 2365 K
632 2328 816 2366 radende
838 2326 893 2364 Β1
1117 2340 1138 2375 7
1171 2326 1369 2365 Pectinas
1390 2325 1436 2363 K
1626 2325 1753 2375 plexa
1773 2325 1904 2363 ΒΚΤ

148 2385 173 2422 8
204 2390 246 2422 et
267 2383 309 2421 in
332 2389 410 2422 rot.
435 2382 476 2420 K
615 2395 641 2431 9
670 2382 806 2432 ipsum
827 2380 972 2420 BCK:
1006 2394 1098 2419 eum
1128 2381 1165 2419 T
1348 2380 1511 2431 netum]
1533 2381 1789 2419 nectendum
1812 2379 1900 2418 KN

151 2441 253 2481 (non
279 2438 334 2488 U)
446 2438 593 2476 Aliber
611 2437 652 2474 E
820 2449 868 2474 10
898 2437 1104 2474 librantur
1127 2435 1174 2474 C¹
1199 2436 1302 2486 (non
1319 2435 1562 2485 D1EFNU)
1676 2435 1898 2473 solvuntur

156 2491 231 2530 TV
248 2493 350 2544 (non
377 2491 614 2542 UDEFN):
643 2491 870 2530 volvuntur
891 2491 1018 2529 Arev.
1196 2490 1389 2528 Calatum
1410 2489 1520 2529 codd.
1732 2501 1777 2527 11
1811 2489 1897 2528 lino

150 2547 258 2586 KT:
289 2547 404 2596 ligno
424 2545 506 2586 BC
638 2559 692 2584 ex
716 2559 795 2585 om.
828 2545 864 2583 T
996 2545 1039 2582 in
1060 2557 1142 2594 quo
1163 2544 1209 2583 K
1429 2557 1476 2582 12
1506 2550 1599 2583 καλ.
1624 2557 1692 2584 en.
1717 2543 1790 2582 Gr.
1811 2557 1894 2584 om.

150 2602 240 2640 KN
256 2600 356 2651 <non
382 2599 439 2648 U)
620 2613 667 2649 13
697 2601 875 2638 calatum
898 2599 1006 2638 codd.
1182 2612 1229 2648 14
1261 2600 1426 2648 integer
1446 2598 1492 2636 K
1659 2599 1898 2648 pendantur

149 2656 247 2695 BK:
277 2669 358 2695 om.
384 2654 419 2693 C
622 2667 725 2693 auro
746 2653 792 2692 K
1000 2655 1048 2692 16
1077 2653 1173 2703 quia
1194 2653 1372 2694 BCTU:
1405 2655 1518 2703 quod
1540 2653 1628 2691 KN
1832 2653 1894 2691 vel

149 2712 246 2760 quia
271 2739 279 2748 .
301 2740 311 2749 .
335 2740 344 2749 .
369 2711 548 2759 pilorum
570 2723 650 2748 om.
673 2707 761 2747 KN
779 2711 878 2758 (non
905 2708 966 2756 U)
1083 2721 1129 2757 19
1159 2708 1378 2759 circuitus]
1402 2708 1549 2747 circuit
1566 2706 1768 2757 KN(non
1797 2706 1896 2756 UV)

150 2766 353 2804 Iubellum
382 2764 479 2804 TV:
511 2765 728 2802 Lubellum
755 2764 820 2802 U:
851 2763 1091 2802 Globellum
1113 2761 1246 2800 BKN
1433 2776 1486 2802 20
1514 2761 1654 2813 globel
1676 2761 1765 2812 (sic)
1781 2761 1897 2800 KN:

151 2819 413 2869 globellicum
441 2820 478 2858 T
495 2820 596 2867 (non
623 2819 682 2868 U>
822 2831 868 2856 21
902 2831 956 2855 ex
975 2818 1066 2857 hab.
1092 2816 1196 2856 BT:
1226 2830 1308 2856 om.
1335 2816 1411 2856 CK
1549 2830 1601 2854 22
1630 2822 1792 2854 stamen
1821 2846 1831 2856 .
1856 2847 1864 2855 .
1888 2848 1896 2855 .

152 2883 229 2923 per
247 2875 372 2913 telam
394 2887 478 2914 om.
501 2873 553 2911 Cl
758 2873 856 2922 quia
877 2871 983 2910 KT:
1012 2872 1121 2922 quod
1143 2871 1184 2908 Β
1205 2872 1271 2923 (ex
1289 2873 1432 2922 corr.'.2)
1635 2870 1747 2920 quod
1770 2870 1810 2908 Β
1831 2872 1900 2921 (ex

152 2943 251 2970 corr.
266 2934 298 2981 ἵ)
330 2929 471 2970 TUV:
499 2932 597 2980 quia
618 2929 706 2968 KN
854 2927 923 2965 via
943 2939 1024 2966 om.
1052 2926 1142 2964 ΚΝ
1158 2927 1261 2978 <non
1286 2926 1383 2980 UV)
1563 2939 1615 2975 23
1644 2926 1901 2964 transmittat

153 2988 222 3027 K:
252 2994 342 3027 -ant
368 2988 411 3026 N
429 2990 529 3040 (non
556 2985 649 3036 UV)
763 2985 878 3023 filum
901 2983 982 3024 CK
