2228 3444
481 135 1112 184 ETYMOLOGIARVM
1155 134 1282 182 LIB.
1324 136 1443 181 VII.
1482 133 1545 191 iii,
1586 133 1632 182 iv

177 262 307 311 idem
337 262 431 330 [et]
454 262 556 312 tria.
633 266 693 311 In
720 273 892 313 natura
917 280 1086 324 unum,
1115 263 1164 311 in
1191 262 1412 326 personis
1438 262 1542 311 tria.
1619 266 1785 312 Vnum
1813 274 1919 327 pro-

172 354 279 406 pter
305 344 570 395 maiestatis
597 345 1016 406 communionem,
1038 345 1126 394 tria
1143 354 1341 409 propter
1361 362 1679 409 personarum
1706 345 1918 409 proprie-

171 435 349 477 tatem.-
411 429 541 475 Nam
577 427 701 476 alius
740 431 895 487 Pater,
928 426 1050 475 alius
1090 426 1254 487 Filius,
1283 426 1406 475 alius
1444 426 1650 491 Spiritus
1688 436 1913 476 sanctus:
1940 436 1970 482 3

172 510 258 557 sed
294 508 416 557 alius
453 508 654 572 quidem
693 527 792 559 non
829 508 977 569 aliud,
1017 508 1132 572 quia
1169 508 1345 572 pariter
1387 508 1592 572 simplex
1639 508 1916 572 pariterque

122 603 143 642 5
171 590 577 639 incommutabile
602 591 791 639 bonum
817 599 866 639 et
891 599 1224 639 coaeternum.
1298 593 1443 639 Pater
1468 592 1600 640 solus
1626 607 1727 640 non
1755 599 1827 639 est
1853 591 1916 639 de
1940 600 1972 648 4

168 670 265 719 alio
283 690 295 732 3
333 671 446 721 ideo
472 674 603 721 solus
629 674 902 735 appellatur
922 671 1182 736 ingenitus.
1259 671 1409 720 Filius
1437 674 1569 722 solus
1596 674 1658 722 de
1681 675 1823 722 Patre
1843 682 1915 721 est

169 762 348 813 natus,
384 753 497 803 ideo
534 756 665 803 solus
704 754 880 803 dicitur
916 753 1123 817 genitus.
1199 753 1406 817 Spiritus
1443 765 1641 804 sanctus
1680 756 1812 804 solus
1851 756 1914 803 de

170 836 312 884 Patre
349 845 396 884 et
449 835 574 884 Filio
627 835 883 899 procedit3
934 835 1048 885 ideo
1102 838 1234 884 solus
1285 836 1546 884 amborum
1601 845 1915 899 nuncupatur

169 916 376 979 spiritus.
450 919 510 965 In
537 919 628 966 hac
653 917 893 966 Trinitate
917 920 1013 966 alia
1037 918 1332 981 appellativa
1356 918 1572 978 nomina,
1602 918 1696 966 alia
1720 920 1915 982 propria
1938 935 1969 984 5

96 1019 144 1046 10
168 1007 292 1046 sunt.
367 999 567 1062 Propria
585 1007 697 1047 sunt
718 999 1006 1059 essentialia,
1028 1008 1080 1047 ut
1104 1002 1253 1058 Deus,
1277 999 1538 1060 Dominus,
1563 999 1909 1063 Omnipotens,

170 1079 495 1141 Inmutabilis,
525 1080 818 1130 Inmortalis.
895 1083 959 1128 Et
987 1082 1102 1130 inde
1128 1080 1335 1144 propria,
1366 1081 1481 1144 quia
1507 1083 1662 1145 ipsam
1691 1082 1915 1130 substan-

166 1161 283 1208 tiam
322 1160 600 1224 significant
644 1179 742 1225 qua
777 1179 932 1210 unum
972 1172 1099 1211 sunt.
1174 1164 1487 1226 Appellativa
1525 1181 1640 1213 vero
1679 1166 1822 1213 Pater
1866 1174 1912 1213 et
1937 1164 1972 1210 6

168 1243 317 1291 Filius
355 1253 401 1292 et
434 1243 641 1307 Spiritus
676 1253 887 1304 sanctus,
919 1243 1174 1307 Ingenitus
1210 1254 1257 1292 et
1292 1245 1500 1293 Genitus
1527 1255 1575 1294 et
1614 1248 1908 1295 Procedens.

166 1327 355 1375 Eadem
383 1336 430 1375 et
455 1326 667 1387 relativa,
695 1327 808 1390 quia
833 1328 896 1376 ad
924 1345 975 1376 se
1010 1326 1220 1375 invicem
1251 1329 1536 1376 referuntur.
1612 1330 1743 1379 Cum
1777 1328 1909 1378 enim

93 1431 138 1472 15
164 1407 341 1456 dicitur
369 1410 518 1469 Deus,
542 1408 752 1457 essentia
779 1418 864 1468 est,
888 1408 1002 1472 quia
1028 1410 1091 1458 ad
1118 1425 1169 1457 se
1195 1410 1352 1472 ipsum
1374 1409 1563 1458 dicitur.
1640 1412 1768 1460 Cum
1797 1427 1912 1458 vero

164 1488 340 1537 dicitur
378 1492 520 1538 Pater
560 1500 608 1539 et
646 1490 798 1539 Filius
836 1500 884 1540 et
920 1492 1128 1555 Spiritus
1168 1501 1381 1551 sanctus,
1420 1491 1618 1540 relative
1658 1491 1907 1550 dicuntur,

164 1572 278 1632 quia
313 1572 376 1620 ad
414 1589 466 1620 se
495 1571 705 1621 invicem
741 1575 1025 1621 referuntur.
1101 1575 1231 1622 Nam
1263 1577 1407 1622 Pater
1436 1592 1539 1623 non
1560 1576 1623 1623 ad
1652 1592 1703 1623 se
1730 1574 1908 1638 ipsum,
1935 1596 1963 1645 7

164 1654 251 1701 sed
280 1654 343 1701 ad
378 1653 554 1702 Filium
590 1654 789 1704 relative
822 1654 1012 1714 dicitur,
1041 1654 1156 1717 quia
1194 1665 1266 1704 est
1300 1655 1343 1704 ei
1384 1656 1541 1706 filius:
1579 1656 1648 1705 sic
1679 1666 1726 1705 et
1757 1656 1909 1705 Filius

163 1733 358 1782 relative
384 1734 574 1794 dicitur,
604 1735 718 1799 quia
744 1746 817 1785 est
851 1736 894 1784 ei
929 1745 1093 1799 pater:
1132 1736 1201 1784 sic
1234 1745 1282 1786 et
1314 1737 1519 1801 Spiritus
1554 1747 1765 1799 sanctus,
1795 1738 1910 1802 quia

91 1840 139 1866 20
163 1825 235 1863 est
270 1815 424 1864 Patris
459 1816 668 1880 Filiique
698 1817 906 1880 spiritus.
983 1817 1080 1866 His
1115 1817 1246 1866 enim
1280 1819 1695 1882 appellationibus
1729 1822 1824 1869 hoc
1855 1820 1910 1869 si-
1934 1828 1963 1874 8

162 1896 430 1960 gnificatur,
458 1900 592 1962 quod
630 1901 693 1947 ad
727 1917 778 1948 se
811 1899 1022 1948 invicem
1054 1902 1341 1960 referuntur,
1371 1918 1473 1949 non
1506 1901 1610 1964 ipsa
1636 1903 1910 1952 substantia

162 1995 260 2041 qua
309 1997 464 2028 unum
509 1991 636 2030 sunt.
724 1981 936 2030 Proinde
981 1982 1196 2030 Trinitas
1240 1982 1289 2030 in
1332 1983 1542 2031 relativis
1585 2000 1906 2046 personarum

165 2060 450 2110 nominibus
484 2071 556 2110 est
577 2080 589 2122 3
626 2062 782 2111 deitas
813 2080 915 2110 non
941 2062 1224 2126 triplicatur,
1253 2066 1339 2113 sed
1366 2063 1415 2112 in
1443 2064 1774 2128 singularitate
1801 2077 1874 2115 est
1897 2086 1909 2127 3

161 2142 275 2205 quia
315 2143 353 2191 si
397 2143 677 2207 triplicatur,
720 2146 924 2193 deorum
966 2144 1246 2195 inducimus
1289 2146 1630 2209 pluralitatem.
1705 2150 1964 2216 Nomen9

89 2244 136 2284 25
161 2235 325 2274 autem
361 2227 567 2274 deorum
602 2225 653 2274 in
685 2226 870 2290 angelis
904 2235 952 2275 et
985 2226 1166 2276 sanctis
1197 2227 1482 2277 hominibus
1513 2228 1627 2278 ideo
1658 2229 1907 2292 pluraliter

161 2305 351 2368 dicitur,
391 2317 589 2371 propter
626 2310 762 2371 quod
799 2326 902 2358 non
945 2309 1041 2358 sint
1078 2310 1253 2359 merito
1289 2313 1534 2374 aequales.
1609 2314 1687 2361 De
1724 2312 1903 2374 quibus
1927 2333 1986 2367 10

162 2390 384 2436 Psalmus
418 2388 519 2452 (81,
542 2390 625 2454 6):
666 2392 801 2454 ‘Ego
840 2390 971 2440 dixi:
1011 2391 1094 2439 Dii
1129 2392 1274 2441 estis.'
1361 2395 1438 2441 De
1476 2396 1618 2442 Patre
1655 2403 1821 2443 autem
1858 2405 1905 2443 et

162 2468 285 2518 Filio
312 2479 359 2518 et
393 2469 573 2533 Spiritu
608 2481 779 2520 sancto
812 2481 1012 2536 propter
1044 2491 1194 2522 unam
1226 2483 1273 2523 et
1303 2476 1560 2538 aequalem
1595 2475 1900 2524 divinitatem

218 2611 235 2636 1
270 2598 379 2638 idem
401 2605 444 2639 et
463 2600 542 2640 tria
563 2599 637 2640 K:
669 2601 781 2640 idem
801 2602 879 2640 tria
903 2600 1001 2641 CT:
1031 2603 1143 2642 idem
1173 2609 1215 2642 et
1234 2602 1289 2641 31
1431 2603 1473 2641 in
1496 2610 1581 2643 nat.
1610 2632 1620 2645 .
1645 2634 1653 2642 .
1678 2633 1687 2643 .
1714 2604 1792 2642 tria
1817 2618 1897 2643 om.

161 2652 206 2691 K
212 2654 224 2675 ²
373 2655 590 2706 personis]
613 2668 799 2705 persona
825 2655 867 2694 T
862 2657 876 2679 ²
1039 2670 1063 2706 4
1094 2670 1163 2707 qu.
1187 2663 1308 2707 pater
1328 2657 1451 2708 simp.
1476 2658 1521 2696 K
1681 2671 1705 2708 5
1737 2664 1801 2698 est
1816 2672 1900 2699 om.

170 2707 220 2745 Tl
332 2709 386 2748 de
413 2708 515 2760 alio]
546 2715 588 2748 et
616 2709 662 2747 K
689 2710 792 2762 (non
820 2710 884 2763 A)
1018 2714 1044 2750 6
1073 2712 1169 2751 ideo
1201 2726 1282 2752 om.
1307 2711 1349 2750 A
1464 2712 1844 2764 ing.]'unigenitus
1871 2713 1909 2751 T

162 2775 183 2810 7
206 2762 300 2801 ideo
321 2792 330 2802 .
356 2794 364 2805 .
383 2792 395 2803 .
420 2765 588 2813 genitus
616 2778 698 2804 om.
737 2764 775 2804 T
909 2772 1042 2806 sanct.
1074 2768 1127 2805 de
1163 2767 1201 2806 T
1389 2781 1415 2816 9
1445 2768 1497 2807 al.
1528 2774 1628 2806 sunt
1658 2769 1831 2818 propria
1860 2767 1902 2804 Β

166 2829 214 2855 10
236 2817 349 2856 dom.
372 2818 475 2857 deus
495 2820 606 2859 dom.
637 2819 674 2858 T
782 2832 826 2858 11
851 2819 970 2871 inde]
992 2821 1086 2860 ideo
1108 2820 1154 2858 K
1265 2834 1312 2860 12
1333 2822 1434 2874 qua]
1455 2822 1551 2872 quia
1570 2821 1649 2860 CK
1760 2835 1808 2870 13
1837 2821 1900 2860 in-

163 2883 258 2919 gen.
280 2885 376 2921 gen.
401 2872 447 2910 K
569 2886 616 2922 14
646 2873 714 2923 qui
736 2875 788 2913 ad
807 2888 853 2914 se
875 2875 924 2914 C1
1110 2878 1158 2914 18
1186 2876 1282 2925 quia
1304 2882 1370 2915 est
1399 2877 1437 2915 ei
1460 2907 1468 2916 .
1492 2905 1503 2917 .
1529 2908 1537 2916 .
1563 2876 1715 2915 dicitur
1742 2889 1822 2916 om.
1858 2875 1903 2914 K

164 2930 266 2973 (non
286 2926 349 2978 Α)
520 2940 568 2978 19
598 2928 715 2980 quia]
739 2931 850 2978 quod
871 2929 916 2968 K
935 2931 1038 2982 (non
1058 2930 1122 2980 A)
1258 2931 1317 2969 sic
1336 2931 1436 2980 spir.
1459 2931 1545 2968 AB
1708 2945 1760 2969 20
1791 2932 1899 2980 patri

161 2978 332 3029 filioque
362 2979 420 3020 T:
450 2983 584 3032 patris
598 2983 674 3022 ,filii
695 2983 793 3032 quia
816 2984 851 3023 C
985 2996 1033 3023 21
1068 2985 1305 3023 reserantur
1325 2984 1371 3023 K
1501 2999 1551 3023 22
1581 2985 1684 3036 qua]
1705 2985 1803 3034 quia
1827 2985 1905 3025 CT

159 3045 212 3082 23
241 3035 316 3073 sed
338 3036 380 3074 in
402 3065 411 3076 .
437 3066 445 3076 .
470 3065 480 3075 .
503 3037 614 3088 tripl.
638 3051 718 3078 om.
744 3037 794 3076 Cl
960 3052 1011 3088 24
1042 3039 1267 3078 indicimus
1296 3038 1332 3077 T

151 3116 155 3119 ·
216 3099 318 3136 1182
690 3139 693 3141 μ
1016 3119 1045 3152 T

0 3376 67 3444 in.
