2228 3444
1093 125 1365 174 ISIDORI

352 249 639 309 digammon
666 247 856 307 dicitur,
881 249 997 310 quia
1017 249 1199 310 duplex
1225 258 1298 296 est
1324 248 1474 296 instar
1499 250 1538 295 F
1564 248 1765 308 litterae,
1795 265 1922 312 quae
1948 251 2103 313 dupli-

354 345 461 377 cem
490 330 754 377 Gammam
776 329 938 388 habet,
962 330 1025 377 ad
1046 328 1185 378 cuius
1206 329 1580 378 similitudinem
1602 332 1891 380 coniunctas
1911 334 2105 380 vocales

353 411 642 474 digammon
671 410 904 474 appellari
934 410 1240 473 grammatici
1270 412 1546 471 voluerunt,
1576 421 1628 460 ut
1657 412 1882 474 ‘votum,’
1914 413 2106 476 ‘virgo'

294 509 328 555 9
355 496 491 542 Inter
516 494 836 542 semivocales
865 502 1032 541 autem
1059 494 1303 556 quaedam
1334 492 1553 555 liquidae
1577 492 1809 542 dicuntur
1832 504 2103 558 propterea,

353 574 469 638 quia
507 574 756 623 interdum
790 573 840 621 in
874 591 971 622 una
1004 575 1190 637 syllaba
1226 574 1532 638 postpositae
1570 574 1676 623 aliis
1715 577 2105 625 consonantibus

353 657 592 704 deficiunt
611 665 659 704 et
678 672 706 703 a
723 664 881 703 metro
898 656 1238 703 excluduntur.
1304 658 1379 703 Ex
1397 655 1579 718 quibus
1599 658 1727 705 duae
1747 660 1881 720 apud
1902 660 2106 706 Latinos

352 738 633 801 liquescunt
660 740 700 785 L
726 747 773 785 et
800 739 860 795 R,
884 746 936 786 ut
966 739 1181 800 ‘fragor‚'
1211 737 1411 785 ‘flatus'
1473 737 1715 801 Reliquae
1743 741 1799 786 M
1826 748 1874 787 et
1902 741 1948 788 N
1972 741 2106 803 apud

269 838 327 873 10
354 822 571 869 Graecos
598 821 876 883 liquescunt
898 840 905 868 :
933 828 986 867 ut
1015 820 1370 868 ‘Mnestheus.’
1433 821 1623 869 Decem
1651 829 1698 868 et
1723 830 1913 884 septem
1939 832 2103 871 autem

356 902 542 951 Latinis
581 902 751 950 litteris
788 911 928 949 vetus
966 903 1203 964 scriptura
1241 901 1514 950 constabat.
1590 903 1738 951 Vnde
1774 912 1822 951 et
1858 903 2104 966 legitimae

354 985 673 1034 nominantur
698 984 779 1032 illa
804 984 1005 1042 ratione,
1035 983 1220 1032 scilicet
1246 985 1322 1031 vel
1348 986 1485 1046 quod
1513 984 1577 1032 ab
1612 986 1653 1031 E
1679 985 1837 1033 vocali
1863 985 2103 1048 incipiunt

353 1078 400 1116 et
426 1067 476 1115 in
503 1075 694 1115 mutum
723 1082 901 1114 sonum
928 1065 1176 1125 desinunt,
1206 1074 1258 1113 ut
1285 1076 1398 1114 sunt
1429 1075 1774 1125 consonantes,
1802 1069 1878 1115 vel
1908 1070 2043 1130 quod
2076 1086 2103 1116 a

353 1166 442 1197 suo
469 1166 594 1197 sono
619 1147 862 1210 incipiunt
887 1157 934 1195 et
960 1147 1009 1194 in
1035 1149 1257 1196 vocalem
1286 1149 1327 1195 E
1355 1149 1602 1206 desinunt,
1627 1158 1679 1196 ut
1705 1159 1818 1196 sunt
1844 1160 2009 1198 mutae
2037 1148 2104 1215 [et

282 1249 327 1282 11
352 1240 465 1280 sunt
515 1229 1535 1280 A.B.C.D.E.F.G.I.L.M.N.O.P.R.S.T.
1575 1239 1622 1278 et
1666 1227 1752 1295 U}
1846 1232 1895 1277 H
1939 1238 2103 1277 autem

352 1313 512 1362 littera
560 1329 648 1375 pro
697 1313 801 1359 sola
849 1310 1147 1373 aspiratione
1195 1310 1390 1359 adiecta
1439 1320 1612 1373 postea
1648 1321 1733 1359 est.
1810 1313 1956 1359 Vnde
1992 1320 2039 1359 et
2076 1327 2102 1357 a

352 1395 599 1458 plerisque
628 1393 861 1457 aspiratio
887 1402 1085 1456 putatur
1111 1409 1233 1451 esse,
1261 1409 1363 1440 non
1389 1392 1565 1451 littera,
1591 1409 1718 1455 quae
1743 1392 1951 1455 proinde
1975 1393 2102 1456 aspi—

352 1476 553 1524 rationis
594 1484 711 1524 nota
746 1474 936 1534 dicitur,
971 1473 1087 1537 quia
1121 1490 1296 1522 vocem
1337 1476 1510 1523 elevat.
1582 1473 1830 1537 Aspiratio
1865 1473 1996 1522 enim
2032 1484 2103 1523 est

353 1574 503 1607 sonus
530 1557 727 1606 uberius
754 1559 923 1615 elatus,
947 1557 1085 1604 cuius
1113 1556 1356 1604 contraria
1382 1567 1454 1605 est
1479 1556 1726 1619 prosodia,
1755 1571 1904 1604 sonus
1929 1570 2104 1617 aequa-

271 1656 326 1691 12
352 1640 460 1689 liter
489 1642 656 1688 flexus.
731 1641 781 1687 K
815 1638 1025 1687 litteram
1058 1638 1247 1687 Salvius
1282 1638 1620 1701 ludimagister
1653 1635 1883 1703 pri[m]us
1918 1637 2103 1684 Latinis

350 1722 544 1782 adiecit,
573 1731 626 1770 ut
652 1721 701 1769 in
728 1738 852 1770 sono
879 1720 1144 1770 discrimen
1166 1722 1347 1769 faceret
1367 1721 1576 1768 duarum
1598 1720 1867 1768 litterarum
1887 1719 1928 1768 C
1950 1728 1997 1766 et
2026 1720 2073 1779 Q
2093 1735 2105 1775 3

350 1821 477 1867 quae
504 1804 618 1852 ideo
649 1820 951 1866 supervacua
988 1802 1179 1861 dicitur,
1208 1802 1324 1864 quia
1357 1804 1572 1864 exceptis
1608 1809 1618 1828 ‘
1640 1801 1912 1850 Kalendis'
1942 1816 2104 1862 super-

271 1904 326 1950 13
351 1888 449 1935 flua
468 1886 738 1934 iudicatur:
765 1902 851 1949 per
868 1886 909 1934 C
930 1884 1062 1934 enim
1081 1886 1308 1933 universa
1325 1883 1654 1947 exprimimus.
1720 1885 1768 1945 Q
1785 1883 1994 1931 litteram
2012 1898 2104 1930 nec

353 1968 529 2018 Graeci
567 1977 814 2027 resonant,
854 1984 946 2016 nec
986 1966 1219 2015 Hebraei.
1297 1965 1529 2028 Exceptis
1572 1965 1703 2014 enim
1746 1964 1933 2012 Latinis
1976 1965 2104 2011 hanc

353 2052 488 2098 nulla
512 2050 605 2098 alia
630 2049 796 2112 lingua
830 2048 992 2096 habet.
1069 2051 1212 2095 Haec
1247 2047 1379 2111 prius
1409 2064 1511 2095 non
1542 2057 1654 2096 erat.
1730 2048 1877 2094 Vnde
1914 2055 1961 2093 et
2000 2045 2105 2108 ipsa

354 2149 655 2196 supervacua
692 2140 765 2179 est
794 2139 969 2179 vocata
1005 2130 1121 2192 quia
1154 2147 1240 2193 per
1271 2130 1313 2179 C
1351 2139 1531 2178 cuncta
1567 2138 1753 2178 veteres
1791 2127 2102 2190 scripserunt.

275 2226 329 2272 14
354 2217 400 2262 X
426 2214 584 2262 littera
610 2229 768 2275 usque
792 2214 855 2260 ad
883 2213 1092 2274 Augusti
1118 2221 1315 2273 tempus
1342 2212 1567 2259 nondum
1593 2212 1726 2273 apud
1755 2209 1959 2257 Latinos
1985 2218 2098 2268 erat,

413 2358 428 2382 1
463 2351 527 2383 est
544 2343 596 2382 ad
618 2343 752 2381 instar
772 2342 817 2379 K
837 2356 884 2380 ex
901 2356 1003 2380 corr.
1026 2342 1059 2379 L
1187 2355 1212 2390 3
1242 2347 1385 2380 votum
1407 2354 1457 2379 ex
1477 2346 1669 2379 vocatum
1690 2339 1725 2378 C
1831 2353 1855 2387 4
1887 2339 2100 2390 dicuntur]

355 2401 566 2438 ducuntur
590 2399 717 2449 (·ant-
733 2400 765 2445 ἲ)
794 2397 832 2435 T
955 2409 979 2445 5
1011 2397 1178 2446 positae
1205 2396 1242 2434 T
1365 2398 1391 2434 6
1421 2395 1532 2444 apud
1553 2395 1705 2433 latinos
1726 2393 1911 2442 liquidae
1931 2405 2104 2441 semper

354 2469 374 2493 r
396 2455 466 2492 etl
489 2454 551 2495 L:
583 2452 694 2502 apud
718 2451 876 2502 (deinde
896 2451 999 2502 ras.)
1022 2464 1043 2489 r
1063 2457 1105 2489 et
1125 2451 1137 2488 l
1158 2450 1220 2488 Κ1
1323 2463 1371 2489 10
1399 2450 1467 2488 vel
1490 2462 1571 2488 om.
1600 2449 1642 2487 U
1732 2447 1864 2499 quod]
1887 2446 2100 2497 quia,K1L

359 2523 403 2548 11
438 2514 482 2547 ut
503 2513 602 2546 sunt
623 2537 633 2545 .
660 2539 668 2546 .
694 2539 701 2546 .
724 2507 924 2544 desinunt
943 2519 1023 2545 om.
1054 2506 1096 2543 U
1201 2505 1332 2555 quod]
1356 2505 1452 2554 quia
1472 2503 1576 2542 K¹L
1703 2515 1750 2540 12
1781 2502 1978 2540 desinunt
2001 2501 2103 2540 CK:

355 2565 555 2602 desinant
576 2561 660 2599 BT
765 2567 806 2599 et
822 2567 922 2600 sunt
938 2591 946 2600 .
969 2590 978 2598 .
1004 2590 1013 2599 .
1041 2566 1083 2598 et
1105 2561 1143 2599 U
1167 2560 1257 2600 hab.
1288 2559 1382 2598 TU:
1412 2573 1494 2598 om.
1514 2558 1636 2596 BCK
1783 2569 1831 2604 13
1860 2561 1998 2595 autem
2020 2570 2102 2596 om.

355 2618 454 2656 KlL
591 2630 639 2665 14
670 2615 835 2654 adiecta
857 2621 1004 2665 postea
1024 2621 1089 2654 est
1105 2614 1184 2653 BC
1201 2614 1332 2665 Sang.
1356 2618 1456 2652 extr.
1474 2629 1482 2653 ι
1523 2613 1690 2652 adiecta
1710 2611 1848 2661 posita
1868 2617 1933 2649 est
1959 2609 1996 2647 T
1998 2611 2100 2660 sort.

357 2677 452 2712 recte
471 2687 479 2711 z
510 2671 646 2722 posita
667 2675 733 2709 est
753 2669 852 2708 K1L
979 2681 1026 2718 15
1057 2670 1287 2719 adspiratio
1305 2682 1327 2707 >iz
1345 2684 1365 2704 ÷÷
1385 2681 1479 2707 esse
1500 2664 1719 2718 putatur-L
1747 2679 1755 2703 :
1795 2665 1913 2715 adsp.
1929 2671 2104 2715 putatur

359 2731 460 2776 (om.
478 2726 595 2776 esse)
611 2724 670 2762 K¹
692 2739 701 2764 ε
732 2730 903 2774 putatur
924 2724 1127 2773 aspiratio
1148 2736 1246 2762 esse
1265 2722 1304 2761 Β
1433 2723 1482 2760 16
1512 2721 1662 2761 dicitur
1681 2720 1981 2770 adspirationis
2002 2725 2102 2758 nota

357 2782 437 2821 KL
572 2793 619 2830 17
651 2778 790 2831 cuius]
812 2779 879 2818 cui
900 2776 1046 2817 AK1L
1185 2778 1234 2816 18
1264 2775 1452 2826 Salvius]
1473 2776 1675 2816 salustius
1696 2787 1784 2815 rece.
1898 2774 2015 2824 prius
2043 2774 2103 2813 T:

358 2843 509 2886 postea
529 2835 564 2874 C
656 2847 706 2884 19
734 2839 780 2873 ut
799 2834 840 2872 in
866 2834 965 2885 (om.
989 2833 1061 2885 Ll)
1081 2845 1185 2872 sono
1206 2833 1275 2871 du.
1300 2831 1326 2869 1.
1349 2831 1576 2871 discrimen
1599 2829 1920 2882 (discretionem
1942 2827 1998 2878 L)
2021 2829 2099 2867 fac.

357 2891 439 2930 KL
607 2902 629 2928 c
651 2895 692 2928 et
710 2902 736 2937 g
765 2888 801 2926 T
971 2900 1025 2926 20
1053 2901 1162 2937 quae
1182 2899 1263 2925 om.
1287 2885 1337 2924 C1
1503 2897 1789 2935 supervacuae
1809 2882 1870 2921 K1
1892 2888 1942 2922 ut
1957 2882 2039 2923 vid.
2070 2881 2108 2920 T

358 2945 476 2995 quia]
498 2945 613 2995 quod
633 2943 732 2982 K¹L
901 2955 948 2979 21
982 2941 1090 2981 Nam
1112 2947 1154 2981 et
1173 2954 1200 2991 q
1220 2953 1299 2979 nec
1321 2939 1381 2978 Κ1
1405 2945 1452 2978 ut
1470 2939 1550 2980 vid,
1573 2937 1611 2976 L
1769 2951 1848 2976 nec
1878 2937 1996 2986 greci
2021 2949 2100 2975 nec

358 3000 473 3041 ebrei
497 3005 702 3040 resonant
728 2998 765 3038 T
925 3009 976 3046 25
1006 3010 1034 3035 x
1054 2997 1131 3037 litt.
1149 2996 1203 3035 ad
1224 3008 1318 3046 aug.
1341 2994 1546 3045 temporis
1573 2992 1624 3033 Τ1

2132 591 2154 630 5

2133 1009 2179 1035 10

2130 1825 2179 1852 20
