2176 3424
387 109 1018 160 ETYMOLOGIARVM
1057 108 1187 154 LIB.
1227 107 1394 153 XVII.
1434 103 1497 152 vii

74 261 189 291 nam
206 241 428 291 omnium
446 240 713 289 resinarum
730 236 1147 302 praestantiorem.
1188 238 1354 283 Buxus
1372 236 1616 283 Graecum
1636 249 1818 285 nomen
1842 241 1905 290 53

76 334 162 384 est,
190 341 248 373 ex
273 333 409 388 parte
433 339 462 370 a
487 320 673 370 Latinis
700 328 1013 383 corruptum3
1048 319 1190 376 πύξος
1215 316 1347 366 enim
1384 316 1657 379 appellatur
1687 315 1820 378 apud

77 424 174 457 eos.
247 405 407 454 Arbor
444 420 637 467 semper
673 402 832 451 virens
869 410 917 450 et
954 399 1150 449 levitate
1193 397 1424 447 materiae
1461 399 1819 446 elementorum

75 488 296 552 apicibus
321 494 448 550 apta.
520 486 669 534 Vnde
702 493 750 533 et
787 482 1031 545 Scriptura
1058 480 1194 546 (Isai.
1214 498 1290 543 30,
1312 479 1363 543 8)
1385 499 1393 527 τ
1434 483 1444 503 ‘
1465 479 1634 528 Scribe
1660 479 1822 526 buxo.'

34 587 55 626 5
79 566 505 624 Rhododendron‚
534 565 670 626 quod
696 570 922 625 corrupte
951 563 1096 623 vulgo
1133 560 1416 608 lorandrum
1442 566 1655 616 vocatur,
1685 557 1820 619 quod
1842 565 1911 620 54

76 650 135 700 sit
161 648 287 699 foliis
312 646 434 696 lauri
467 645 725 706 similibus,
749 646 868 693 flore
899 652 951 691 ut
984 659 1095 692 rosa
1112 660 1125 703 3
1160 642 1304 690 arbor
1340 648 1593 689 venenata.
1670 641 1822 687 Inter-

77 729 177 779 ficit
193 729 325 778 enim
343 728 585 787 animalia,
606 737 653 777 et
670 728 895 776 medetur
911 733 1194 787 serpentum
1214 722 1510 772 vexationes.
1551 719 1819 770 Herbitum
1842 735 1905 784 55

78 820 374 860 vocaverunt
401 818 616 873 pastores
642 825 702 858 eo
728 809 865 872 quod
890 809 995 856 vice
1022 806 1203 854 herbae
1228 804 1518 868 praebeatur
1544 801 1817 867 pecoribus,

79 892 163 941 ubi
189 909 370 956 pascua
390 894 582 941 desunt.
635 890 918 950 Turbiscus‚
943 890 1079 953 quod
1105 890 1167 937 de
1187 904 1288 936 uno
1314 885 1498 950 cespite
1518 884 1621 934 eius
1639 887 1822 933 multae
1843 889 1912 948 56

0 994 57 1021 κο
79 974 311 1039 virgultae
349 982 566 1037 surgunt,
592 974 730 1036 quasi
761 974 916 1021 turba.
991 970 1127 1034 Stipa
1157 978 1330 1018 vocata
1362 977 1560 1031 propter
1593 969 1729 1030 quod
1764 984 1822 1015 ex

80 1075 136 1107 ea
161 1057 401 1120 stipentur
420 1065 561 1104 tecta.
616 1054 752 1103 Hinc
778 1064 825 1103 et
852 1054 1030 1117 stipula
1055 1069 1140 1115 per
1166 1050 1562 1100 diminutionem.
1613 1050 1822 1097 Arundo
1844 1059 1904 1108 57

79 1138 211 1187 dicta
227 1138 363 1201 quod
379 1136 478 1186 cito
496 1146 696 1185 arescat.
742 1137 892 1183 Hanc
908 1144 1094 1183 veteres
1111 1150 1322 1181 cannam
1340 1141 1637 1180 vocaverunt
1647 1149 1660 1192 3
1685 1148 1825 1179 arun-

81 1219 248 1269 dinem
270 1227 441 1283 postea
462 1221 616 1267 Varro
637 1217 770 1266 dixit.
825 1216 1094 1265 Sciendum
1115 1232 1233 1263 sane
1254 1214 1390 1276 quod
1418 1212 1648 1262 Latinum
1669 1230 1827 1261 canna

82 1303 144 1351 de
177 1301 342 1364 lingua
374 1301 608 1350 Hebraea
641 1297 849 1362 sumpsit
868 1316 880 1358 3
915 1298 1049 1361 apud
1083 1313 1167 1345 eos
1202 1295 1334 1344 enim
1369 1297 1586 1343 calamus
1615 1296 1830 1343 ‘canna’

4 1399 60 1439 ¹15
83 1383 275 1432 dicitur.
349 1383 527 1433 Cicuta
562 1391 727 1430 autem
770 1390 842 1430 est
882 1382 1016 1443 quod
1058 1388 1132 1428 est
1165 1378 1290 1427 inter
1327 1394 1595 1426 cannarum
1636 1379 1832 1437 nodos3

83 1465 214 1515 dicta
239 1466 375 1528 quod
400 1466 559 1513 lateat.
614 1465 675 1512 In
697 1462 883 1512 Indicis
905 1461 1087 1524 stagnis
1115 1460 1248 1509 nasci
1269 1458 1534 1507 arundines
1555 1458 1830 1522 calamique
1855 1466 1920 1524 58

83 1547 324 1606 dicuntur,
353 1564 412 1595 ex
437 1562 647 1610 quorum
681 1544 928 1594 radicibus
962 1559 1242 1607 expressum
1281 1540 1624 1590 suavissimum
1657 1558 1829 1590 sucum

85 1628 260 1678 bibunt
279 1647 291 1690 3
327 1630 461 1678 unde
487 1637 533 1677 et
558 1630 715 1676 Varro
740 1626 806 1675 ait
834 1624 941 1690 (20)
963 1645 972 1674 ε

321 1710 496 1760 Indica
531 1727 632 1758 non
668 1725 844 1772 magna
881 1707 930 1755 in
968 1709 1140 1756 arbore
1176 1706 1349 1755 crescit
1385 1707 1577 1754 arundo
1596 1723 1607 1766 3

3 1809 64 1836 ⁴²0
321 1791 448 1840 illius
485 1801 532 1840 et
568 1790 711 1839 lentis
747 1790 982 1854 premitur
1018 1786 1264 1838 radicibus
1301 1790 1491 1846 humor,

323 1873 487 1922 dulcia
523 1875 600 1921 cui
638 1881 888 1935 nequeant
925 1888 1044 1920 suco
1082 1871 1384 1919 contendere
1421 1870 1581 1918 mella.

87 1956 308 2004 Sabucus
334 1954 494 2003 mollis
520 1964 567 2003 et
593 1953 757 2018 pervia
775 1954 932 2002 arbor.
984 1954 1244 2000 Rhamnus
1263 1969 1417 2015 genus
1444 1960 1517 1999 est
1536 1949 1659 2009 rubi,
1682 1965 1830 2012 quam
1855 1960 1924 2008 59

88 2039 232 2100 vulgo
258 2035 494 2085 senticem
521 2037 736 2084 ursinam
766 2035 1029 2097 appellant,
1058 2050 1286 2096 asperum
1313 2032 1458 2080 nimis
1485 2042 1532 2081 et
1558 2030 1829 2094 spinosum.

90 2117 256 2168 Sentix
281 2119 413 2167 dicta
437 2135 466 2165 a
491 2116 598 2176 situ,
619 2118 755 2180 quod
775 2127 847 2164 est
869 2125 992 2164 terra
1017 2116 1201 2163 inculta
1221 2114 1271 2162 in
1297 2131 1394 2177 qua
1414 2113 1624 2163 sentices
1643 2112 1832 2177 spinae·
1855 2115 1928 2162 60

9 2225 66 2267 ²²5
90 2217 186 2263 que
202 2208 480 2248 nascuntur.
529 2197 745 2247 Maiores
761 2207 926 2246 autem
948 2197 1098 2245 nostri
1117 2213 1318 2244 omnem
1337 2196 1563 2245 arborem
1582 2193 1831 2258 spinosam

149 2335 167 2379 ᾗ
190 2342 242 2379 53
267 2331 398 2381 post§
421 2342 472 2378 54
495 2330 538 2367 in
558 2328 603 2366 K
727 2341 751 2365 2
784 2341 848 2378 pa.
874 2326 1029 2366 alitinis
1058 2327 1094 2365 T
1199 2340 1265 2377 ap.
1290 2340 1363 2365 eos
1383 2340 1480 2376 app.
1502 2326 1546 2364 K
1672 2339 1697 2375 3
1727 2325 1832 2377 lew]

92 2385 265 2424 lenitate
311 2384 372 2422 T:
419 2383 635 2422 lenitatem
677 2383 719 2421 D
902 2396 926 2430 4
956 2381 1100 2420 scribit
1142 2382 1296 2419 buxum
1337 2380 1402 2420 K:
1451 2381 1601 2420 serebo
1640 2380 1751 2419 buxo
1792 2380 1835 2418 D

93 2453 117 2489 5
150 2439 451 2478 Rodandarum
473 2438 584 2477 codd.
611 2439 752 2488 (etiam
774 2438 831 2486 F)
941 2439 968 2474 6
998 2436 1051 2475 sit
1071 2450 1153 2475 om.
1184 2435 1239 2474 Tl
1323 2436 1452 2475 lauris
1481 2435 1535 2474 T1
1620 2435 1770 2475 similis
1790 2435 1836 2473 K

97 2499 116 2542 ξ
138 2506 191 2544 55
220 2499 314 2533 ante
334 2496 353 2540 ξ
377 2506 427 2542 52
446 2493 489 2530 in
518 2493 570 2531 T:
594 2497 691 2544 post
708 2492 828 2531 turba
849 2492 889 2541 (ξ
912 2493 982 2542 56)
1005 2491 1048 2528 in
1071 2490 1105 2529 C
1264 2504 1286 2540 7
1319 2490 1524 2530 Erbutum
1546 2489 1611 2529 K:
1644 2490 1832 2528 Erbitum

95 2548 183 2587 DT
199 2550 301 2601 (non
324 2547 374 2593 C)
569 2560 618 2585 10
648 2547 782 2597 Stepu
799 2545 902 2585 DE:
934 2546 1066 2595 Stepa
1085 2545 1148 2584 F:
1181 2545 1331 2595 Stippa
1357 2546 1514 2598 T(non
1540 2546 1597 2596 U)
1741 2557 1830 2583 voc.

95 2616 215 2654 prop.
235 2616 316 2643 om.
338 2602 422 2641 KP
439 2603 543 2653 (non
565 2601 736 2650 CEFU)
890 2614 934 2639 11
967 2600 1133 2649 stupola
1153 2599 1218 2640 K:
1250 2600 1419 2650 stuppla
1438 2601 1500 2640 P:
1533 2600 1654 2650 spula
1673 2599 1715 2638 F
1732 2600 1834 2651 (non

98 2657 230 2708 CEU)
369 2670 446 2706 per
466 2656 561 2696 dim.
584 2670 667 2696 om.
690 2656 776 2695 KP
794 2655 897 2708 (non
920 2654 1094 2707 CEFU)
1237 2655 1312 2695 Ar.
1337 2655 1415 2694 dic.
1440 2660 1533 2694 ante
1555 2654 1675 2705 Stipa
1697 2655 1737 2703 (ξ
1759 2655 1833 2704 56)

95 2713 180 2751 ΚΡ
195 2715 299 2764 (non
323 2710 495 2761 CEFU)
603 2724 651 2750 12
679 2711 786 2749 hanc
806 2724 853 2749 ex
872 2711 982 2749 hunc
1003 2710 1047 2748 D
1150 2722 1197 2758 14
1227 2723 1363 2749 carme
1383 2709 1437 2749 di.
1462 2710 1500 2748 T
1598 2720 1645 2757 15
1676 2708 1831 2760 nodos]

97 2768 210 2806 notis
229 2766 273 2804 D
387 2767 434 2804 16
464 2765 542 2805 dic.
565 2771 705 2804 autem
727 2766 840 2816 quod
859 2764 906 2803 K
1031 2777 1076 2812 17
1110 2776 1234 2803 sucus
1256 2764 1402 2803 bibent
1421 2765 1466 2803 K
1595 2776 1643 2813 19
1673 2776 1770 2801 nom
1791 2762 1837 2801 K

100 2823 201 2871 <non
221 2820 368 2872 MNP)
685 2833 836 2870 magna
855 2819 990 2858 KMP
1002 2832 1012 2861 ς
1043 2831 1234 2868 magnam
1254 2818 1301 2856 N
1314 2833 1324 2858 z
1353 2832 1549 2869 magnum
1573 2817 1730 2858 CDEF
1733 2816 1771 2856 T
1772 2817 1814 2856 U
1825 2831 1834 2858 ε

99 2889 250 2926 magno
270 2875 382 2914 Mon.
495 2888 547 2914 20
577 2874 639 2925 et]
662 2889 685 2913 e
705 2874 828 2916 Arev.
907 2873 1157 2914 racidicibus
1175 2873 1221 2911 K
1239 2874 1340 2923 (non
1363 2873 1511 2925 MNP)
1603 2885 1651 2910 21
1685 2872 1835 2911 dulcea

101 2929 208 2969 KP:
236 2930 415 2970 dulciam
436 2930 480 2968 N
498 2930 602 2980 (non
624 2929 690 2976 M)
872 2942 1008 2978 neque
1029 2934 1101 2967 aut
1123 2927 1158 2967 C
1175 2933 1269 2967 ante
1287 2942 1385 2968 corr.
1570 2927 1834 2966 contendere

99 2985 265 3035 scripsi:
294 2986 476 3024 condere
497 2983 794 3023 DEFKMNP
810 2982 943 3022 Mon.1
962 2998 970 3022 :
1001 2983 1236 3022 concedere
1260 2983 1378 3022 CTU
1498 2996 1549 3021 22
1581 2984 1772 3031 Sagucus
1793 2981 1836 3020 D

103 3052 184 3079 mo.
204 3051 292 3088 per.
322 3039 358 3077 T
462 3051 513 3088 23
541 3051 735 3089 asperam
758 3039 814 3079 ni.
837 3046 880 3078 et
899 3038 1114 3088 spinosam
1134 3037 1178 3075 D
