2176 3424
487 136 1117 187 ETYMOLOGIARVM
1160 136 1288 183 LIB.
1330 136 1448 183 XII.
1490 133 1531 181 vi

151 280 198 321 et
216 269 397 319 femina
413 270 542 317 vices
564 275 769 316 servant.
824 268 976 314 Hunc
997 264 1157 328 pisces
1179 265 1381 328 quidam
1402 280 1518 312 serr.r
1554 280 1632 311 am
1650 262 1892 310 habentes

149 353 343 400 cristam
368 360 536 400 tenera
561 348 803 398 ventrium
829 349 1118 396 desecantes
1145 346 1445 395 interimunt.
1526 357 1527 361 ’
1555 346 1685 392 3olus
1712 359 1770 392 ex
1794 341 1894 391 ani-

150 434 357 482 malibus
383 433 681 496 superiorem
709 431 953 479 maxillam
981 445 1178 478 movere
1197 426 1412 494 dicitur.]
1544 434 1893 490 ippopotamus
1915 435 1970 471 21

149 520 366 576 vocatus,
391 515 526 578 quod
552 513 612 562 sit
637 529 767 577 equo
793 512 962 561 similis
1000 513 1164 571 dorso,
1191 511 1308 559 iuba
1333 519 1380 559 et
1406 509 1614 568 hinnitu,
1644 516 1801 557 rostro
1826 524 1895 555 re-

103 618 124 658 5
150 599 390 661 supinato,
409 595 591 659 aprinis
608 595 856 653 dentibus,
878 594 1036 642 cauda
1053 603 1284 642 tortuosa.
1338 593 1434 640 Die
1452 593 1501 639 in
1519 592 1660 654 aquis
1677 605 1894 638 commo-

149 689 290 740 ratur,
311 688 457 728 nocte
484 687 670 741 segetes
692 677 996 739 depascitur:
1029 685 1077 724 et
1102 678 1235 723 hunc
1264 673 1408 723 Nilus
1434 675 1600 736 gignit.
1665 674 1891 734 Pagrum,
1916 691 1980 726 22

149 775 298 821 quem
323 759 498 807 Graeci
525 758 708 823 φάγρον
732 755 846 804 ideo
872 763 1161 818 nuncupant
1181 754 1316 816 quod
1334 754 1482 801 duros
1503 753 1676 800 dentes
1697 749 1891 809 habeat,

149 842 216 889 ita
235 850 287 888 ut
313 841 484 888 ostreis
510 840 559 886 in
586 837 705 886 mari
730 839 898 885 alatur.
971 838 1155 885 Dentix
1179 853 1268 900 pro
1295 834 1611 884 multitudine
1632 842 1680 882 et
1699 833 1893 896 grandi·
1917 850 1980 897 23

150 932 249 971 tate
274 922 498 971 dentium
524 922 697 970 dictus.
774 922 938 983 Lepus
963 937 990 967 a
1017 919 1338 967 similitudine
1363 916 1536 981 capitis
1562 924 1890 979 nuncupatus.

81 1026 127 1053 10
152 1006 362 1067 Lupum,
390 1013 443 1052 ut
480 1005 668 1052 dictum
705 1011 791 1062 est,
832 1003 1037 1051 aviditas
1075 1002 1351 1065 appellavit,
1380 1001 1567 1063 piscem
1606 1000 1655 1046 in
1693 1007 1893 1062 captura
1917 1010 1982 1058 24

149 1087 477 1150 ingeniosum:
507 1087 722 1147 denique
738 1094 837 1133 rete
858 1084 1189 1132 circumdatus
1209 1085 1358 1132 fertur
1377 1098 1548 1131 arenas
1568 1098 1703 1130 arare
1720 1081 1893 1141 cauda,

148 1179 296 1232 atque
322 1168 388 1217 ita
412 1169 641 1216 conditus
668 1166 870 1215 transire
906 1176 1021 1214 rete.
1095 1166 1281 1213 Mullus
1315 1174 1535 1225 vocatus,
1560 1165 1697 1227 quod
1734 1162 1894 1211 mollis
1917 1172 1982 1221 25

150 1253 210 1300 sit
234 1260 382 1314 atque
407 1250 710 1300 tenerrimus
786 1250 941 1299 Cuius
978 1248 1091 1297 cibo
1128 1249 1328 1296 tradunt
1364 1246 1624 1295 libidinem
1655 1245 1892 1304 inhibere,

150 1335 405 1382 oculorum
443 1342 607 1381 autem
646 1331 801 1380 aciem
841 1331 1089 1380 hebetari:
1129 1331 1357 1379 homines
1382 1345 1512 1389 vero,
1542 1328 1722 1392 quibus
1749 1343 1896 1390 saepe

48 1431 49 1434 ’
81 1438 126 1479 15
150 1425 334 1479 pastus,
376 1414 561 1478 piscem
599 1415 747 1462 olent.
823 1415 1009 1461 Mullus
1050 1414 1098 1460 in
1139 1412 1254 1460 vino
1293 1420 1514 1471 necatus,
1555 1410 1619 1469 hi,
1656 1410 1740 1473 qui
1777 1409 1894 1457 inde

149 1497 376 1556 biberint,
417 1497 635 1545 taedium
674 1497 773 1544 vini
817 1495 1014 1543 habent.
1108 1495 1309 1556 Mugilis
1349 1509 1533 1542 nomen
1571 1492 1720 1541 habet
1757 1492 1893 1555 quod
1917 1491 1987 1538 26

151 1581 211 1628 sit
259 1581 468 1627 multum
514 1577 665 1641 agilis.
739 1579 870 1626 Nam
918 1576 1003 1625 ubi
1052 1575 1312 1640 dispositas
1351 1576 1556 1624 senserit
1594 1574 1894 1638 piscatorum

152 1661 365 1720 insidias,
394 1661 654 1709 confestim
681 1669 943 1708 retrorsum
971 1659 1164 1708 rediens
1198 1658 1263 1707 ita
1296 1659 1502 1706 transilit
1528 1665 1628 1705 rete
1654 1666 1708 1704 ut
1733 1657 1896 1705 volare

154 1743 339 1806 piscem
365 1741 544 1790 videas.
620 1743 922 1800 Melanurus‚
952 1757 1011 1790 eo
1036 1743 1173 1804 quod
1199 1740 1385 1804 nigram
1411 1740 1621 1788 caudam
1647 1738 1829 1787 habeat
1850 1746 1897 1786 et
1921 1741 1983 1791 27

81 1845 132 1872 20
154 1826 329 1888 pinnas
355 1826 512 1886 nigras
550 1833 598 1872 et
634 1825 682 1870 in
720 1838 924 1885 corpore
950 1823 1102 1872 lineas
1138 1824 1298 1885 nigras
1316 1841 1329 1882 3
1365 1823 1514 1886 μέλαν
1550 1820 1682 1870 enim
1721 1819 1897 1869 Graeci

153 1902 344 1966 nigrum
394 1911 586 1951 vocant.
661 1903 877 1950 Glaucus
925 1919 954 1949 a
1002 1904 1167 1950 colore
1215 1902 1393 1962 dictus,
1434 1901 1570 1962 quod
1612 1899 1754 1948 albus
1803 1900 1863 1947 sit
1884 1917 1897 1959 3
1919 1902 1982 1949 28

153 1983 328 2033 Graeci
354 1985 484 2032 enirn
511 1983 680 2032 album
704 1985 912 2050 γλαυκὸν
937 1983 1122 2032 dicunt.
1199 1982 1300 2031 Hic
1337 1990 1522 2031 aestate
1547 1997 1653 2029 raro
1679 1990 1892 2044 apparet,

151 2065 244 2114 nisi
285 2073 475 2113 tantum
519 2067 567 2112 in
610 2065 796 2113 nubilo.
868 2066 1156 2127 Thymallus
1201 2081 1259 2112 ex
1296 2065 1414 2112 flore
1453 2078 1636 2112 nomen
1674 2064 1864 2126 accepit
1888 2081 1896 2111 :
1919 2073 1990 2122 29

151 2149 375 2210 thymum
401 2147 584 2210 quippe
610 2147 699 2195 flos
724 2148 997 2210 appellatur
1021 2167 1028 2195 :
1068 2163 1182 2194 nam
1213 2147 1332 2194 dum
1367 2145 1427 2194 sit
1461 2146 1625 2209 specie
1658 2154 1822 2208 gratus
1848 2154 1895 2194 et

80 2249 128 2290 25
152 2245 324 2293 sapore
362 2228 620 2288 iucundus,
662 2237 827 2277 tamen
871 2229 995 2276 sicut
1046 2229 1134 2276 flos
1176 2229 1345 2291 fraglat
1387 2237 1435 2276 et
1474 2242 1679 2290 corpore
1718 2228 1896 2276 odores

151 2312 343 2374 aspirat.
420 2311 628 2359 Escarus
655 2310 831 2370 dictus,
859 2325 920 2359 eo
946 2311 1082 2373 quod
1108 2311 1242 2358 solus
1269 2325 1432 2359 escam
1459 2310 1704 2357 ruminare
1741 2309 1898 2372 perhi-
1921 2318 1988 2364 30

152 2393 293 2440 betur
313 2408 322 2439 ε
360 2393 574 2454 denique
599 2393 678 2440 alii
704 2391 862 2455 pisces
879 2408 980 2440 non
1001 2391 1263 2439 ruminant.
1336 2392 1562 2440 Tradunt
1582 2400 1747 2440 autem
1764 2393 1899 2439 hunc

152 2473 462 2537 ingeniosum
499 2490 606 2523 esse
627 2493 640 2535 3
677 2490 892 2536 namque
930 2475 1176 2522 inclusum
1215 2472 1369 2522 nassis
1407 2490 1508 2522 non
1548 2474 1707 2521 fronte
1744 2489 1898 2522 erum-

210 2617 226 2642 1
259 2604 391 2642 vicern
413 2603 458 2640 K
585 2604 744 2654 piscem
776 2604 981 2653 quaedam
1011 2602 1060 2641 C1
1190 2615 1245 2641 cr.
1268 2602 1364 2641 hab.
1387 2602 1427 2640 Β
1583 2617 1607 2641 2
1637 2609 1830 2642 ventrem
1858 2603 1903 2641 K

153 2659 269 2698 solus
290 2687 299 2698 .
315 2689 325 2699 .
351 2690 359 2699 .
385 2658 538 2697 dicitur
558 2659 650 2698 hab.
677 2658 748 2698 TC
761 2672 846 2710 mg.
865 2674 872 2698 :
895 2671 979 2697 om.
1000 2658 1141 2696 BC1K
1249 2672 1270 2708 7
1304 2670 1429 2707 quam
1453 2657 1491 2695 T
1594 2658 1713 2711 φάγ.]
1735 2658 1900 2708 fagrum

154 2713 264 2753 codd.
394 2720 691 2764 nuncupantur
709 2712 756 2751 K
916 2715 941 2751 8
973 2719 1137 2752 ostreas
1170 2712 1219 2751 (ΣΙ
1352 2711 1534 2750 Dentrix
1554 2711 1600 2750 K
1724 2712 1895 2764 grand.]

154 2768 442 2817 magnitudine
464 2767 502 2806 Β
611 2781 638 2818 9
669 2774 937 2818 nuncupatur
952 2773 997 2806 ut
1010 2767 1088 2807 vid.
1108 2766 1142 2805 C
1251 2779 1296 2805 11
1329 2767 1467 2805 arenis
1490 2767 1535 2805 K
1647 2779 1695 2816 13
1717 2767 1897 2806 inhiberi

157 2822 230 2862 C2:
261 2823 304 2861 in
328 2834 487 2861 venere
507 2822 547 2860 Β
714 2835 762 2872 14
794 2828 964 2861 evetare
981 2821 1109 2860 B1T:
1138 2822 1271 2860 vetari
1289 2821 1335 2860 K
1463 2834 1510 2870 15
1541 2822 1581 2861 in
1602 2822 1743 2859 vinum
1765 2821 1902 2860 KMP

155 2877 213 2918 in.
235 2882 410 2916 necatus
424 2876 506 2917 bib.
529 2876 587 2915 Β1
734 2878 783 2914 16
811 2877 926 2916 tedio
947 2877 1088 2916 vinum
1109 2876 1217 2915 KP:
1247 2876 1360 2915 tedio
1380 2877 1581 2926 unguium
1603 2876 1680 2914 M:
1710 2876 1895 2915 taedium

154 2931 320 2970 vin0Bl
430 2932 526 2971 hab.
546 2944 598 2970 eo
611 2931 727 2982 quod
743 2931 788 2969 K
938 2945 984 2982 17
1006 2932 1074 2970 ubi
1091 2943 1172 2971 om.
1192 2930 1238 2969 K
1377 2944 1430 2970 20
1451 2937 1493 2970 et
1514 2931 1557 2968 in
1578 2961 1589 2971 .
1614 2962 1623 2970 .
1651 2961 1659 2970 .
1682 2931 1789 2980 nigr.
1809 2944 1891 2972 om.

157 2985 206 3025 Cl
316 2999 367 3024 22
395 2991 467 3035 γλ.
489 2986 568 3025 alb.
596 2987 630 3026 C
733 2985 932 3038 γλαυκὸν]
955 2986 1131 3036 glaucon
1154 2984 1198 3023 K
1216 2998 1224 3022 ε
1256 2985 1437 3035 gleucon
1459 2985 1599 3025 BCT:
1629 2983 1774 3023 λευκὸν
1801 2985 1893 3025 dett.

155 3053 206 3089 23
235 3040 359 3092 flore]
381 3053 507 3090 greco
527 3040 583 3078 B1
731 3053 782 3090 24
812 3042 867 3080 sit
885 3054 967 3081 om.
991 3040 1026 3079 C
1159 3041 1316 3089 gradus
1335 3039 1382 3078 K
1527 3051 1579 3089 25
1610 3041 1759 3090 flagrat
1777 3039 1901 3080 BCK

155 3096 346 3144 corporis
363 3094 408 3134 K
515 3096 648 3134 odore
664 3094 710 3133 K
726 3110 734 3134 ε
766 3108 850 3134 -em
873 3095 908 3134 C
1053 3107 1102 3143 27
1135 3094 1242 3147 non]
1265 3095 1306 3134 in
1328 3094 1373 3132 K
1523 3095 1574 3133 28
1604 3094 1724 3134 fonte
1745 3093 1790 3132 K
