2228 3444
496 150 1124 201 ETYMOLOGIARVM
1166 154 1293 201 LIB.
1337 153 1404 200 II.
1447 171 1535 200 xxx

139 282 384 341 liberatus,
418 283 505 330 sed
548 283 736 329 honore
774 282 1078 343 amplissimo
1113 281 1310 340 ditatus,
1347 282 1483 330 domi
1526 292 1573 330 te
1617 284 1889 331 interficere

140 364 402 412 voluisset.'
474 365 519 410 A
555 362 829 425 coniugatis
863 371 1206 425 argumentum
1246 372 1333 423 est,
1370 379 1483 411 cum
1517 372 1687 412 contra
1718 364 1890 427 proba·
1915 383 1961 416 11

88 503 90 506 Α
139 445 299 494 biliter
329 446 604 493 ostenditur
637 445 758 507 quid
784 445 844 492 sit
874 460 932 492 ex
958 461 1009 492 re
1035 460 1234 507 quaque
1258 453 1534 504 venturum,
1564 454 1617 494 ut
1642 448 1884 508 Vergilius

140 526 286 590 (Aen.
309 529 350 587 8,
378 526 492 590 147)
514 545 522 574 :

94 627 114 667 5
546 609 652 656 Nos
690 608 728 654 si
767 609 968 669 pellant,
1004 609 1126 655 nihil
1163 609 1334 656 adfore
1371 610 1591 668 credunt,

273 690 381 751 quis
416 705 616 737 omnem
657 688 953 751 Hesperiam
989 687 1232 756 [penitus]
1271 706 1358 738 sua
1396 690 1487 738 sub
1526 692 1638 752 iuga
1675 690 1886 739 mittant.

138 772 183 817 A
208 772 367 818 causis
404 779 748 833 argumentum
783 780 869 828 est,
899 773 1102 832 quando
1135 773 1498 820 consuetudine
1531 774 1784 820 communi
1812 789 1886 820 res
1911 790 1965 823 12

136 868 364 915 quaeque
384 861 628 912 tractatur,
655 861 709 900 ut
734 852 996 902 Terentius
1023 852 1197 915 (Andr.
1221 853 1337 919 582)
1362 873 1371 901 ε

206 935 313 996 Ego
347 933 573 981 nonnihil
607 933 786 983 veritus
822 951 930 982 sum
961 936 1153 983 dudum
1187 935 1276 984 abs
1310 945 1358 984 te
1392 951 1578 995 cavere,
1606 953 1669 985 ne
1704 938 1886 986 faceres

65 1033 115 1061 10
204 1016 339 1078 quod
377 1017 548 1078 vulgus
587 1032 837 1064 servorum
876 1018 1014 1076 solet,
1055 1017 1181 1065 dolis
1219 1026 1272 1066 ut
1309 1033 1389 1066 me
1426 1018 1700 1066 deluderes.

136 1097 217 1144 Ab
247 1098 432 1145 effectis
473 1106 818 1160 argumentum
858 1107 945 1157 est,
988 1115 1102 1146 cum
1148 1097 1248 1164 [ex]
1289 1100 1377 1158 his,
1419 1115 1546 1161 quae
1585 1101 1712 1148 facta
1755 1111 1886 1162 sunt,

134 1177 321 1241 aliquid
348 1179 661 1241 adprobatur,
691 1188 744 1227 ut
770 1179 1014 1242 Vergilius
1041 1178 1189 1244 (Aen.
1210 1199 1253 1241 4,
1282 1181 1362 1245 13)
1384 1202 1393 1231 t

543 1263 826 1323 Degeneres
862 1260 1055 1310 animos
1093 1261 1240 1310 timor
1278 1267 1450 1326 arguit.

135 1343 181 1388 A
200 1343 551 1404 conparatione
567 1351 913 1405 argumentum
931 1352 1018 1403 est,
1037 1345 1240 1406 quando
1256 1361 1342 1408 per
1362 1347 1697 1397 conlationem
1724 1365 1883 1412 perso·
1908 1364 1963 1410 13

65 1442 110 1482 15
134 1439 307 1471 narum
334 1425 435 1472 sive
461 1440 719 1472 causarum
746 1424 1022 1473 sententiae
1042 1427 1165 1474 ratio
1186 1427 1279 1474 sub
1306 1426 1616 1491 inputatione
1638 1432 1884 1490 formatur,

134 1513 186 1552 ut
212 1504 455 1568 Vergilius
484 1503 631 1568 (Aen.
659 1523 730 1565 10,
752 1504 838 1570 81)
863 1525 871 1553 ι

337 1589 415 1634 Tu
453 1595 594 1650 potes
632 1589 840 1635 Aenean
877 1587 1107 1636 manibus
1145 1588 1422 1640 subducere
1458 1592 1677 1654 Graium,

338 1685 429 1717 nos
467 1668 655 1731 aliquid
692 1678 865 1717 contra
905 1671 1120 1718 Rutulos
1160 1672 1341 1721 iuvisse
1378 1675 1650 1723 nefandum
1688 1679 1802 1725 est?

137 1751 263 1798 Item
322 1759 610 1814 argumenta
664 1767 791 1813 quae
845 1752 1094 1800 ducuntur
1151 1754 1466 1815 extrinsecus,
1517 1773 1644 1818 quae
1693 1758 1881 1806 Graece
1903 1772 1959 1818 14

61 1849 111 1877 20
134 1833 364 1897 ἀτέχνους,
382 1834 433 1881 id
454 1841 525 1881 est
550 1833 665 1880 artis
690 1842 912 1895 expertes
934 1843 1125 1893 vocant,
1150 1843 1202 1882 ut
1222 1843 1295 1883 est
1320 1836 1674 1886 testimonium.
1725 1840 1883 1888 Testi-

133 1916 356 1962 monium
382 1931 497 1963 vero
524 1923 718 1963 constat
748 1931 814 1963 re.
890 1916 1033 1963 Haec
1060 1914 1294 1964 dividitur
1321 1915 1416 1983 [in]
1444 1918 1665 1982 quinque
1691 1922 1851 1969 modis
1874 1942 1881 1970 :
1905 1938 1958 1985 15

133 1994 183 2043 id
209 2005 295 2055 est,
323 1995 482 2060 primo
508 2013 566 2044 ex
592 2012 814 2058 persona,
845 1997 1068 2045 secundo
1094 2013 1153 2045 ex
1179 2006 1381 2047 naturae
1406 2002 1713 2060 auctoritate,
1739 2002 1881 2048 tertio

133 2092 191 2125 ex
216 2077 522 2140 temporibus
538 2076 900 2136 auctoritatum,
921 2087 1095 2139 quarto
1121 2094 1178 2127 ex
1198 2078 1342 2128 dictis
1364 2082 1604 2144 factisque
1623 2082 1879 2142 maiorum,

134 2158 309 2221 quinto
334 2176 392 2207 ex
418 2158 688 2207 tormentis.
763 2158 960 2207 Tertius
991 2175 1106 2222 ergo
1138 2160 1358 2223 superior
1392 2164 1585 2222 modus,
1614 2165 1698 2226 qui
1725 2173 1798 2213 est
1824 2182 1881 2213 ex

61 2256 109 2296 25
134 2240 454 2303 temporibus,
482 2240 531 2288 in
557 2249 672 2289 octo
699 2240 887 2304 species
914 2242 1171 2290 derivatur.
1248 2243 1409 2292 Prima
1427 2244 1639 2308 ingenio,
1663 2249 1881 2295 secunda

133 2323 325 2384 opibus,
368 2322 510 2371 tertia
547 2332 722 2382 aetate,
765 2332 938 2386 quarta
974 2324 1182 2383 fortuna,
1221 2324 1394 2386 quinta
1432 2335 1548 2386 arte,
1595 2336 1729 2376 sexta
1771 2344 1877 2387 usu,

192 2465 208 2489 1
241 2453 441 2492 liberatur
461 2455 506 2492 K
683 2466 706 2489 2
737 2453 1085 2492 controbabiliter
1106 2454 1261 2505 (-pab-)
1284 2455 1415 2494 ΑΒΤ
1581 2470 1606 2507 3
1637 2471 1744 2508 quae
1765 2459 1818 2499 sit
1838 2460 1883 2498 K

132 2518 156 2556 5
186 2507 353 2557 pellunt
373 2508 419 2545 K
497 2507 660 2546 adforte
683 2506 731 2546 C¹
751 2522 760 2546 ε
789 2508 906 2546 afore
929 2506 979 2546 C2
1143 2510 1169 2546 6
1199 2510 1299 2558 quin
1318 2509 1408 2549 dett.
1507 2513 1677 2561 penitus
1697 2514 1791 2553 lzab.
1809 2515 1878 2552 K:

134 2575 216 2600 om.
238 2562 358 2601 BCT
462 2563 599 2600 mittat
620 2562 667 2600 K
830 2576 850 2611 7
878 2563 1174 2602 consuetudini
1198 2564 1254 2602 T:
1286 2565 1591 2605 consuitudinis
1605 2567 1651 2605 K
1768 2581 1877 2606 com-

135 2617 346 2656 munionis
366 2629 534 2667 quoque
554 2622 785 2655 tractantur
803 2617 849 2654 K
969 2618 994 2655 8
1025 2631 1131 2667 quae
1152 2617 1206 2656 Β1
1342 2633 1368 2670 9
1398 2620 1502 2658 nihil
1523 2634 1606 2661 om.
1630 2621 1675 2659 K
1693 2622 1796 2672 (non
1815 2623 1876 2668 Α)

135 2671 190 2710 du
209 2671 276 2710 K:
308 2672 405 2709 dum
425 2671 467 2708 A
656 2685 705 2710 10
734 2672 842 2711 solet
873 2676 915 2710 et
943 2672 1060 2710 doles
1091 2678 1136 2710 ut
1166 2685 1233 2711 me
1264 2673 1465 2713 diluderis
1495 2675 1542 2712 K
1668 2682 1710 2714 et
1740 2690 1806 2714 me
1839 2677 1877 2714 Β

137 2737 179 2763 11
215 2738 269 2764 ex
288 2726 380 2765 hab.
403 2726 501 2765 CT:
536 2739 618 2766 om.
640 2725 728 2764 ΒΚ
851 2739 898 2774 14
929 2738 1016 2776 arg.
1041 2740 1065 2765 a
1086 2739 1208 2776 conp.
1228 2727 1273 2764 K
1379 2729 1713 2770 conlocationem
1734 2731 1857 2770 BCK
1868 2745 1876 2768 :

134 2780 561 2830 conloquutionemA
744 2792 790 2830 15
823 2781 1012 2820 firmatur
1039 2781 1077 2819 T
1273 2795 1317 2831 17
1347 2795 1502 2822 aeneas
1524 2785 1570 2822 K
1678 2785 1814 2834 gaium
1844 2785 1881 2823 T

139 2835 186 2872 18
216 2835 335 2874 iuves
351 2835 446 2874 sine
461 2836 632 2874 fandum
649 2834 721 2874 K:
751 2835 937 2874 invisere
958 2836 1129 2874 fandum
1146 2835 1187 2874 Β
1299 2850 1347 2887 19
1368 2837 1566 2877 dicuntur
1584 2838 1681 2877 C¹K
1769 2851 1875 2888 quos

141 2888 178 2926 T
299 2902 352 2929 20
381 2896 555 2929 atecnos
577 2890 734 2941 (-chn-)
756 2889 801 2928 K
807 2890 844 2938 T
846 2904 862 2939 .².
893 2896 1041 2929 tecnos
1063 2891 1193 2942 (—gn-)
1216 2890 1296 2929 BC
1402 2893 1646 2931 testimonio
1668 2898 1812 2931 vestro
1833 2893 1879 2931 K

134 2954 182 2981 21
213 2950 378 2985 constat
395 2957 440 2984 re
459 2944 558 2984 CT:
588 2950 783 2984 constare
803 2943 890 2982 ΒΚ
998 2946 1039 2984 ἰη
1061 2945 1152 2984 hab.
1179 2943 1226 2982 K
1243 2959 1252 2984 :
1281 2958 1362 2986 om.
1384 2946 1462 2986 BC
1468 2947 1505 2986 T
1619 2960 1670 2985 22
1701 2953 1875 2986 naturae

134 2999 427 3038 auctoritatem
447 2998 500 3038 C:
521 3003 670 3038 natura
689 2999 982 3038 auctoritatem
1005 2999 1058 3040 T:
1082 3005 1229 3038 natura
1245 3006 1316 3039 aut
1334 3002 1582 3040 auctoritate
1597 3001 1643 3038 K
1732 3014 1784 3050 23
1805 3015 1874 3040 au-

134 3052 370 3092 ctoritatem
399 3054 437 3093 T
583 3068 634 3103 24
665 3055 814 3093 modus
835 3054 1031 3104 superior
1051 3055 1120 3093 K:
1150 3055 1347 3104 superius
1368 3061 1433 3095 est
1454 3056 1504 3094 M
1611 3068 1664 3093 ex
1687 3069 1768 3097 om.
1794 3056 1844 3096 C¹
