2176 3424
474 117 1103 165 ETYMOLOGIARVM
1145 119 1273 164 LIB.
1315 119 1404 164 XI.
1446 117 1459 162 i

97 246 285 293 Comae
310 241 436 292 'sunt
477 244 671 307 proprie
708 262 809 293 non
851 246 980 293 caesi
1011 245 1189 309 capilli,
1227 254 1274 293 et
1305 253 1376 293 est
1407 246 1625 293 Graecus
1663 246 1839 294 sermo.
1865 258 1934 304 30

97 326 228 373 Nam
255 341 421 374 comas
448 325 625 374 Graeci
647 325 832 375 caimos
856 343 885 374 a
911 328 1128 375 secando
1155 325 1432 387 nominant,
1453 328 1587 375 unde
1613 335 1661 375 et
1682 328 1843 390 κείρειν

98 407 305 454 tondere
345 404 576 472 [dicunt].
650 409 777 456 Inde
815 416 864 456 et
903 407 1010 456 cirri
1050 417 1301 467 vocantur,
1348 409 1484 469 quod
1521 407 1669 457 etiam
1710 408 1842 456 idem

97 486 274 535 Graeci
291 483 480 551 μάλλὸν
516 497 709 536 vocant.
783 488 957 538 Crines
984 489 1178 552 proprie
1196 488 1455 537 mulierum
1483 499 1612 537 sunt.
1668 489 1844 537 Dictae
1867 503 1923 548 31

51 583 71 621 5
95 576 259 616 autem
287 567 444 617 crines
466 584 526 617 eo
551 570 687 631 quod
708 568 837 617 vittis
854 569 1206 618 discernantur.
1258 571 1407 618 Vnde
1427 579 1475 618 et
1495 569 1846 619 discriminalia

97 647 340 708 dicuntur,
382 666 411 697 a
453 650 634 712 quibus
666 649 851 698 divisae
890 650 1167 713 religantur.
1257 654 1509 714 Tempora
1548 661 1674 711 sunt,
1718 668 1845 715 quae
1870 666 1933 713 32

97 730 333 779 calvariae
359 732 528 779 dextra
552 732 788 794 laevaque
814 731 1088 781 subiacent.
1153 734 1296 794 Quae
1320 732 1436 781 ideo
1463 732 1532 781 sic
1558 749 1846 796 nuncupan—

97 822 173 861 tur
197 811 312 875 quia
337 822 609 871 moventur,
632 812 838 876 ipsaque
855 813 1129 862 mobilitate
1146 814 1286 877 quasi
1307 824 1530 878 tempora
1546 815 1844 878 quibusdam

97 893 359 943 intervallis
398 903 662 942 mutantur.
752 895 923 943 Facies
964 895 1096 944 dicta
1131 897 1195 944 ab
1229 895 1400 959 effigie.
1491 895 1570 945 Ibi
1599 905 1673 945 est
1713 895 1845 944 enim
1870 909 1934 955 33

27 1003 74 1030 10
98 986 200 1024 tota
226 976 377 1037 figura
398 975 612 1023 hominis
640 974 1097 1040 et'uniuscuiusque
1117 995 1357 1041 personae
1385 977 1617 1042 cognitio.
1666 979 1846 1026 Vultus
1870 990 1935 1037 34

98 1074 210 1106 vero
237 1056 411 1115 dictus,
452 1074 511 1104 eo
537 1057 673 1119 quod
703 1075 790 1120 per
823 1075 936 1106 eum
967 1058 1119 1106 animi
1145 1061 1372 1108 voluntas
1399 1059 1688 1109 ostenditur.
1763 1061 1848 1107 Se-

97 1139 315 1188 cundum
356 1139 660 1187 voluntatem
702 1139 834 1188 enim
875 1141 925 1187 in
962 1139 1120 1189 varios
1152 1150 1316 1189 motus
1358 1150 1586 1202 mutatur,
1629 1142 1763 1189 unde
1802 1151 1848 1188 et

97 1222 327 1269 differunt
373 1219 466 1268 sibi
504 1230 723 1284 utraque.
811 1223 941 1269 Nam
985 1221 1134 1270 facies
1183 1221 1471 1285 simpliciter
1509 1222 1749 1286 accipitur
1789 1223 1851 1270 de

98 1301 485 1364 uniuscuiusque
513 1302 720 1351 naturali
741 1311 943 1365 aspectu
968 1321 979 1363 3
1016 1305 1178 1351 vultus
1204 1314 1368 1352 autem
1397 1304 1678 1353 animorum
1701 1302 1851 1366 quali-

16 1405 73 1445 ¹5
98 1392 247 1431 tatem
275 1382 528 1446 significat.
584 1385 739 1432 Frons
760 1384 823 1431 ab
850 1385 1107 1432 oculorum
1127 1385 1451 1434 foraminibus
1478 1385 1734 1435 nominata
1760 1393 1847 1433 est.
1873 1398 1936 1444 35

100 1467 242 1513 Haec
263 1463 424 1527 imago
451 1466 694 1527 quaedam
716 1464 868 1512 animi
888 1465 1065 1514 mentis
1093 1476 1282 1514 motum
1311 1466 1474 1530 specie
1501 1485 1588 1516 sua
1604 1465 1845 1530 exprimit,

97 1547 215 1593 dum
247 1547 322 1593 vel
349 1547 476 1593 laeta
511 1547 587 1594 vel
614 1545 760 1594 tristis
786 1556 872 1594 est.
964 1547 1109 1596 Oculi
1135 1548 1309 1608 vocati,
1339 1549 1440 1598 sive
1466 1549 1580 1612 quia
1605 1567 1690 1598 eos
1716 1548 1847 1597 cilio-
1875 1546 1942 1604 36

98 1643 206 1674 rum
247 1626 463 1689 tegmina
502 1629 744 1687 occulant,
786 1645 847 1676 ne
887 1645 986 1691 qua
1023 1629 1286 1679 incidentis
1326 1630 1530 1680 iniuriae
1574 1631 1847 1680 offensione

98 1709 371 1768 laedantur,
400 1707 501 1756 sive
535 1708 650 1771 quia
687 1711 937 1757 occultum
968 1711 1137 1759 lumen
1172 1712 1402 1773 habeant,
1430 1712 1480 1761 id
1506 1722 1578 1761 est
1604 1722 1846 1762 secretum

15 1810 77 1837 ‚20
100 1791 176 1837 vel
202 1790 331 1837 intus
362 1789 592 1851 positum.
683 1789 754 1837 Hi
780 1789 906 1839 inter
943 1808 1117 1840 omnes
1154 1809 1327 1842 sensus
1362 1793 1621 1843 viciniores
1651 1794 1848 1843 animae

99 1870 324 1919 existunt.
400 1872 460 1918 In
498 1869 652 1919 oculis
686 1871 819 1920 enirn
851 1889 999 1921 omne
1033 1875 1212 1923 mentis
1242 1874 1482 1924 indicium
1517 1886 1603 1936 est,
1632 1878 1766 1926 unde
1799 1887 1848 1926 et

97 1951 247 1999 animi
273 1951 574 2014 perturbatio
600 1954 675 2000 vel
713 1952 927 2001 hilaritas
958 1954 1007 2001 in
1039 1955 1194 2003 oculis
1219 1966 1436 2019 apparet.
1509 1957 1655 2006 Oculi
1680 1967 1846 2006 autem

99 2031 230 2081 idem
257 2042 305 2080 et
330 2032 530 2081 lumina.
607 2036 669 2081 Et
701 2033 833 2082 dicta
865 2036 1066 2095 lumina,
1104 2039 1240 2099 quod
1274 2055 1332 2086 ex
1362 2038 1431 2086 eis
1465 2040 1634 2088 lumen
1666 2050 1847 2099 manat,

100 2115 175 2161 vel
200 2115 335 2176 quod
366 2131 425 2162 ex
454 2113 594 2162 initio
628 2114 702 2162 sui
740 2117 957 2164 clausam
991 2126 1193 2167 teneant
1227 2121 1404 2181 lucem,
1434 2131 1517 2169 aut
1548 2121 1849 2171 extrinsecus

16 2214 76 2254 ¹²5
99 2205 353 2258 acceptam
393 2197 515 2243 visui
560 2198 886 2259 proponendo
929 2199 1206 2248 refundant.
1307 2201 1498 2264 Pupilla
1537 2213 1610 2251 est
1653 2204 1846 2254 medius
1872 2214 1934 2263 37

100 2285 312 2340 punctus
338 2276 482 2337 oculi,
511 2276 563 2325 in
587 2295 687 2340 quo
720 2277 791 2326 vis
829 2288 902 2327 est
936 2279 1169 2342 videndi3
1206 2282 1291 2330 ubi
1323 2283 1439 2346 quia
1471 2301 1649 2347 parvae
1682 2285 1847 2349 imagi-

99 2375 185 2406 nes
212 2357 355 2406 nobis
381 2359 621 2418 videntur,
650 2367 908 2422 propterea
934 2361 1150 2424 pupillae
1186 2366 1510 2426 appellantur.
1583 2368 1714 2415 Nam
1744 2384 1847 2430 par-

155 2502 179 2525 2
209 2502 233 2526 a
254 2488 440 2527 secundo
461 2487 502 2525 Β
666 2502 691 2538 3
722 2489 866 2528 dicunt
886 2490 980 2529 hab.
1003 2489 1161 2530 BDT:
1190 2506 1272 2533 om.
1300 2493 1364 2532 C:
1394 2501 1546 2534 vocant
1567 2495 1613 2533 K
1734 2498 1846 2535 unde

103 2541 138 2580 C
147 2543 248 2594 (non
261 2541 324 2594 D)
439 2556 463 2591 4
495 2542 647 2581 Graeci
661 2556 743 2582 om.
759 2544 805 2582 K
822 2547 923 2592 (non
945 2545 1006 2594 D)
1094 2547 1322 2587 mallonem
1344 2549 1454 2590 codd.
1477 2550 1618 2599 (etiam
1638 2550 1699 2602 D)
1788 2552 1850 2590 vel

101 2598 299 2646 propriae
437 2609 460 2646 5
491 2597 610 2636 utitis
640 2597 676 2635 T
808 2612 828 2648 7
859 2598 1008 2651 nune.]
1030 2602 1356 2641 nominanturB
1494 2605 1519 2641 8
1551 2611 1790 2655 temporum
1815 2605 1850 2644 C

100 2665 127 2701 9
155 2651 224 2689 ubi
246 2651 292 2688 K
399 2657 464 2689 est
486 2664 568 2691 om.
589 2651 630 2687 Β
649 2666 657 2690 2
680 2658 779 2703 post
797 2653 907 2692 enim
932 2653 967 2692 C
1089 2669 1138 2694 10
1168 2662 1210 2694 et
1231 2671 1313 2696 om.
1336 2657 1382 2695 K
1466 2672 1510 2697 11
1544 2661 1794 2698 ostendatur
1816 2659 1851 2697 C

106 2718 154 2743 12
184 2706 313 2754 enirn]
338 2718 441 2744 vero
463 2705 504 2743 Β
612 2713 716 2746 mut.
738 2714 839 2748 mot.
866 2707 901 2745 C
1010 2722 1057 2757 14
1088 2710 1198 2762 asp.]
1223 2712 1377 2750 affectu
1398 2712 1444 2750 K
1552 2715 1650 2763 quia
1672 2715 1843 2752 latatem

105 2758 161 2798 Cl
275 2760 323 2798 18
354 2759 565 2798 occultant
583 2758 685 2799 CK:
713 2763 908 2802 occulunt
935 2761 973 2800 T
1082 2778 1131 2814 19
1158 2766 1374 2805 l*etantur
1393 2766 1449 2804 Β1
1564 2770 1677 2818 quod
1697 2781 1785 2808 oce.
1803 2768 1850 2807 K

103 2814 261 2853 habent
280 2813 401 2853 BCK
519 2827 573 2853 20
600 2815 678 2854 vie.
697 2817 839 2856 animo
864 2817 898 2855 C
1023 2831 1074 2867 23
1105 2819 1204 2860 lum.
1228 2821 1310 2861 dic.
1333 2822 1432 2861 lum.
1458 2822 1504 2860 K
1592 2822 1726 2874 quod]
1749 2823 1846 2872 quia

104 2867 180 2906 BC
287 2882 338 2918 24
367 2869 500 2920 quod]
523 2869 620 2919 quia
639 2869 720 2908 BC
814 2885 882 2921 qu.
905 2871 994 2911 init.
1028 2872 1064 2910 T
1166 2879 1310 2915 teneat
1339 2876 1428 2915 ΒΚ
1529 2878 1784 2916 intrinsecus
1805 2878 1851 2916 K

105 2933 156 2971 25
185 2929 356 2974 accepta
375 2922 463 2961 ΒΚ
571 2925 767 2964 refundat
783 2926 828 2964 K
937 2927 1010 2967 Pu.
1033 2933 1173 2968 autem
1195 2935 1260 2969 est
1279 2930 1323 2968 D
1447 2935 1500 2970 26
1530 2931 1571 2969 in
1592 2931 1695 2984 quo]
1717 2932 1786 2970 ubi
1806 2931 1848 2969 B

105 2976 172 3038 vis
189 3006 199 3016 .
224 2978 382 3070 ‚hquia
403 2991 482 3017 om.
505 2978 550 3016 K
658 2981 739 3031 vis]
764 2983 878 3020 visus
899 2982 988 3020 DK
1095 2984 1178 3023 vid.
1205 2990 1271 3024 est
1293 2984 1333 3022 Β
1467 2999 1517 3035 27
1548 2998 1647 3025 nam
1668 2986 1758 3037 pa.]
1780 3000 1844 3036 pa.

107 3043 216 3068 enirn
