2176 3424
1051 129 1321 178 ISIDORI

306 257 476 304 leaena
502 259 834 307 concumbere
860 268 907 307 et
933 276 991 307 ex
1016 268 1224 323 utroque
1250 261 1383 310 coitu
1403 263 1669 325 degeneres
1695 273 1860 328 partus
1886 267 2051 326 creari,

228 350 280 389 12
305 342 358 381 ut
395 336 557 383 mulus
595 345 641 384 et
680 337 852 386 burdo.
929 337 1249 387 Rhinoceron
1285 357 1313 388 a
1347 341 1547 389 Graecis
1584 351 1799 392 vocatus.
1876 344 2051 393 Latine

306 414 649 478 interpretatur
682 418 730 466 in
766 437 881 468 nare
916 436 1081 468 cornu.
1159 422 1301 470 Idem
1336 430 1383 470 et
1419 439 1736 483 monoceron,
1764 425 1815 474 id
1845 434 1918 474 est
1944 427 2051 474 uni-

304 514 496 557 cornus,
534 516 593 547 eo
624 502 761 562 quod
798 519 952 550 unum
987 518 1140 550 cornu
1178 502 1228 551 in
1264 505 1429 552 media
1462 506 1619 554 fronte
1653 506 1833 556 habeat
1865 509 2050 570 pedum

306 589 538 643 quattuor
585 582 651 630 ita
698 593 898 632 acutum
942 593 990 632 et
1029 584 1247 634 validum
1290 596 1343 634 ut
1386 586 1630 650 quidquid
1669 587 1927 651 inpetierit,
1968 597 2052 637 aut
2075 613 2096 655 5

305 662 507 713 ventilet
531 674 615 712 aut
639 667 867 728 perforet.
940 668 1070 715 Nam
1105 677 1152 716 et
1185 685 1298 716 cum
1325 669 1599 731 elephantis
1633 687 1779 734 saepe
1804 680 2050 720 certamen

226 759 281 806 13
306 746 472 807 habet,
497 756 543 795 et
569 746 619 794 in
644 756 812 796 ventre
837 750 1146 797 vulneratum
1181 751 1458 813 prosternit.
1529 755 1720 801 Tantae
1752 762 1919 802 autem
1945 770 2051 802 esse

301 828 600 877 fortitudinis
627 839 680 878 ut
706 832 841 878 nulla
859 831 1143 880 venantium
1165 832 1341 881 virtute
1367 833 1586 896 capiatur
1604 853 1616 894 3
1653 837 1753 895 sed,
1777 834 1903 884 sicut
1926 852 2050 884 asse-

301 919 415 958 runt
458 911 542 974 qui
590 921 787 961 naturas
834 913 1121 962 animalium
1172 916 1481 978 scripserunt,
1526 915 1661 978 virgo
1709 919 1872 979 puella
1918 934 2051 980 prae-

302 992 513 1055 ponitur,
543 1010 670 1056 quae
697 994 911 1044 venienti
938 995 1099 1043 sinum
1125 996 1292 1060 aperit,
1322 997 1372 1045 in
1398 1015 1497 1060 quo
1524 1000 1604 1046 ille
1630 998 1766 1047 omni
1799 999 2051 1048 ferocitate
2077 1021 2126 1050 10

305 1075 531 1138 deposita
566 1086 714 1138 caput
751 1078 904 1140 ponit,
945 1078 1114 1141 sicque
1149 1088 1407 1142 soporatus
1444 1081 1575 1128 velut
1611 1080 1809 1129 inermis
1845 1082 2047 1144 capitur.

224 1169 279 1218 14
307 1159 643 1220 Elephantum
654 1159 831 1208 Graeci
847 1177 875 1208 a
886 1160 1226 1223 magnitudine
1245 1161 1460 1225 corporis
1470 1171 1699 1211 vocatum
1711 1172 1899 1226 putant,
1912 1166 2048 1227 quod

303 1241 511 1288 formam
551 1240 733 1289 montis
774 1244 1042 1305 praeferat,
1085 1245 1274 1292 Graece
1313 1243 1445 1292 enim
1484 1261 1627 1293 mons
1663 1247 1815 1308 λόφος
1855 1245 2049 1295 dicitur.

287 1325 455 1386 *Apud
494 1325 650 1372 Indos
686 1333 851 1372 autem
889 1342 917 1372 a
953 1342 1075 1373 voce
1112 1326 1254 1374 barro
1291 1335 1523 1387 vocatur,
1563 1329 1696 1376 unde
1733 1337 1781 1377 et
1817 1346 1910 1377 vox
1947 1329 2050 1378 eius

304 1406 524 1465 barritus,
555 1415 601 1455 et
628 1408 803 1456 dentes
840 1407 973 1456 ebur.
1048 1401 1295 1456 Rostrum*
1323 1418 1489 1457 autem
1527 1410 1825 1473 proboscida
1857 1410 2046 1471 dicitur,
2077 1434 2124 1475 15

304 1487 541 1551 quoniam
566 1489 651 1537 illo
676 1490 914 1552 pabulum
950 1489 1020 1537 ori
1053 1492 1317 1550 admovet;
1353 1500 1401 1539 et
1427 1501 1499 1540 est
1531 1492 1678 1555 angu'i
1712 1492 1895 1553 similis,
1923 1495 2051 1541 vallo

224 1588 282 1638 15
305 1571 524 1619 munitus
542 1571 746 1620 eburno.
800 1574 912 1619 Hos
934 1572 1084 1620 boves
1107 1575 1267 1620 Lucas
1285 1572 1443 1622 dictos
1464 1574 1526 1622 ab
1546 1574 1760 1637 antiquis
1782 1575 2022 1624 Romanis
2041 1593 2049 1623 :

305 1654 470 1713 boves,
500 1655 614 1716 quia
651 1656 841 1702 nullum
878 1656 1060 1702 animal
1096 1654 1328 1718 grandius
1353 1655 1616 1705 videbant:
1656 1659 1833 1718 Lucas,
1857 1657 1972 1720 quia
2001 1658 2050 1705 in

306 1728 526 1784 Lucania
544 1735 653 1784 illos
678 1735 864 1798 primus
885 1738 1096 1799 Pyrrhus
1122 1736 1169 1784 in
1197 1738 1384 1799 proelio
1410 1737 1592 1786 obiecit
1614 1739 1869 1787 Romanis.
1921 1741 2049 1788 Nam

303 1820 400 1866 hoc
433 1834 587 1879 genus
620 1817 884 1866 animantis
918 1817 967 1865 in
1001 1819 1146 1866 rebus
1179 1818 1365 1867 bellicis
1395 1828 1565 1881 aptum
1600 1829 1673 1868 est
1690 1839 1703 1880 3
1739 1820 1788 1867 in
1818 1821 1887 1869 eis
1917 1821 2047 1869 enim
2074 1845 2125 1873 20

306 1902 482 1948 Persae
519 1909 567 1948 et
599 1899 711 1948 Indi
749 1898 921 1963 ligneis
958 1899 1170 1948 turribus
1207 1900 1490 1959 conlocatiS‚
1519 1910 1772 1964 tamquam
1810 1904 1872 1951 de
1909 1920 2050 1951 muro

304 1983 474 2032 iaculis
512 1982 765 2032 dimicant.
839 1983 1100 2031 Intellectu
1136 1991 1300 2031 autem
1338 1992 1385 2031 et
1419 1983 1655 2032 memoria
1692 1987 1846 2033 multa
1871 1987 2048 2049 vigent.

222 2070 281 2118 16
305 2065 556 2128 Gregatim
578 2065 817 2114 incedunt
828 2084 840 2125 ,-
875 2074 1027 2124 motu,
1047 2081 1147 2127 quo
1163 2066 1339 2125 valent,
1361 2067 1572 2114 salutant
1583 2085 1595 2127 ;
1630 2083 1819 2115 murem
1835 2067 2027 2130 fugiunt
2039 2086 2053 2128 3

303 2147 458 2196 aversi
495 2156 677 2196 coeunt
696 2165 707 2207 3
743 2148 945 2210 quando
982 2156 1146 2195 autem
1187 2148 1471 2209 parturiunt,
1513 2147 1561 2195 in
1599 2148 1739 2211 aquis
1769 2151 1843 2197 vel
1880 2148 2050 2197 insulis

305 2229 561 2278 dimittunt
598 2231 723 2278 fetus
761 2238 959 2292 propter
995 2230 1247 2288 dracones,
1277 2229 1391 2291 quia
1428 2229 1611 2278 inimici
1651 2239 1764 2278 sunt
1801 2239 1848 2278 et
1883 2230 1946 2279 ab
1980 2230 2049 2280 eis
2074 2255 2121 2296 25

305 2311 522 2375 inplicati
562 2320 828 2372 necantur,
866 2311 1067 2359 biennio
1103 2320 1269 2359 autem
1307 2319 1502 2374 portant
1539 2313 1682 2372 fetus,
1711 2329 1803 2360 nec
1839 2313 2049 2374 amplius

306 2410 455 2456 quam
496 2396 648 2442 semel
689 2393 895 2456 gignunt
933 2409 1025 2441 nec
1063 2394 1239 2455 plures,
1282 2394 1368 2441 sed
1412 2401 1601 2441 tantum
1645 2409 1830 2454 unum,
1880 2393 2049 2442 vivunt

370 2535 382 2559 t
417 2527 592 2570 utraque
616 2521 664 2560 C1
778 2521 995 2569 degenere
1019 2520 1091 2572 (de
1112 2520 1227 2571 gen.)
1247 2518 1338 2557 KT
1456 2520 1607 2559 creatri
1631 2520 1675 2557 K
1836 2532 1860 2557 2
1893 2520 2049 2572 burdo]

305 2576 451 2615 asinus
471 2575 592 2614 BCT
712 2581 883 2614 vocatur
902 2574 992 2613 ΒΚ
1144 2587 1168 2622 4
1198 2587 1248 2613 eo
1270 2574 1368 2624 quia
1390 2573 1439 2612 Cl
1577 2588 1629 2614 m.
1652 2575 1769 2614 fonte
1799 2574 1875 2612 Tl:
1908 2577 2047 2615 medio

306 2633 354 2671 fr.
376 2631 462 2669 ΒΚ
597 2642 620 2679 5
652 2629 852 2679 inpeterit
881 2629 919 2666 T
1049 2632 1075 2668 6
1104 2635 1219 2669 vent.
1242 2629 1434 2678 aupforet
1457 2629 1501 2667 K
1638 2642 1659 2678 7
1690 2642 1788 2669 esse
1811 2629 1954 2668 CTU:
1983 2637 2048 2670 est

286 2686 392 2724 ιΒΚ
587 2699 613 2734 9
643 2684 947 2734 discripserunt
995 2684 1052 2723 T:
1095 2689 1411 2734 proposuerunt
1448 2684 1489 2722 Β
1643 2685 1897 2735 proponitur
1934 2684 2056 2722 BCT

309 2753 359 2780 10
379 2741 579 2779 veniente
594 2739 681 2777 ΒΚ
762 2739 832 2777 ille
846 2753 928 2777 om.
942 2738 984 2776 B
1099 2752 1143 2777 11
1167 2739 1288 2788 sique
1301 2738 1356 2776 Β1
1441 2744 1664 2789 superatus
1680 2739 1727 2776 K
1836 2752 1884 2788 13
1903 2739 2047 2790 λόφος]

306 2795 476 2846 elaphio
496 2794 606 2847 (-fio)
630 2792 740 2832 KT:
770 2794 941 2844 elephio
959 2793 1040 2833 BC
1151 2806 1198 2842 14
1228 2793 1338 2844 eius]
1360 2800 1402 2832 et
1422 2793 1511 2831 ΒΚ
1621 2805 1669 2842 15
1698 2794 1879 2832 barritas
1898 2793 2048 2831 dicitur

306 2857 348 2888 et
390 2850 426 2889 C
543 2849 838 2899 promuscidae
876 2849 923 2886 K
1087 2850 1135 2886 16
1163 2848 1318 2897 pabulo
1357 2848 1398 2885 Β
1417 2861 1424 2884 :
1469 2847 1619 2898 pabula
1657 2847 1703 2885 K
1823 2853 1965 2886 movet
2004 2847 2050 2885 K

308 2917 354 2954 17
388 2906 576 2943 minutus
601 2903 672 2942 K:
702 2903 875 2942 minitus
905 2903 946 2941 Β
1082 2902 1259 2941 lucanos
1286 2903 1338 2941 ab
1368 2908 1453 2943 ant.
1478 2903 1606 2941 Rom.
1625 2903 1706 2941 dic.
1729 2902 1775 2939 K
1908 2903 2045 2940 dictas

307 2959 341 2995 C
470 2971 519 3007 19
548 2960 707 3009 primos
730 2958 806 3007 Py.
828 2958 893 2996 Β;
925 2958 1063 3007 pirrus
1088 2958 1147 3009 (in
1170 2957 1273 3006 νας.)
1304 2957 1341 2994 Τ
1445 2971 1496 3006 24
1528 2962 1657 2995 count
1685 2955 1722 2994 T
1824 2957 1994 3006 pariunt
2014 2955 2050 2994 C

303 3013 370 3051 vel
389 3014 430 3050 in
452 3014 530 3053 ins.
554 3013 598 3050 K
751 3024 802 3060 25
832 3013 930 3061 quia
953 3013 1006 3051 in.
1029 3018 1126 3052 sunt
1148 3025 1228 3051 om.
1253 3011 1296 3049 K
1453 3014 1506 3050 26
1535 3011 1751 3062 inplicanti
1773 3018 1983 3060 negantur
2003 3010 2048 3048 K

303 3080 353 3117 27
385 3068 517 3116 gignit
546 3068 583 3105 T
685 3066 828 3105 vivent
850 3067 895 3104 K

2156 2175 2176 2303 3

2144 3024 2176 3308 «Μνιινῃψ
2151 2868 2176 2917 ῳ»
2155 2818 2158 2821 >
2147 2764 2171 2792 «a
