2176 3424
430 98 1058 147 ETYMOLOGIARVM
1097 98 1225 144 LIB.
1266 98 1374 143 XX.
1415 95 1514 155 xiii,
1539 95 1616 143 xiv

148 236 369 276 mentum
390 244 592 276 curvum
618 244 732 276 cum
771 226 1031 275 manubrio
1056 228 1219 289 longo,
1247 227 1311 274 ad
1337 224 1633 275 densitatem
1668 224 1888 288 veprium

148 310 514 358 succidendam.
590 308 660 356 Hi
694 318 742 356 et
777 324 1022 357 runcones
1055 307 1186 367 dicti,
1228 306 1407 370 quibus
1439 322 1608 370 vepres
1647 314 1886 364 secantur,

147 407 174 438 a
199 390 453 439 runcando
470 388 604 439 dicti.
665 391 856 438 Serrula
876 397 949 438 est
969 390 1248 452 praetenuis
1274 387 1510 436 lammina
1530 387 1639 437 ferri
1664 387 1889 437 dentium
1914 390 1949 436 6

149 470 468 521 mordacitate
501 487 726 520 resecans
759 470 957 519 arbores
991 487 1076 519 seu
1111 486 1286 518 ramos.
1362 471 1538 518 Rastra
1568 486 1770 532 quoque
1806 477 1890 517 aut

100 574 122 614 5
147 570 175 601 a
199 554 421 602 radendo
446 561 622 601 terram
648 562 731 601 aut
755 570 784 600 a
808 551 1001 600 raritate
1025 551 1250 601 dentium
1276 550 1422 600 dicta.
1498 552 1724 614 Ligones,
1753 552 1890 614 quod

148 643 323 683 terram
364 636 539 693 levent,
581 633 719 697 quasi
756 635 971 682 levones
1043 632 1273 682 Scudicia
1309 632 1440 682 dicta
1477 649 1551 693 eo,
1590 633 1727 695 quod
1763 632 1891 681 circa
1914 633 1943 683 7

149 716 371 765 codicem
421 726 595 765 terram
643 714 867 779 aperiat,
927 726 974 764 et
1016 714 1240 778 quamvis
1288 714 1391 763 eius
1437 731 1552 763 usus
1602 713 1650 762 in
1691 713 1889 778 reliquis

147 797 377 860 operibus
402 797 651 857 habeatur,
681 813 866 846 nomen
890 805 1058 846 tamen
1094 813 1151 846 ex
1175 797 1348 845 codice
1374 797 1562 845 retinet.
1638 797 1784 845 Hanc
1809 796 1889 846 alii

146 880 433 942 generaliter
465 878 725 928 fossorium
760 888 952 938 vocant,
981 880 1117 942 quod
1147 880 1339 927 foveam
1374 877 1532 938 faciat,
1563 878 1703 941 quasi
1736 880 1889 929 foves-

77 977 124 1005 10
146 960 340 1009 sorium.
415 962 655 1009 Sarculus.
730 962 854 1010 Sunt
900 970 1065 1010 autem
1109 962 1184 1009 vel
1227 961 1472 1023 simplices
1522 962 1597 1009 vel
1645 959 1886 1009 bicornes.
1917 957 1946 1003 8

148 1043 450 1090 Pastinatum
478 1052 655 1091 vocant
680 1043 922 1106 agriculae
948 1045 1296 1091 ferramentum
1314 1041 1558 1091 bifurcum
1585 1058 1685 1105 quo
1701 1041 1890 1091 semina

145 1134 434 1188 panguntur.
509 1125 655 1173 Vnde
681 1123 827 1173 etiam
855 1124 1138 1188 repastinari
1173 1124 1332 1173 dictae
1359 1134 1472 1172 sunt
1505 1124 1677 1173 vineae
1702 1134 1888 1174 veteres

144 1222 269 1268 quae
309 1205 627 1255 refodiuntur.
701 1205 965 1270 Cylindrus
1002 1206 1123 1271 lapis
1163 1216 1237 1255 est
1277 1206 1440 1256 teretis
1481 1206 1529 1255 in
1569 1208 1774 1255 modum
1812 1224 1888 1255 co-
1915 1214 1949 1260 9

142 1289 340 1336 lumnae
377 1287 459 1350 qui
497 1305 524 1335 a
562 1288 866 1337 volubilitate
901 1305 1085 1338 nomen
1122 1288 1326 1351 accepit.
1406 1291 1479 1337 De
1515 1305 1614 1351 quo
1644 1288 1887 1352 Vergilius

72 1390 116 1428 15
142 1369 338 1432 (Georg.
371 1387 409 1426 1,
435 1371 581 1433 178):

381 1452 505 1499 Area
542 1468 654 1498 cum
693 1451 859 1514 primis
898 1451 1082 1514 ingenti
1119 1454 1379 1515 aequanda
1416 1452 1650 1515 cylindro,

376 1542 423 1580 et
460 1533 694 1581 vertenda
733 1549 897 1581 manu.

138 1612 341 1661 Tribula
364 1630 519 1675 genus
552 1613 762 1661 vehiculi
798 1616 930 1662 unde
969 1624 1190 1662 teruntur
1226 1616 1483 1675 frumenta,
1515 1625 1562 1664 et
1593 1617 1659 1665 ob
1693 1618 1787 1665 hoc
1818 1615 1882 1664 ita
1910 1627 1968 1661 10

137 1704 381 1744 vocatum.
461 1697 586 1754 Pala,
614 1712 741 1758 quae
780 1696 1105 1745 ventilabrum
1144 1698 1291 1760 vulgo
1316 1696 1511 1758 dicitur,
1535 1714 1564 1746 a
1588 1698 1884 1747 ventilandis

65 1796 115 1823 20
137 1777 288 1839 paleis
314 1777 580 1826 nominata.
678 1781 716 1826 F
719 1778 916 1827 urcillae
938 1778 1099 1827 dictae
1116 1795 1176 1828 eo
1197 1780 1333 1841 quod
1351 1778 1425 1827 his
1442 1781 1686 1828 frumenta
1703 1782 1886 1829 cellun-
1910 1791 1956 1824 11

137 1868 224 1919 tur,
244 1858 294 1908 id
321 1868 392 1908 est
418 1869 690 1908 moventur.
752 1862 899 1909 Vnde
916 1870 963 1909 et
983 1862 1152 1909 oscilla
1172 1862 1303 1909 dicta
1322 1861 1385 1909 ab
1406 1877 1466 1910 eo
1486 1863 1622 1924 quod
1643 1861 1882 1923 cillantur,

135 1941 231 1988 hoc
268 1950 340 1988 est
379 1950 680 2000 moveantur,
715 1957 811 1990 ora.
887 1943 1018 1990 Nam
1055 1941 1219 1991 cillere
1255 1950 1327 1990 est
1357 1958 1568 1992 movere.
1642 1945 1880 1994 Tesserae
1907 1960 1964 1994 12

136 2027 249 2066 sunt
275 2018 454 2081 quibus
474 2020 830 2068 frumentorum
847 2036 1080 2068 numerus
1097 2019 1392 2083 designatur.
1453 2023 1725 2084 Trapetum
1751 2024 1883 2072 mola

137 2099 387 2148 olivarum.
461 2102 656 2150 Prelum
706 2100 868 2150 trabes
909 2118 1010 2163 quo
1049 2118 1142 2149 uva
1185 2103 1371 2149 calcata
1410 2101 1658 2164 premitur,
1702 2120 1731 2151 a
1778 2121 1882 2167 pre-

66 2201 113 2240 25
138 2182 321 2230 mendo
370 2191 613 2242 vocatum,
663 2184 803 2245 quasi
851 2182 1160 2246 pressorium.
1236 2185 1447 2242 Prelum,
1497 2200 1600 2246 quo
1648 2185 1883 2247 premitur

195 2324 211 2349 1
243 2312 436 2350 manibro
456 2311 502 2349 K
608 2325 632 2350 2
662 2312 706 2350 hi
727 2318 769 2351 et
789 2324 981 2351 runcone
1006 2314 1082 2363 (tr-
1104 2312 1173 2351 K:
1204 2325 1317 2352 -nem
1339 2311 1400 2365 N)
1423 2312 1521 2352 dicti
1544 2328 1568 2352 a
1588 2327 1678 2353 run.
1696 2327 1763 2364 qu.
1786 2328 1880 2365 vep.

136 2379 219 2406 sec.
245 2365 348 2418 (om.
370 2366 470 2405 dicti
491 2366 582 2417 alt.)
606 2365 698 2405 KN
714 2367 814 2419 (non
841 2367 896 2417 U>
1058 2380 1083 2416 3
1115 2366 1279 2406 Serulla
1302 2367 1349 2406 C¹
1528 2383 1552 2417 4
1583 2370 1812 2408 mordacite
1850 2369 1886 2408 C

136 2421 264 2459 ramis
303 2420 359 2458 Bl
530 2434 599 2470 qu.
639 2435 663 2460 a
701 2423 788 2460 rad.
828 2422 874 2460 K
1092 2434 1114 2469 7
1144 2423 1334 2461 cudicem
1373 2421 1420 2460 K
1636 2425 1660 2461 8
1689 2424 1802 2463 hunc
1840 2424 1882 2462 Β

134 2487 160 2524 9
189 2475 411 2514 fossoriam
431 2475 512 2514 BC
782 2475 1054 2514 fovessoriam
1075 2474 1157 2515 BC
1173 2491 1182 2515 ε
1210 2477 1490 2517 fobessorium
1516 2477 1554 2516 T
1571 2483 1619 2517 ut
1635 2478 1738 2518 vid.:
1768 2479 1880 2517 fove-

135 2530 292 2568 sorium
313 2529 403 2568 KN
513 2543 562 2569 10
591 2536 716 2570 sunt.
739 2560 748 2570 .
774 2560 783 2570 .
807 2531 1003 2569 bicornes
1023 2544 1105 2569 om.
1131 2531 1336 2578 KN(vid.
1361 2532 1493 2584 infra)
1622 2546 1666 2570 11
1699 2532 1792 2584 bif.]
1816 2540 1881 2572 est

135 2591 274 2623 autem
313 2584 381 2623 vel
414 2585 607 2634 simplice
645 2585 711 2624 vel
750 2585 955 2623 biforcum
996 2585 1084 2636 (—co
1124 2585 1186 2636 Ν)
1225 2586 1316 2624 ΚΝ
1497 2600 1546 2626 12
1574 2594 1808 2638 purgantur
1850 2587 1888 2626 T

136 2639 399 2689 repastinare
435 2638 523 2677 ΒΚ
678 2645 762 2679 vet.
803 2640 887 2679 vin.
928 2639 963 2679 C
1136 2652 1186 2689 13
1214 2641 1429 2681 fodiuntur
1465 2641 1520 2680 Β1
1666 2643 1880 2682 Cilindrus

136 2692 216 2733 BC
224 2693 261 2731 T
423 2700 536 2732 teres
559 2694 660 2732 CK:
690 2695 865 2733 terentis
893 2694 954 2733 T:
984 2700 1124 2733 terrae
1139 2696 1192 2733 tis
1214 2696 1255 2733 Β
1449 2699 1497 2735 16
1525 2699 1743 2746 aequando
1766 2698 1878 2749 (eq-)

138 2746 216 2785 CT
399 2748 577 2788 cilindro
615 2748 734 2788 BCT
964 2750 1013 2787 18
1042 2750 1235 2788 vehicula
1276 2750 1326 2790 Cl
1530 2765 1601 2791 un.
1642 2758 1685 2791 et
1723 2757 1800 2791 ter.
1848 2752 1886 2791 T

142 2814 189 2851 19
219 2802 362 2842 Palam
403 2803 450 2841 K
628 2817 681 2842 20
713 2803 926 2843 Forcellae
963 2803 1052 2842 ΒΚ
1234 2818 1282 2844 21
1314 2805 1535 2844 scillantur
1572 2806 1660 2845 ΒΚ
1695 2806 1878 2858 (Tn.l.)

137 2869 188 2894 22
218 2857 382 2909 cillere]
404 2858 527 2896 etiam
554 2858 593 2895 V
610 2857 672 2908 (T
685 2872 723 2897 n.
744 2858 790 2906 l.)
943 2858 1151 2898 Terserae
1174 2859 1210 2898 C
1410 2874 1462 2910 23
1492 2861 1733 2911 Trapedum
1754 2861 1801 2900 K
1819 2861 1886 2913 (T

138 2925 178 2950 n.
196 2911 243 2962 l.)
393 2925 444 2962 24
475 2913 678 2952 olivarum
700 2913 745 2951 K
753 2913 789 2951 T
804 2927 851 2951 ex
873 2913 1032 2965 (anteZ)
1055 2927 1173 2954 corn:
1202 2909 1377 2954 olivaria
1397 2915 1474 2954 BC
1480 2915 1518 2953 T
1531 2919 1625 2954 ante
1645 2916 1757 2966 (exit)
1778 2930 1878 2956 corr.

137 2966 328 3058 proelBum
369 2966 462 3005 K2:
512 2967 704 3006 Praelum
743 2967 782 3004 Β
930 2975 1069 3007 traves
1109 2968 1196 3006 KT
1328 2982 1379 3018 25
1410 2969 1601 3020 proelum
1637 2970 1706 3009 K:
1755 2983 1877 3021 prae-

153 3032 219 3058 um
