2228 3444
1098 146 1375 197 ISIDORI

487 270 537 320 Si
575 272 673 319 fata
709 269 866 319 virum
905 279 1112 330 servant,
1153 270 1191 319 si
1229 271 1440 319 vescitur
1475 287 1592 318 aura

496 354 739 413 aetherea,
780 370 944 417 neque
979 354 1145 402 adhuc
1182 351 1468 402 crudelibus
1505 352 1718 401 occubat
1755 353 1956 402 umbris.

351 437 540 484 Totum
575 434 708 484 enim
743 437 881 498 quod
918 434 1154 499 repetitur
1187 451 1286 483 una
1319 451 1394 484 res
1429 443 1516 495 est,
1552 436 1640 484 sed
1674 435 1847 484 crebro
1882 452 2108 484 sermone

267 535 325 570 10
351 517 658 567 adnuntiata.
742 517 952 581 Eclipsis
985 527 1058 567 est
1088 518 1312 567 defectus
1344 515 1590 577 dictionis,
1623 516 1673 566 in
1705 534 1805 581 quo
1834 517 2109 567 necessaria

351 599 500 649 verba
526 602 721 659 desunt,
750 609 803 648 ut
831 599 985 664 (Virg.
1004 602 1130 649 Aen.
1151 618 1195 660 4,
1222 602 1335 664 138)
1357 619 1365 648 ε
2133 619 2154 658 5

929 682 1024 732 Cui
1062 684 1288 745 pharetra
1326 697 1384 731 ex
1419 697 1568 732 auro:

282 778 327 813 11
351 765 490 813 deest
516 763 649 813 enim
680 768 690 788 ⁴
707 766 837 813 erat.⁷
923 766 967 811 T
969 763 1187 827 apinosis
1213 773 1286 814 est
1313 762 1578 824 humilitas,
1601 771 1782 812 statum
1809 763 1876 813 rei
1902 780 2109 827 magnae

351 845 495 895 dictis
521 845 789 905 infirmans,
818 854 872 894 ut
898 845 1052 909 (Virg.
1071 849 1198 895 Aen.
1222 864 1260 907 1,
1285 844 1400 910 118)
1423 865 1430 895 :

673 931 930 991 Apparent
967 928 1058 976 rari
1095 938 1269 978 nantes
1305 928 1356 976 in
1392 929 1580 992 gurgite
1617 938 1768 978 vasto.

273 1026 327 1060 12
356 1010 670 1074 ‘Gurgitem'
697 1010 862 1074 posuit
888 1027 977 1074 pro
1007 1014 1198 1060 ‘mare’
1278 1012 1696 1074 Cacosyntheton,
1726 1010 1901 1060 vitiosa
1925 1027 2107 1075 conpo-
2133 1026 2183 1055 10

350 1091 461 1141 sitio
488 1092 763 1152 verborum,
792 1102 846 1142 ut
870 1091 1025 1158 (Virg.
1043 1096 1169 1142 Aen.
1191 1111 1234 1156 9,
1259 1093 1375 1156 609)
1399 1112 1407 1140 :

924 1206 990 1210 —
1010 1178 1266 1239 Versaque
1302 1174 1567 1223 iuvencum

916 1265 1052 1321 terga
1088 1257 1351 1320 fatigamus
1389 1257 1543 1305 hasta.

272 1352 327 1400 13
353 1337 695 1401 Amphibolia,
711 1337 944 1402 ambigua
960 1338 1127 1399 dictio,
1149 1356 1275 1402 quae
1293 1340 1347 1387 fit
1362 1349 1447 1387 aut
1463 1355 1550 1401 per
1568 1354 1737 1386 casum
1754 1337 2103 1397 accusativum,

351 1429 403 1469 ut
429 1421 550 1470 illud
576 1437 868 1483 responsum
900 1419 1147 1484 Apollinis
1173 1422 1236 1469 ad
1264 1422 1504 1483 Pyrrhum
1534 1419 1682 1484 (Enn.
1704 1421 1833 1468 Ann.
1861 1419 1974 1484 179)
1998 1440 2006 1469 :
2134 1431 2180 1470 15

620 1502 716 1551 Aio
754 1512 820 1563 te,
857 1501 1089 1562 Aeacida,
1132 1505 1390 1551 Romanos
1428 1503 1623 1550 vincere
1660 1518 1818 1565 posse.

354 1586 415 1632 In
445 1602 546 1648 quo
577 1601 679 1632 non
711 1594 783 1634 est
815 1594 1017 1644 certum,
1052 1600 1201 1647 quem
1233 1583 1282 1632 in
1314 1585 1422 1647 ipso
1451 1601 1594 1633 versu
1626 1584 1969 1633 monstraverit
1999 1599 2107 1631 esse

267 1680 324 1728 14
350 1665 600 1716 victorem.
677 1665 754 1714 Fit
788 1676 835 1716 et
870 1683 956 1730 per
980 1666 1218 1715 incertam
1245 1665 1631 1727 distinctionem,
1660 1674 1711 1714 ut
1740 1664 1892 1731 (Virg.
1912 1668 2037 1714 Aen.
2063 1682 2102 1724 1,

355 1749 500 1814 263):

842 1819 1035 1867 Bellum
1075 1816 1248 1881 ingens
1284 1826 1419 1880 geret
1458 1817 1614 1865 Italia.
2132 1833 2183 1860 20

359 1900 555 1948 Incerta
593 1899 860 1959 distinctio,
897 1908 1061 1947 utrum
1100 1899 1315 1947 ‘bellum
1354 1900 1559 1962 ingens,'
1595 1914 1659 1947 an
1697 1897 1896 1961 ‘ingens
1936 1896 2110 1946 Italia.'

273 1995 326 2044 15
351 1981 429 2030 Fit
459 1991 507 2030 et
537 1998 622 2045 per
648 1997 914 2030 commune
945 1981 1164 2040 verbum,
1194 1990 1275 2029 ut:
1306 1985 1317 2006 ‘
1336 1982 1641 2045 Deprecatur
1671 1981 1811 2040 Cato,
1845 1981 2110 2028 calumnia-

350 2073 426 2112 tur
447 2063 638 2123 Cicero,
658 2065 983 2126 praestolatur
1005 2066 1199 2122 Brutus,
1211 2062 1508 2126 dedignatur
1528 2062 1815 2124 Antonius'3
1831 2078 1924 2111 nec
1945 2070 2105 2111 osten-

349 2146 480 2195 ditur
505 2145 557 2194 in
576 2147 668 2194 hac
687 2145 1011 2210 ambiguitate
1032 2155 1198 2194 utrum
1223 2145 1315 2209 ipsi
1341 2146 1477 2206 alios,
1499 2162 1564 2195 an
1588 2144 1670 2193 alii
1697 2143 1829 2208 ipsos
1856 2146 2104 2208 deprecati

266 2232 325 2282 16
349 2238 463 2278 sunt
488 2237 573 2276 aut
597 2227 897 2277 calumniati.
992 2227 1069 2276 Fit
1095 2238 1143 2277 et
1171 2244 1258 2291 per
1283 2229 1601 2291 homonyma,
1631 2243 1731 2290 quo
1766 2244 1867 2276 uno
1901 2226 2104 2276 nomine
2131 2241 2179 2281 25

349 2312 505 2359 multa
529 2309 878 2374 significantur,
902 2319 954 2359 ut
977 2309 1164 2370 ‘acieS,'
1199 2319 1246 2359 et
1267 2325 1369 2359 non
1394 2311 1549 2359 addas
1574 2318 1659 2358 aut
1686 2309 1807 2370 ferri,
1831 2318 1914 2358 aut
1940 2310 2105 2358 oculo-

348 2407 470 2451 rum,
499 2401 583 2440 aut
609 2391 836 2441 militum.

157 2481 326 2522 XXXV
486 2476 570 2522 DE
608 2489 990 2524 METAPLASMIS.
1063 2475 1422 2539 Metaplasmus
1471 2475 1661 2523 Graeca
1706 2473 1885 2538 lingua,
1931 2473 2105 2522 Latine

349 2555 713 2605 transformatio
733 2555 927 2605 dicitur.
990 2556 1091 2618 Qui
1118 2558 1172 2605 fit
1191 2556 1241 2604 in
1263 2573 1365 2605 uno
1385 2556 1536 2605 verbo
1561 2565 1761 2621 propter
1777 2557 1918 2605 metri
1937 2572 2103 2605 neces-

293 2649 324 2684 2
348 2637 542 2686 sitatem
569 2646 618 2687 et
643 2637 893 2687 licentiam
927 2648 1186 2703 poetarum
1206 2657 1219 2700 3
1254 2638 1393 2687 cuius
1428 2640 1616 2702 species
1642 2637 1764 2688 istae
1789 2647 1914 2687 sunt.
1990 2640 2103 2686 Pro·
2128 2656 2180 2695 30

347 2718 499 2768 thesis
536 2719 784 2783 adpositio
821 2721 870 2768 in
908 2719 1150 2785 principio
1186 2720 1336 2780 verbi,
1373 2730 1425 2769 ut
1463 2718 1690 2786 [‘gnato'
1725 2737 1814 2783 pro
1855 2720 2026 2768 ‘nato'
2056 2729 2103 2768 et

407 2862 424 2888 1
456 2850 702 2890 virorumB
831 2852 856 2888 8
887 2851 1024 2890 dictus
1048 2851 1084 2890 T
1211 2863 1258 2900 14
1288 2856 1457 2890 autom.
1482 2851 1519 2889 T
1646 2851 1696 2888 16
1725 2850 1870 2889 eacida
1890 2849 1954 2888 U:
1982 2849 2103 2888 acida

346 2905 434 2944 Bl:
465 2906 654 2945 eacidam
682 2905 796 2944 AT:
826 2906 970 2946 eacide
1005 2906 1055 2947 C1
1321 2907 1370 2944 18
1398 2905 1734 2956 distinctionem]
1757 2903 2044 2944 definitionem
2073 2903 2111 2942 T

347 2973 397 3010 24
429 2974 483 2999 an
501 2960 571 2999 alii
590 2960 708 3012 ipsos
728 2973 808 3000 om.
834 2959 872 2998 T
1040 2972 1091 3011 25
1121 2961 1205 3000 sint
1224 2959 1266 2998 A
1280 2959 1317 2998 T
1332 2959 1435 3012 (non
1459 2960 1515 3010 U)
1642 2960 1853 2999 omonima
1870 2958 1913 2996 B
1932 2971 1940 2997 ε
1973 2971 2102 2997 -mam

347 3015 458 3053 AC:
486 3029 619 3054 -mum
639 3014 677 3054 T
819 3016 872 3052 26
902 3020 947 3054 ut
968 3015 994 3055 f.
1018 3015 1056 3054 T
1207 3028 1256 3065 31
1291 3021 1422 3064 gnato
1445 3046 1455 3054 .
1483 3045 1493 3055 .
1514 3044 1523 3054 .
1547 3014 1642 3053 tulit
1662 3027 1745 3054 om.
1763 3013 1843 3053 C1:
1873 3018 1915 3052 et
1936 3018 2010 3053 tet.
2027 3027 2104 3064 pro

349 3074 406 3110 tu.
428 3082 509 3109 om.
531 3070 573 3108 A
583 3070 632 3110 C²
