2228 3444
1072 179 1346 228 ISIDORI

327 323 469 354 cussa
499 324 528 354 a
561 308 810 355 Mercurio
836 307 1053 356 sonitum
1084 308 1255 368 dedit3
1289 310 1354 357 ad
1388 307 1526 357 cuius
1561 308 1778 372 speciem
1806 309 2082 359 Mercurius

328 389 479 450 lyram
505 388 620 437 fecit
646 399 692 437 et
720 390 924 452 Orpheo
950 389 1163 449 tradidit,
1193 391 1278 453 qui
1304 389 1407 439 eius
1434 390 1502 439 rei
1535 391 1748 441 maxime
1774 402 1876 441 erat
1902 391 2084 441 studio-

269 478 303 524 9
330 486 425 517 sus.
498 472 646 519 Vnde
682 470 986 519 existimatur
1022 473 1198 520 eadem
1235 481 1337 520 arte
1373 489 1475 521 non
1512 474 1635 521 feras
1673 483 1879 534 tantum,
1914 475 2002 523 sed
2037 482 2085 522 et

329 568 443 600 saxa
466 561 615 614 atque
641 552 785 602 silvas
815 562 989 602 cantus
1016 553 1357 602 modulatione
1377 553 1688 616 adplicuisse.
1740 557 1890 604 Hanc
1910 554 2085 603 musici

328 642 527 695 propter
560 633 708 682 studii
745 652 965 683 amorem
1003 644 1051 684 et
1085 634 1314 684 carminis
1351 637 1550 685 laudem
1589 636 1735 684 etiarn
1771 636 1896 686 inter
1927 636 2086 686 sidera
2112 657 2132 695 5

329 732 525 763 suarum
544 716 818 764 fabularum
837 718 1116 766 conmentis
1133 719 1442 766 conlocatam
1464 733 1570 766 esse
1588 719 1846 767 finxerunt.
1877 722 2087 782 Tympa-

329 813 448 844 num
487 807 559 845 est
596 798 736 861 pellis
761 800 838 848 vel
875 800 1061 847 corium
1098 798 1231 862 ligno
1269 816 1327 847 ex
1364 816 1462 847 una
1494 809 1630 862 parte
1656 809 1922 849 extentum.
1997 802 2086 849 Est

247 892 304 926 10
329 878 462 926 enim
500 896 610 941 pars
648 880 813 929 media
849 880 1174 943 symphoniae
1211 881 1262 928 in
1299 880 1673 930 similitudinem
1710 881 1870 930 cribri.
1940 884 2087 945 Tym-

329 978 515 1023 panum
548 971 715 1010 autem
750 962 938 1011 dictum
966 965 1102 1025 quod
1141 962 1361 1012 medium
1396 972 1482 1022 est,
1517 965 1651 1012 unde
1689 973 1736 1012 et
1774 963 2087 1027 margaritum

331 1042 551 1092 medium
571 1053 861 1107 tympanum
880 1045 1056 1093 dicitur
1076 1063 1087 1105 3
1124 1055 1171 1094 et
1188 1045 1348 1108 ipsud,
1368 1055 1420 1093 ut
1441 1045 1750 1108 symphonia,
1767 1047 1831 1095 ad
1851 1045 2087 1109 virgulam
2114 1064 2170 1101 ιο,

265 1135 309 1169 11
331 1125 614 1187 percutitur.
689 1127 929 1189 Cymbala
965 1127 1213 1175 acitabula
1249 1129 1495 1190 quaedam
1533 1136 1659 1186 sunt,
1696 1144 1823 1190 quae
1859 1144 2090 1190 percussa

331 1206 542 1255 invicem
562 1224 613 1256 se
630 1217 837 1271 tangunt
855 1218 902 1258 et
923 1209 1108 1257 faciunt
1125 1226 1318 1258 sonum.
1365 1208 1511 1257 Dicta
1530 1217 1695 1257 autem
1714 1209 1954 1272 cymbala,
1975 1208 2089 1272 quia

333 1307 447 1337 cum
468 1290 751 1339 ballematia
771 1290 915 1339 simul
932 1291 1296 1354 percutiuntur3
1321 1307 1434 1339 cum
1453 1290 1584 1339 enim
1603 1291 1779 1340 Graeci
1797 1291 1969 1340 dicunt
1987 1294 2089 1351 σύν,

255 1383 309 1418 12
331 1374 467 1434 βαλά
482 1371 776 1420 ballematia.
807 1374 1011 1421 Sistrum
1030 1373 1093 1422 ab
1111 1372 1380 1422 inventrice
1390 1381 1634 1422 vocatum.
1665 1372 1757 1421 Isis
1775 1372 1906 1421 enim
1924 1373 2089 1437 regina

332 1453 686 1517 Aegyptiorum
714 1454 764 1504 id
790 1472 944 1517 genus
971 1455 1216 1504 invenisse
1251 1457 1498 1518 probatur.
1577 1455 1826 1504 Iuvenalis
1852 1456 1951 1519 (13,
1974 1458 2056 1519 93)
2081 1475 2089 1504 :
2117 1473 2161 1512 15

673 1536 765 1584 Isis
803 1546 851 1585 et
888 1537 1010 1586 irato
1048 1537 1185 1586 feriat
1222 1555 1334 1586 mea
1369 1537 1557 1585 lumina
1594 1536 1749 1586 sistro.

334 1618 461 1665 Inde
499 1627 546 1665 et
582 1618 678 1666 hoc
716 1619 943 1668 mulieres
974 1619 1268 1682 percutiunt,
1298 1621 1414 1682 quia
1449 1618 1689 1668 inventrix
1723 1620 1867 1668 huius
1900 1619 2090 1683 generis

334 1698 519 1746 mulier.
595 1702 743 1749 Vnde
769 1710 815 1749 et
841 1703 975 1764 apud
999 1704 1281 1750 Amazonas
1316 1701 1458 1750 sistro
1491 1702 1555 1750 ad
1590 1701 1775 1749 bellum
1795 1703 2089 1751 feminarum

255 1789 309 1835 13
334 1779 573 1828 exercitus
591 1782 871 1831 vocabatur.
912 1782 1292 1832 Tintinabulum
1319 1785 1381 1831 de
1408 1799 1533 1832 sono
1550 1782 1683 1831 vocis
1709 1800 1895 1831 nomen
1921 1784 2085 1844 habet,

256 1871 310 1917 14
334 1861 459 1910 sicut
482 1859 573 1928 [et]
600 1865 799 1926 plausus
827 1881 1079 1925 manuum,
1099 1864 1277 1913 stridor
1301 1866 1563 1912 valvarum.
1615 1865 1920 1928 Symphonia
1944 1867 2090 1929 vulgo
2113 1879 2163 1908 20

333 1945 608 2006 appellatur
633 1945 822 2009 lignum
848 1963 1023 1995 cavum
1051 1963 1108 1996 ex
1143 1956 1350 2009 utraque
1384 1955 1521 2009 parte
1547 1948 1674 2009 pelle
1701 1955 1910 2007 extenta,
1939 1965 2088 2010 quam

334 2025 528 2088 virgulis
566 2026 682 2075 hinc
719 2038 766 2077 et
803 2028 920 2077 inde
958 2028 1133 2077 musici
1165 2028 1356 2088 feriunt,
1386 2030 1540 2091 fitque
1574 2027 1624 2076 in
1650 2045 1708 2077 ea
1741 2045 1799 2078 ex
1823 2029 2091 2079 concordia

334 2107 489 2170 gravis
517 2117 564 2156 et
588 2108 721 2157 acuti
748 2110 1065 2158 suavissimus
1093 2119 1280 2159 cantus.

157 2196 307 2237 XX111
472 2191 555 2237 DE
593 2206 828 2239 NVMERls
868 2207 1087 2241 MVSICIS.
1163 2194 1411 2241 Numeros
1444 2202 1611 2241 autem
1642 2193 1918 2241 secundum
1947 2193 2091 2242 musi-

335 2289 444 2319 cam
482 2271 548 2319 ita
585 2272 792 2335 quaeris.
869 2273 1047 2322 Positis
1085 2273 1326 2330 extremiS,
1363 2282 1539 2336 utputa
1572 2289 1623 2321 VI
1659 2283 1706 2321 et
1739 2275 1887 2322 decas
1917 2275 2090 2339 dipon-
2114 2287 2162 2326 25

336 2353 462 2412 dius,
513 2353 652 2402 vides
702 2365 824 2418 quot
875 2355 1176 2404 monadibus
1227 2364 1483 2418 superetur
1520 2371 1570 2402 VI
1619 2371 1648 2403 a
1692 2370 1784 2413 ΧΠ,
1830 2364 1878 2404 et
1926 2364 1999 2403 est
2036 2369 2087 2402 VI

392 2493 416 2529 3
463 2482 730 2522 existimatur
766 2485 833 2536 (ex
870 2484 1040 2533 extim-)
1085 2483 1141 2522 T:
1187 2492 1228 2524 et
1260 2485 1482 2523 estimatur
1519 2485 1623 2524 BC:
1668 2490 1711 2523 et
1746 2484 2015 2523 existimatur
2048 2483 2095 2521 K

341 2537 519 2575 eandem
541 2544 675 2577 artem
696 2539 742 2576 K
868 2554 892 2589 4
922 2539 1094 2579 sillabas
1123 2539 1160 2576 T
1279 2552 1339 2578 ca.
1365 2545 1406 2578 et
1427 2540 1656 2578 modolatio
1676 2539 1723 2577 K
1850 2550 1874 2588 5
1905 2539 2088 2577 studium

347 2591 384 2629 T
569 2595 595 2630 6
625 2594 884 2633 continentis
912 2594 948 2632 T
1123 2594 1390 2633 conlocatum
1412 2594 1458 2632 K
1656 2608 1677 2644 7
1709 2599 1930 2633 extentum
1949 2592 2088 2633 BCT:

339 2651 496 2684 tectum
512 2646 559 2684 K
666 2650 691 2686 8
717 2649 831 2687 enirn
849 2662 930 2688 om.
952 2649 1000 2687 Cl
1116 2660 1166 2687 10
1194 2655 1237 2687 et
1257 2649 1349 2698 ipsa
1369 2661 1478 2698 sym.
1500 2648 1546 2686 K
1630 2653 1648 2696 ᾗ
1669 2662 1714 2688 11
1744 2662 1827 2687 om.
1845 2647 2008 2697 K(non
2023 2647 2088 2697 A)

343 2713 391 2749 13
419 2713 512 2739 cum
529 2701 769 2742 ballematia
782 2703 1134 2743 ACHTUBern.
1150 2717 1250 2752 224:
1277 2704 1424 2742 ciballa
1441 2703 1620 2742 ematica
1633 2704 1673 2742 Β
1691 2718 1699 2742 :
1730 2716 1822 2742 cum
1838 2702 2090 2741 ballematiis

343 2753 445 2794 Vut
462 2755 541 2795 vid.
655 2758 781 2796 simul
803 2788 812 2797 .
835 2788 844 2797 .
871 2788 880 2797 .
901 2758 1143 2797 ballematia
1162 2772 1246 2797 om.
1268 2757 1310 2796 A
1442 2758 1684 2808 percutiunt
1703 2756 1756 2795 H
1863 2757 1900 2796 ci
1921 2757 2032 2795 enim
2049 2757 2091 2795 Β

337 2823 492 2860 grecus
514 2810 667 2850 dicitur
686 2813 739 2850 H
938 2813 1027 2861 σύν,
1047 2813 1180 2865 βαλα]
1201 2812 1375 2852 cimbala
1396 2812 1507 2852 codd.
1530 2827 1538 2852 :
1570 2825 1663 2852 curn
1682 2812 1792 2850 balle
1815 2827 1912 2848 mne*
1931 2811 2002 2849 alii
2029 2811 2085 2851 V:

338 2865 516 2903 cimbale
535 2865 676 2906 Rem.¹
698 2869 800 2918 (pro
820 2868 1050 2916 συμβαλεῖν
1065 2869 1098 2917 2)
1238 2880 1355 2918 pere.
1379 2867 1451 2906 Gr.
1477 2881 1541 2906 en.
1564 2866 1741 2906 cimbala
1762 2866 1856 2906 ball.
1883 2866 2027 2904 dicunt
2047 2865 2092 2904 D

342 2922 390 2958 16
421 2919 523 2958 visis
544 2926 588 2959 et
610 2922 657 2960 ir.
682 2922 738 2961 fe.
761 2935 855 2960 mea
876 2922 1031 2962 limena
1051 2922 1098 2960 K
1291 2934 1337 2971 17
1369 2923 1481 2961 unde
1500 2922 1542 2960 Β
1735 2922 1785 2958 18
1815 2920 1911 2960 mul.
1938 2920 2090 2958 exterit

338 2987 406 3013 un.
433 2974 479 3012 Κ
481 2974 516 3012 C
668 2981 710 3014 et
731 2989 813 3015 om.
837 2976 884 3015 K
1038 2991 1087 3028 19
1116 2976 1332 3016 vocabitur
1352 2976 1409 3014 Β1
1574 2989 1628 3015 20
1657 2981 1700 3014 et
1719 2975 1814 3014 hab.
1833 2974 1914 3013 BC
1918 2974 1974 3013 T:
2002 2988 2085 3014 om.

338 3028 384 3066 K
517 3043 566 3068 21
601 3030 756 3080 lignum
789 3037 852 3070 est
883 3045 1032 3071 cavum
1063 3032 1110 3070 K
1233 3043 1359 3081 quam
1390 3031 1555 3081 virgula
1575 3030 1645 3069 K:
1673 3030 1788 3080 quod
1817 3029 2020 3079 vergilius
2048 3029 2090 3067 B

339 3096 390 3132 23
420 3085 540 3134 gravi
559 3090 602 3124 et
615 3086 728 3125 acuti
751 3085 808 3124 T:
837 3087 956 3136 gravi
974 3093 1016 3125 et
1032 3085 1216 3137 agutoK
1327 3099 1379 3135 24
1412 3086 1535 3125 Num.
1555 3098 1620 3125 au.
1642 3085 1828 3124 musicae
1843 3083 1890 3122 K
1904 3084 2007 3136 (non
2022 3084 2085 3136 A)

338 3150 390 3187 25
421 3140 546 3188 positi
569 3140 615 3178 K
777 3141 830 3178 26
860 3154 936 3180 sex
957 3142 1008 3180 ad
1030 3140 1254 3181 duodecim
1287 3139 1324 3178 T
1895 3151 1898 3154 ⁴
1987 3150 1991 3154 ·
