2228 3444
1035 162 1307 212 ISIDORI

299 311 438 359 quos,
468 313 569 360 quo
594 304 830 360 tempore,
860 314 958 361 qua
983 300 1103 362 lege,
1132 316 1232 362 quo
1259 299 1475 361 crimine,
1505 318 1602 364 qua
1627 318 1788 365 poena
1814 311 2051 366 oporteat.

297 378 610 427 Translativa
650 379 952 439 constitutio,
995 382 1130 443 quod
1169 381 1299 430 actio
1337 383 1669 431 translationis
1703 393 1751 432 et
1785 394 2055 433 commuta·

243 473 274 519 5
298 460 447 509 tionis
484 460 703 525 indigere
746 461 952 511 videtur.
1028 462 1281 513 Iudicialis
1319 473 1405 525 est,
1442 464 1494 513 in
1531 482 1630 528 qua
1668 466 1813 529 aequi
1855 476 1903 516 et
1936 467 2055 515 recti

299 549 472 588 natura
497 549 545 589 et
577 540 794 604 praemia
829 550 914 590 aut
944 558 1135 604 poenae
1171 542 1294 591 ratio
1324 543 1585 607 quaeritur.
1660 544 1932 608 Negotialis
1967 554 2052 605 est,

299 622 348 670 in
375 639 474 686 qua
509 622 629 686 quid
665 622 780 671 iuris
810 640 869 672 ex
908 623 1036 673 civili
1067 641 1204 674 more
1238 634 1285 674 et
1317 626 1566 689 aequitate
1604 626 1664 675 sit
1701 626 2054 676 consideratur.
2081 643 2101 682 5

301 705 631 768 Adsumptiva
656 715 742 765 est,
771 723 898 769 quae
918 706 1024 770 ipsa
1049 724 1106 755 ex
1133 724 1184 756 se
1205 707 1326 755 nihil
1347 710 1431 757 dat
1452 708 1578 756 firmi
1597 710 1661 757 ad
1679 708 2054 768 recusationem,

238 792 273 838 6
301 786 436 854 [foris
461 796 628 836 autem
654 788 842 851 aliquid
868 789 1172 838 defensionis
1197 788 1450 856 adsumit].
1524 791 1797 841 Concessio
1827 800 1912 852 est,
1943 809 2055 840 cum

298 886 410 918 reus
446 886 546 919 non
585 872 648 918 ad
686 870 750 930 id,
788 873 925 934 quod
955 873 1138 920 factum
1171 881 1257 932 est,
1295 872 1532 933 defendit,
1564 875 1651 923 sed
1688 883 1742 922 ut
1778 873 2058 938 ignoscatur

300 953 529 1014 postulat.
616 954 769 1014 Quod
817 969 909 1001 nos
957 955 1021 1002 ad
1070 954 1382 1017 poenitentes
1431 954 1749 1018 probavimus
1797 954 2054 1018 pertinere.

302 1034 540 1083 Remotio
566 1034 783 1083 criminis
810 1043 883 1084 est
909 1051 1023 1084 curn
1051 1036 1101 1084 id
1134 1036 1336 1097 crimen,
1364 1038 1501 1100 quod
1527 1036 1729 1086 infertur
1755 1037 1818 1086 ab
1845 1053 1896 1086 se
1922 1045 1970 1086 et
1995 1038 2058 1085 ab
2086 1053 2133 1080 10

300 1134 388 1165 sua
431 1118 591 1180 culpa,
634 1116 680 1165 vi
707 1127 754 1166 et
798 1126 1042 1180 potestate
1085 1119 1136 1165 in
1179 1118 1330 1166 alium
1375 1135 1486 1167 reus
1528 1121 1792 1168 demovere
1835 1128 2054 1168 conatur.

245 1199 274 1249 7
300 1197 497 1247 Relatio
523 1198 741 1247 criminis
767 1208 854 1260 est,
883 1216 996 1247 cum
1024 1199 1138 1248 ideo
1163 1199 1266 1248 iure
1291 1202 1474 1249 factum
1503 1201 1694 1262 dicitur,
1722 1202 1859 1264 quod
1883 1200 2059 1264 aliquis

297 1289 412 1329 ante
446 1280 622 1329 iniuria
655 1281 909 1330 lacessitus
943 1281 1015 1330 sit.
1092 1282 1395 1346 Conparatio
1425 1292 1512 1344 est,
1545 1301 1659 1332 cum
1689 1283 1823 1332 aliud
1855 1283 2059 1346 aliquod

296 1363 496 1412 alterius
523 1365 706 1412 facturn
739 1365 1004 1413 honestum
1034 1373 1117 1412 aut
1147 1364 1267 1413 utile
1292 1365 1622 1426 contenditur,
1655 1367 1792 1429 quod
1823 1374 1876 1414 ut
1906 1366 2056 1426 fieret,

245 1445 434 1505 8illud,
478 1447 615 1508 quod
653 1445 879 1509 arguitur,
927 1445 1105 1495 dicitur
1147 1462 1255 1495 esse
1303 1447 1622 1497 conmissum.
1697 1446 1926 1510 Purgatio
1969 1456 2055 1506 est,
2086 1462 2133 1502 15

301 1545 415 1576 cum
447 1529 631 1576 factum
667 1527 871 1591 quidem
906 1528 1208 1588 conceditur,
1249 1531 1337 1578 sed
1371 1531 1515 1593 culpa
1549 1539 1840 1579 removetur.
1916 1530 2059 1577 Haec

301 1620 463 1674 partes
490 1610 641 1659 habet
667 1620 762 1659 tres
784 1630 791 1659 ε
832 1610 1216 1673 inprudentiam,
1245 1628 1428 1672 casum,
1452 1611 1811 1661 necessitatem.
1877 1613 2053 1673 Depre-

303 1691 432 1741 catio
459 1701 545 1752 est,
574 1710 687 1741 cum
713 1702 760 1741 et
785 1709 1019 1756 peccasse
1052 1701 1099 1741 et
1131 1695 1361 1742 consultu
1386 1710 1619 1758 peccasse
1645 1711 1754 1743 reus
1781 1694 2056 1751 confitetur,

303 1784 352 1823 et
382 1784 549 1823 tamen
583 1784 636 1822 ut
667 1774 949 1838 ignoscatur
981 1776 1211 1838 postulat.
1293 1777 1446 1837 Quod
1475 1793 1630 1839 genus
1668 1791 1863 1839 perraro
1897 1782 2060 1837 potest

243 1874 277 1920 9
300 1856 537 1906 accidere.
615 1859 742 1905 Item
778 1873 836 1905 ex
872 1856 1014 1919 legali
1049 1865 1176 1905 statu
1214 1858 1336 1905 haec
1374 1857 1608 1917 oriuntur,
1637 1857 1687 1906 id
1718 1866 1791 1906 est
1823 1855 2058 1919 scripturn
2086 1869 2137 1897 20

302 1948 349 1987 et
389 1940 629 1998 voluntas,
671 1940 803 2002 leges
843 1937 1129 1997 contrariae,
1164 1937 1475 2001 ambiguitas,
1519 1937 1747 1987 collectio
1791 1937 1892 1986 sive
1921 1936 2060 1985 ratio-

302 2020 485 2069 cinatio
522 2029 570 2069 et
603 2019 829 2069 definitio
867 2019 1049 2083 legalis,
1125 2019 1370 2083 Scriptum
1403 2030 1451 2069 et
1480 2023 1707 2069 voluntas
1738 2029 1825 2079 est,
1858 2020 2060 2082 quando

301 2102 452 2151 verba
484 2102 589 2165 ipsa
621 2102 851 2151 videntur
884 2118 997 2150 cum
1034 2100 1280 2150 sententia
1313 2102 1559 2166 scriptoris
1591 2102 1844 2151 dissidere.
1917 2099 2060 2163 Legis

302 2184 575 2234 contrariae
601 2193 755 2232 status
781 2193 868 2244 est,
897 2184 1101 2246 quando
1126 2182 1252 2231 inter
1278 2200 1330 2232 se
1355 2186 1484 2233 duae
1514 2186 1645 2247 leges
1670 2193 1754 2232 aut
1779 2184 1942 2246 plures
1968 2181 2062 2230 dis-

302 2284 500 2331 crepare
526 2276 810 2316 noscuntur.
886 2264 1199 2328 Ambiguitas
1219 2275 1306 2325 est,
1329 2283 1443 2314 cum
1470 2266 1535 2326 id,
1559 2268 1695 2329 quod
1716 2265 1951 2328 scriptum
1972 2273 2059 2324 est,
2087 2283 2135 2323 25

303 2351 427 2398 duas
447 2359 531 2398 aut
550 2351 713 2413 plures
733 2365 808 2397 res
826 2347 1100 2412 significare
1119 2346 1327 2396 videtur.
1401 2347 1645 2398 Collectio
1661 2349 1738 2396 vel
1753 2346 2062 2396 ratiocinatio

303 2441 390 2491 est,
419 2434 622 2495 quando
647 2449 706 2480 ex
735 2448 808 2491 eo,
839 2432 975 2495 quod
1005 2428 1242 2493 scriptum
1273 2439 1360 2490 est,
1388 2430 1523 2480 aliud
1552 2446 1765 2494 quoque,
1795 2431 1931 2493 quod
1960 2445 2062 2477 non

357 2576 382 2601 2
413 2569 551 2603 const.
571 2562 723 2602 dicitur
734 2562 849 2612 quod
871 2561 908 2599 T
986 2567 1028 2601 et
1041 2561 1394 2602 commodationis
1409 2561 1476 2600 K:
1497 2573 1579 2599 om.
1603 2558 1652 2600 C1
1762 2571 1787 2608 3
1817 2558 2067 2598 videaturK

306 2632 390 2668 quo
411 2618 457 2656 K
579 2631 604 2667 4
628 2617 691 2669 et]
709 2623 780 2655 aut
801 2617 847 2654 K
939 2618 1117 2666 praemii
1138 2617 1185 2655 K
1293 2629 1407 2666 pena
1435 2616 1473 2653 T
1598 2628 1622 2663 5
1651 2628 1733 2665 qua
1753 2627 1836 2653 om.
1861 2613 1907 2651 K
1998 2613 2062 2663 et]

306 2687 361 2712 ex
381 2673 427 2711 K
592 2686 613 2722 7
647 2672 749 2711 foris
765 2702 773 2711 .
790 2702 799 2712 .
820 2672 930 2711 .ads.
950 2672 1043 2711 hab.
1073 2671 1215 2711 TUB:
1252 2685 1334 2710 om.
1360 2669 1458 2709 KC1
1587 2669 1768 2708 adsumit
1805 2667 1905 2707 TU:
1937 2668 2062 2707 adsu-

307 2727 478 2767 muntB
589 2730 614 2766 8
645 2739 744 2765 reus
764 2740 850 2765 non
871 2727 925 2765 ad
946 2726 986 2764 id
1003 2729 1116 2776 quod
1138 2727 1164 2767 f.
1184 2732 1249 2765 est
1277 2725 1337 2765 T:
1367 2738 1464 2763 reus
1481 2738 1565 2763 non
1586 2725 1626 2763 id
1643 2724 1754 2774 quod
1775 2723 1803 2762 f.
1826 2729 1891 2762 est
1910 2722 2061 2762 BCU:

307 2784 389 2822 alio
411 2783 582 2832 aliquod
604 2782 632 2822 f.
651 2795 736 2820 non
757 2787 823 2820 est
843 2781 890 2819 K
1039 2795 1083 2820 11
1119 2783 1346 2820 demovere
1360 2779 1548 2819 BCTU:
1580 2778 1808 2818 transferre
1829 2777 1876 2815 K
2013 2789 2061 2826 13

307 2838 500 2877 iniuriam
522 2837 568 2876 K
709 2849 755 2884 14
786 2849 870 2885 quo
891 2841 937 2875 ut
960 2835 995 2874 C
1134 2848 1182 2886 15
1213 2835 1367 2874 dicitur
1385 2848 1468 2874 om.
1497 2833 1549 2872 T1
1689 2834 1738 2871 18
1765 2845 1859 2871 curn
1881 2844 1997 2881 pecc.
2020 2831 2066 2870 K

306 2907 360 2932 20
389 2905 469 2933 scr.
493 2898 558 2931 est
580 2897 622 2931 et
651 2891 734 2931 vol.
756 2891 797 2928 A
824 2905 832 2929 ε
862 2903 941 2931 scr.
965 2897 1008 2929 et
1029 2890 1113 2930 vol.
1138 2895 1203 2930 est
1221 2889 1301 2928 BC
1490 2903 1539 2928 21
1573 2888 1656 2938 legi
1676 2887 1723 2925 K
1850 2887 2063 2925 contraria

307 2948 353 2985 K
371 2962 378 2986 :
409 2960 491 2987 om.
514 2946 556 2985 A
723 2958 775 2983 22
804 2957 883 2985 scr.
905 2951 970 2985 est
990 2951 1035 2984 ut
1057 2946 1138 2986 vol.
1160 2959 1200 2995 q.
1223 2944 1270 2982 K
1431 2956 1484 2992 23
1512 2943 1678 2982 videtur
1697 2955 1734 2981 c.
1757 2954 1790 2981 s.
1814 2941 2000 2990 scriptor
2020 2941 2066 2980 K

308 3003 505 3041 desidere
531 3001 574 3039 A
597 3015 605 3040 :
645 3000 857 3039 discidere
882 3000 929 3038 K
1092 3012 1144 3050 25
1183 3014 1222 3050 q.
1253 3004 1319 3038 est
1345 2998 1548 3049 scriptum
1569 2997 1615 3034 K
1767 2998 1820 3034 26
1858 2996 1960 3034 duas
1989 3002 2063 3035 aut

307 3088 358 3149 '1⁸‘
377 3057 612 3151 {egiptum
645 3061 711 3095 est
739 3069 824 3094 om.
855 3055 894 3094 Β
925 3054 1028 3106 (non
1055 3054 1182 3094 Bern.
1215 3054 1314 3104 224)
1480 3053 1680 3091 videntur
1717 3051 1755 3089 T
1894 3062 1945 3099 27
1977 3062 2059 3090 scr.

308 3125 389 3151 a-iu
