2228 3444
1094 132 1367 181 ismoiu
1406 114 1411 116 ’

353 253 704 302 Subiunctivae
730 253 974 314 dicuntur,
1003 252 1118 317 quia
1153 255 1534 319 subiunguntur,
1563 266 1616 304 ut
1650 259 1803 320 ‘que.'
1876 257 2102 307 Dicimus

353 336 486 383 enim
523 335 753 399 ‘regique
787 335 1079 399 hominique
1115 338 1390 400 Deoque’,
1427 354 1528 386 non
1561 337 1785 400 dicimus,
1821 342 1949 403 ‘que
1987 339 2100 403 regi,

295 433 324 478 3
351 433 448 480 que
474 417 694 466 homini.'
767 417 1053 482 Expletivae
1078 418 1254 479 dictae,
1284 420 1400 482 quia
1425 421 1621 483 explent
1647 422 1949 484 propositam
1982 438 2099 481 rem,

351 508 405 547 ut
435 508 566 563 puta,
601 503 614 525 ‘
635 500 674 549 si
705 501 800 549 hoc
835 517 936 548 non
966 499 1051 559 vis,
1080 500 1241 549 saltim
1275 502 1396 551 illud
1426 503 1533 551 fac.'
1604 502 1910 553 Communes
1946 503 2100 553 nomi-

350 591 543 643 nantur,
572 581 687 646 quia
713 581 872 631 ubivis
898 592 1151 646 ponuntur
1178 580 1249 650 [et
1286 583 1687 652 subiunguntur],
1725 594 1778 635 ut
1807 585 1979 649 ‘igitur
2004 587 2100 635 1100
2124 603 2149 644 5

294 683 326 729 4
351 663 558 722 faciam‚⁷
600 666 725 713 ‘hoc
763 663 906 727 igitur
954 665 1160 714 faciam.'
1233 667 1467 716 Causales
1510 666 1742 716 dicuntur
1776 685 1804 716 a
1841 685 1987 717 causa
2023 686 2097 728 eo,

349 748 486 809 quod
512 746 699 810 aliquid
725 747 943 810 cogitent
968 749 1141 808 facere,
1170 757 1224 797 ut
1248 758 1379 812 puta,
1408 748 1612 798 ‘occido
1636 748 1788 811 illum,
1811 751 1927 813 quia
1952 750 2101 800 habet

346 845 519 877 aurum
539 830 548 850 '
568 847 581 889 3
605 846 753 877 causa
779 838 864 878 est.
928 829 1215 878 Rationales
1237 830 1469 879 dicuntur
1493 847 1521 878 a
1546 831 1745 892 ratione,
1770 849 1867 895 qua
1892 831 2101 896 quisque

347 910 498 959 utitur
536 910 586 958 in
621 910 864 971 faciendo,
893 921 946 960 ut
980 913 1268 975 ‘quomodo
1306 929 1419 960 eum
1457 912 1696 972 occidam,
1725 930 1789 962 ne
1824 917 2101 977 agnoscar?

347 1009 542 1041 veneno
567 1010 631 1040 an
657 994 782 1041 ferro
802 994 846 1041 ?'
2126 1011 2175 1040 10

214 1083 320 1123 XIII
484 1077 567 1122 DE
604 1089 1034 1124 PRAEPofflTloNE.
1127 1078 1432 1140 Praepositio
1469 1076 1614 1137 dicta,
1641 1078 1778 1140 quod
1814 1077 2099 1127 nominibus

346 1166 675 1219 praeponatur
702 1166 750 1205 et
773 1157 948 1206 verbis.
1019 1157 1344 1207 Accusativae
1374 1167 1422 1208 et
1446 1159 1688 1208 ablativae
1713 1159 2099 1223 praepositiones

344 1255 373 1286 a
405 1239 614 1297 casibus,
650 1239 831 1302 quibus
861 1238 1095 1300 serviunt,
1127 1239 1303 1289 dictae.
1378 1242 1695 1304 Loquellares
1729 1258 1858 1302 vero,
1885 1241 2000 1305 quia
2033 1243 2099 1290 lo-

344 1320 533 1382 quellis,
562 1319 611 1369 id
638 1331 711 1370 est
736 1321 896 1370 verbis
923 1338 1116 1385 semper
1141 1323 1419 1381 cohaerent,
1449 1339 1541 1371 nec
1566 1322 1753 1386 aliquid
1777 1324 1940 1372 valent
1966 1325 2098 1372 solae

344 1401 546 1465 positae,
577 1412 630 1451 ut
660 1404 766 1463 ‘di,'
796 1403 933 1452 ‘dis.'
1006 1403 1317 1453 Coniunctae
1342 1420 1457 1453 vero
1477 1404 1637 1453 verbis
1664 1406 1867 1468 figuram
1893 1405 2096 1467 faciunt,
2124 1427 2172 1467 15

343 1495 396 1532 ut
427 1483 668 1544 ‘diduco‚'
697 1484 975 1535 ‘distraho'

214 1583 317 1622 le
478 1569 561 1614 DE
593 1581 1026 1616 INTERIECTIONE.
1101 1567 1385 1616 Interiectio
1417 1577 1603 1627 vocata,
1638 1568 1753 1631 quia
1786 1569 2096 1619 sermonibus

342 1648 607 1709 interiecta,
638 1648 687 1698 id
714 1659 787 1698 est
813 1649 1113 1713 interposita,
1143 1651 1374 1699 affectum
1409 1652 1646 1699 commoti
1679 1651 1831 1700 animi
1856 1651 2094 1715 exprimit,

342 1730 467 1779 sicut
493 1748 606 1779 cum
638 1730 815 1780 dicitur
851 1732 914 1780 ab
953 1734 1201 1781 exultante
1242 1733 1393 1792 ‘vah,'
1418 1749 1447 1780 a
1483 1733 1683 1781 dolente
1725 1734 1878 1792 ‘heu‚'
1915 1735 1978 1782 ab
2008 1733 2095 1782 ira-

342 1822 510 1861 scente
534 1814 708 1872 ‘hem,⁷
726 1830 755 1860 a
775 1814 979 1862 timente
1007 1812 1103 1861 ‘ei.'
1142 1815 1285 1874 Quae
1305 1830 1450 1862 voces
1469 1831 1893 1878 quarumcumque
1914 1815 2096 1878 lingua·
2122 1833 2171 1861 20

342 1912 450 1943 rum
475 1894 701 1957 propriae
727 1903 854 1954 sunt,
884 1911 976 1944 nec
1002 1896 1051 1942 in
1077 1896 1222 1943 aliam
1249 1894 1466 1957 linguam
1492 1895 1634 1943 facile
1659 1898 2028 1946 transferuntur.

239 1990 319 2029 XV
481 1979 562 2024 DE
601 1991 837 2025 LITTERIS
873 1991 1008 2024 APVD
1041 1991 1429 2026 GRAMMA'HCOS.
1506 1974 1667 2042 [Quot
1692 1976 1789 2025 sint
1813 1979 2095 2028 articulatae

342 2075 503 2107 voces.
579 2062 642 2107 Et
677 2061 810 2108 dicta
839 2058 997 2108 littera
1030 2061 1169 2122 quasi
1195 2059 1407 2122 legitera,
1438 2075 1496 2107 eo
1527 2060 1663 2121 quod
1693 2060 1969 2122 legentibus
2006 2060 2095 2110 iter

342 2141 575 2203 praebeat
600 2142 676 2189 vel
702 2140 751 2188 in
778 2142 989 2203 legendo
1014 2139 1251 2206 iteretur.]

209 2233 311 2272 XVI
478 2224 560 2270 DE
588 2237 828 2270 SYLLABA.
904 2223 1100 2285 Syllaba
1129 2225 1331 2279 Graece,
1361 2222 1536 2270 Latine
1567 2223 1829 2285 conceptio
1855 2222 1955 2272 sive
1981 2241 2094 2273 con·
2118 2244 2137 2272 2
2146 2245 2167 2285 5

397 2363 414 2387 1
436 2352 535 2400 quia
555 2351 657 2391 subi.
683 2357 728 2390 ut
747 2365 827 2401 que
850 2366 932 2391 om.
948 2351 1009 2390 Kl
1139 2366 1163 2390 2
1185 2352 1296 2390 enim
1312 2382 1319 2390 .
1335 2381 1343 2390 .
1366 2382 1375 2390 .
1400 2351 1577 2391 dicimus
1599 2365 1681 2391 om.
1709 2351 1746 2390 T
1849 2367 1874 2402 3
1896 2359 1993 2404 post
2010 2369 2093 2405 que

337 2406 497 2444 homini
519 2406 613 2445 add.
639 2419 719 2455 que
741 2407 822 2445 deo
843 2406 966 2444 K2L2
1117 2407 1367 2458 Expletivae
1385 2437 1393 2445 .
1413 2437 1422 2446 .
1445 2436 1453 2445 .
1469 2407 1571 2445 illud
1591 2406 1656 2445 fac
1678 2420 1761 2445 om.
1791 2407 1839 2446 C1
1999 2422 2094 2459 pre-

336 2461 520 2509 positam
547 2460 584 2497 T
742 2475 766 2509 4
787 2461 946 2506 saltim]
968 2460 1036 2499 vel
1066 2461 1104 2501 T
1278 2461 1549 2500 nominantur
1566 2460 1691 2500 ΑΒΕ
1695 2462 1732 2500 Τ
1734 2462 1775 2500 U
1789 2477 1798 2501 ε
1830 2469 2033 2502 νοο3111111·
2051 2465 2097 2503 K

335 2527 358 2562 5
381 2521 595 2565 ponuntur
606 2514 770 2554 ΒῙΚιιί
783 2515 863 2555 vid.
884 2516 983 2554 TU:
1007 2522 1334 2566 praeponuntur
1345 2514 1430 2554 AC
1512 2522 1554 2555 et
1570 2517 1661 2554 sub.
1678 2516 1832 2556 ACK:
1853 2531 1936 2558 om.
1950 2518 2007 2556 B1
2018 2518 2098 2558 TU

336 2575 407 2608 ut.
429 2599 438 2609 .
460 2599 468 2608 .
489 2570 636 2608 faciam
652 2583 734 2608 om.
753 2570 813 2608 K1
927 2583 948 2619 7
981 2577 1138 2620 cogunt
1153 2570 1278 2609 Arev.
1392 2572 1416 2608 8
1447 2570 1546 2619 quia
1563 2571 1741 2620 quisque
1765 2570 1801 2610 T
1909 2585 1959 2611 10
1978 2573 2090 2612 ferro

337 2637 391 2662 an
415 2637 509 2662 ven.
535 2624 570 2662 C
682 2637 726 2662 11
751 2626 789 2665 d.
816 2638 866 2663 eo
887 2626 1001 2674 quod
1022 2626 1068 2663 K
1159 2639 1273 2664 nom.
1299 2654 1306 2662 .
1329 2654 1337 2662 .
1365 2654 1373 2663 .
1390 2625 1532 2663 verbis
1554 2638 1634 2665 om.
1660 2624 1722 2663 Kl
1838 2639 1887 2664 12
1906 2640 2090 2677 praepo-

338 2684 494 2718 nantur
515 2677 564 2716 C1
641 2692 726 2718 300.
745 2686 886 2718 31110111
908 2685 950 2718 01
970 2679 1017 2717 K
1119 2692 1166 2729 13
1189 2693 1290 2719 vero
1312 2692 1394 2717 om.
1422 2678 1460 2717 T
1553 2681 1602 2718 16
1632 2680 1789 2718 distrao
1809 2680 1867 2719 T:
1898 2681 2088 2721 distraho

338 2733 379 2770 Β
399 2748 408 2772 :
438 2734 598 2772 distruo
621 2734 759 2772 AKU
841 2747 889 2783 19
909 2734 992 2772 heu
1015 2763 1023 2773 .
1045 2763 1053 2773 .
1081 2764 1091 2774 .
1115 2734 1235 2783 Quae
1256 2747 1338 2773 om.
1362 2732 1422 2771 K1
1508 2747 1557 2771 21
1577 2741 1676 2773 sunt
1697 2733 1739 2772 in
1761 2735 1884 2773 aliam
1904 2735 2090 2785 linguam

338 2801 422 2826 non
442 2788 470 2827 f.
488 2786 525 2825 L
541 2787 619 2838 (Kl
641 2801 680 2827 n.
704 2789 749 2838 l.)
888 2801 1023 2837 22—24
1048 2801 1132 2829 om.
1149 2788 1351 2828 ACGKL
1371 2802 1380 2826 ε
1418 2787 1509 2828 hab.
1539 2788 1641 2828 TU:
1680 2789 1737 2826 tit.
1758 2789 1896 2828 solum
1916 2790 2007 2829 hab.
2022 2791 2090 2830 B:

339 2842 397 2879 tit.
420 2847 456 2881 et
473 2843 570 2881 haec
587 2842 666 2881 iam
687 2843 731 2881 in
753 2842 961 2894 principio
991 2844 1115 2882 huius
1141 2844 1285 2893 operis
1316 2843 1576 2892 disputatum
1598 2848 1662 2883 est
1687 2841 1745 2880 W
1882 2857 1934 2883 22
1965 2844 2089 2893 Quod

343 2895 425 2935 TU
544 2896 599 2936 sit
624 2897 667 2936 U
829 2910 882 2946 23
911 2898 1029 2936 vocis
1057 2897 1137 2936 TU
1266 2903 1308 2936 et
1335 2896 1390 2935 T:
1421 2907 1464 2936 ut
1490 2897 1532 2936 U
1683 2898 1735 2937 de
1755 2911 1861 2937 voce
1878 2904 1920 2938 et
1939 2899 2091 2939 litteris

336 2951 415 2988 iam
449 2952 528 2990 hoc
560 2964 687 3002 supra
720 2951 827 2992 dixit
864 2951 913 2990 Τ2
954 2966 1093 3003 marg.
1137 2951 1204 3003 (cf.
1241 2952 1566 3005 Praeffationem)
1761 2964 1812 3002 25
1843 2953 2087 3006 conplexio]

337 3007 515 3045 conexio
533 3005 587 3044 El
