2228 3444
373 152 1007 201 ETYMOLOGIARVM
1048 155 1176 201 LIB.
1218 156 1315 201 ΙΙΙ.
1357 154 1582 202 lxvi—lxxi

107 283 270 346 ignem
307 299 475 332 secum
513 284 672 342 trahit,
708 282 792 346 qui
829 291 985 332 tractu
1023 300 1113 333 suo
1149 283 1366 332 imitatur
1403 286 1566 333 stellas
1605 286 1858 334 cadentes.

112 367 242 414 Nam
263 366 430 413 stellae
447 365 623 412 cadere
639 381 741 412 non
761 374 968 427 possunt
988 384 996 413 :
1034 365 1297 414 inmobiles
1315 365 1461 425 enim,
1481 376 1534 414 ut
1554 366 1858 429 praedictum

112 457 199 508 est,
226 456 354 506 sunt,
382 455 430 495 et
461 463 574 494 cum
611 448 751 494 caelo
787 447 912 494 fixae
948 447 1180 494 feruntur.
1255 448 1425 496 Sidera
1458 446 1603 506 dicta,
1631 449 1768 509 quod
1805 465 1863 496 ea
1884 463 1917 509 4

112 530 395 592 navigantes
417 529 781 577 considerando
802 527 1018 591 dirigunt
1043 530 1107 577 ad
1133 545 1330 577 cursum
1352 528 1627 588 consilium,
1651 545 1714 577 ne
1734 530 1863 577 falla-

66 630 86 668 5
114 610 252 659 cibus
270 611 415 659 undis
435 619 518 658 aut
535 608 692 657 ventis
712 609 829 658 alibi
849 611 1173 658 deducantur.
1229 611 1491 671 Quaedam
1511 619 1677 659 autem
1695 612 1863 659 stellae

114 691 296 741 idcirco
322 691 460 755 signa
479 691 722 751 dicuntur,
746 693 861 754 quia
885 708 943 739 ea
968 699 1148 740 nautae
1168 692 1431 741 observant
1455 690 1505 739 in
1530 692 1864 754 gubernandis

114 771 339 835 remigiis,
362 774 755 835 contemplantes
775 772 932 821 aciem
953 774 1292 836 fulgoremque
1313 790 1497 833 eorum,
1518 773 1697 836 quibus
1718 772 1864 822 rebus

116 863 270 902 status
313 853 433 902 caeli
478 855 668 902 futurus
717 856 1007 903 ostenditur.
1083 857 1182 904 Sed
1225 864 1273 903 et
1315 871 1489 903 omnes
1536 854 1765 903 homines
1808 862 1917 910 ea5

117 938 380 985 intendunt
422 937 486 984 ad
529 935 887 998 praevidendas
934 936 1057 984 aeris
1101 936 1362 999 qualitates
1404 952 1491 999 per
1531 945 1769 985 aestatem
1818 946 1866 984 et

47 1037 95 1064 10
119 1018 332 1066 hiemem
358 1019 706 1080 vernalemque
741 1018 1045 1081 temperiem.
1121 1019 1246 1067 Ortu
1284 1017 1415 1067 enim
1446 1020 1523 1066 vel
1559 1035 1739 1066 occasu
1777 1034 1867 1065 suo

117 1099 260 1149 certis
292 1099 586 1148 stationibus
618 1109 895 1163 temporum
923 1101 1207 1162 qualitatem
1240 1099 1531 1163 significant.
1605 1099 1866 1163 Signorum
1891 1108 1925 1154 6

118 1183 302 1245 primus
328 1184 531 1242 Arcton,
561 1181 645 1244 qui
681 1181 732 1229 in
767 1198 856 1230 axe
894 1183 1017 1230 fixus
1055 1192 1246 1245 septem
1283 1182 1432 1230 stellis
1466 1184 1517 1229 in
1551 1199 1602 1230 se
1635 1182 1867 1231 revolutis

119 1272 317 1312 rotatur.
392 1265 591 1312 Nomen
618 1272 691 1312 est
713 1265 972 1323 Graecum,
996 1265 1133 1326 quod
1160 1265 1335 1312 Latine
1361 1263 1539 1312 dicitur
1563 1281 1674 1312 ursa
1693 1282 1706 1323 ,-
1741 1280 1867 1326 quae

120 1345 235 1408 quia
259 1347 311 1393 in
336 1347 542 1394 modum
566 1345 765 1408 plaustri
785 1345 999 1405 vertitur,
1022 1345 1176 1394 nostri
1194 1363 1303 1394 eam
1323 1345 1721 1409 Septentrionem
1742 1344 1870 1394 dixe-

51 1451 95 1490 15
121 1436 245 1476 runt.
321 1427 530 1476 Triones
556 1427 689 1476 enim
715 1426 910 1490 proprie
944 1436 1056 1475 sunt
1083 1427 1235 1476 boves
1265 1426 1473 1486 aratorii,
1503 1427 1621 1476 dicti
1647 1444 1706 1476 eo
1733 1429 1867 1490 quod
1892 1446 1920 1494 7

121 1519 297 1558 terram
316 1518 486 1568 terant,
507 1510 644 1571 quasi
663 1508 889 1558 teriones.
949 1509 1317 1571 Septentriones
1337 1518 1504 1558 autem
1525 1526 1627 1557 non
1644 1508 1870 1558 occidere

121 1590 221 1639 axis
246 1590 469 1639 vicinitas
502 1590 631 1651 facit,
657 1590 772 1653 quia
797 1590 848 1638 in
880 1607 940 1640 eo
966 1600 1091 1639 sunt.
1166 1593 1500 1654 Arctophylax
1531 1590 1704 1650 dictus,
1734 1592 1871 1654 quod
1894 1591 1924 1637 8

122 1675 324 1732 Arcton,
359 1674 409 1722 id
446 1682 518 1721 est
544 1674 776 1721 Helicem
802 1675 992 1732 Vrsam,
1022 1674 1254 1735 sequitur.
1330 1674 1563 1722 Eundem
1601 1682 1650 1722 et
1677 1675 1871 1722 Booten

122 1755 362 1814 dixerunt,
402 1771 461 1803 eo
497 1756 633 1817 quod
671 1756 887 1817 plaustro
924 1757 1120 1804 haeret:
1171 1755 1364 1818 signum
1402 1755 1567 1803 multis
1605 1754 1874 1818 spectabile

52 1861 100 1888 20
124 1836 288 1895 stellis,
311 1836 437 1885 inter
455 1854 577 1899 quas
597 1839 834 1885 Arcturus
859 1847 944 1885 est.
999 1840 1237 1885 Arcturus
1264 1836 1399 1886 sidus
1424 1846 1498 1885 est
1524 1847 1635 1900 post
1662 1838 1871 1885 caudam
1897 1853 1931 1899 9

125 1918 319 1968 maioris
353 1936 493 1968 ursae
526 1918 686 1982 posita
719 1921 768 1967 in
806 1918 946 1983 signo
981 1921 1186 1968 Bootae.
1260 1920 1407 1968 Vnde
1441 1922 1677 1968 Arcturus
1711 1920 1872 1969 dictus

125 2011 210 2060 est,
252 2000 391 2064 quasi
429 2004 597 2064 ἄρκτου
633 2004 758 2064 οὐρὰ,
793 2001 908 2063 quia
944 2001 1116 2050 Bootis
1153 2000 1451 2064 praecordiis
1488 2003 1747 2050 conlocata
1784 2010 1869 2050 est.

126 2082 292 2132 Oritur
333 2091 499 2131 autem
541 2082 813 2131 autumnali
857 2092 1094 2146 tempore.
1169 2084 1325 2132 Orion
1367 2091 1532 2131 austro
1570 2092 1685 2131 ante
1723 2082 1873 2131 Tauri
1897 2102 1954 2136 10

124 2163 327 2227 vestigia
352 2165 515 2227 fulget,
545 2174 592 2212 et
622 2163 783 2213 dictus
810 2164 966 2214 Orion
1000 2166 1064 2213 ab
1090 2164 1241 2225 urina,
1270 2166 1321 2213 id
1355 2174 1427 2213 est
1459 2165 1523 2212 ab
1549 2164 1875 2215 inundatione

186 2308 203 2333 1
237 2308 380 2334 seeum
403 2294 544 2344 ignem
567 2294 613 2331 K
633 2297 736 2344 (non
753 2295 818 2347 A)
904 2300 1014 2334 tactu
1035 2295 1081 2332 K
1102 2296 1204 2334 (non
1218 2295 1282 2345 A)
1368 2308 1445 2334 suo
1468 2295 1677 2346 imitatur]
1698 2294 1876 2333 solvitur

127 2349 197 2388 K:
228 2362 304 2388 suo
325 2349 504 2388 solvitur
527 2348 577 2387 C1
599 2350 701 2401 (non
720 2349 787 2400 A)
971 2363 994 2387 2
1024 2349 1161 2388 stillae
1182 2350 1272 2390 cad.
1297 2349 1342 2387 K
1450 2355 1551 2388 sunt
1571 2356 1617 2388 ut
1638 2362 1698 2399 pr.
1724 2356 1788 2389 est
1816 2349 1873 2388 T:

126 2411 173 2442 ut
195 2404 484 2454 praediximus
505 2410 603 2443 sunt
623 2404 670 2442 K
688 2403 793 2454 (non
813 2403 879 2456 A)
1005 2418 1030 2454 3
1061 2417 1154 2443 cum
1176 2418 1259 2444 om.
1287 2404 1364 2442 CK
1385 2406 1488 2457 (non
1508 2404 1573 2454 A)
1704 2418 1800 2444 nav.
1825 2417 1876 2443 ea

132 2458 209 2497 CK
222 2460 324 2507 (non
338 2459 400 2508 A)
515 2473 539 2507 4
572 2472 692 2498 cons.
707 2460 785 2497 iter
799 2460 988 2508 dirigunt
1005 2459 1256 2509 KC(—gant)
1374 2473 1393 2508 7
1426 2472 1570 2498 earum
1585 2459 1631 2496 K
1738 2460 1763 2496 8
1795 2465 1873 2498 ost.

128 2514 203 2552 fut.
229 2513 306 2551 CK
325 2516 427 2566 (non
449 2513 509 2565 A)
643 2520 684 2552 et
704 2527 786 2551 om.
812 2513 890 2551 CK
1069 2528 1095 2564 9
1125 2514 1459 2563 praevidendum
1480 2513 1549 2552 K:
1579 2514 1802 2563 praevidas
1825 2512 1876 2552 C1

128 2568 374 2617 qualitatem
391 2567 436 2605 K
517 2581 585 2618 qu.
608 2569 851 2618 significant
867 2574 1128 2618 prestantem
1151 2574 1193 2606 et
1213 2568 1350 2607 iemen
1367 2582 1484 2607 vern.
1508 2568 1544 2606 T
1653 2581 1702 2607 10
1724 2581 1876 2606 verna-

130 2623 240 2673 lique
254 2624 483 2673 temperiae
497 2623 543 2660 K
625 2636 701 2662 suo
715 2623 783 2662 vel
799 2637 886 2662 occ.
910 2623 988 2661 CK
1073 2636 1116 2661 11
1140 2623 1340 2673 qualitate
1354 2623 1400 2660 K
1416 2637 1424 2662 :
1455 2629 1538 2662 —tes
1552 2623 1593 2660 Β
1680 2635 1728 2660 12
1749 2636 1874 2661 axem

130 2678 237 2716 fixas
250 2677 296 2715 K
387 2677 493 2727 fort.
508 2683 596 2716 -tus
711 2691 759 2727 13
787 2691 895 2728 quae
912 2678 960 2716 Cl
1070 2691 1178 2727 quae
1191 2678 1290 2727 quia
1302 2678 1454 2716 ABT:
1485 2677 1642 2727 quique
1658 2676 1722 2715 K:
1751 2690 1874 2728 quae-

130 2745 213 2782 que
237 2731 288 2770 C1
437 2745 485 2781 14
515 2732 671 2782 nostri]
692 2733 849 2771 nomini
874 2732 923 2770 C1
1073 2744 1119 2781 15
1150 2733 1319 2771 arctorii
1343 2731 1416 2770 Cl:
1449 2732 1602 2771 arcturi
1623 2732 1669 2769 K
1689 2733 1790 2784 (non
1811 2730 1875 2778 A)

135 2800 180 2835 17
212 2786 428 2826 vicinitate
452 2785 502 2824 C1
641 2788 776 2826 dictus
797 2787 924 2825 BT2:
953 2788 1104 2826 dicitus
1132 2786 1208 2825 TI:
1239 2787 1391 2825 dicitur
1414 2787 1492 2824 CK
1644 2788 1692 2824 18
1722 2786 1876 2823 lincem

133 2840 231 2879 C1K
336 2841 539 2893 eundem]
562 2842 673 2880 unde
701 2841 758 2880 T:
788 2843 937 2880 eadem
961 2841 1010 2880 C1
1134 2854 1182 2891 19
1201 2841 1411 2891 *plaustris
1432 2841 1477 2880 K
1586 2841 1764 2880 haberet
1787 2838 1883 2878 C1K

133 2895 362 2945 pectabiles
386 2894 435 2934 Cl
574 2909 626 2935 20
653 2895 785 2947 inter]
806 2897 847 2935 in
873 2895 923 2934 C1
1030 2895 1242 2935 Arcturus
1261 2895 1370 2948 (alt.)
1393 2909 1474 2935 om.
1502 2893 1599 2934 ClK
1703 2894 1808 2933 situs
1832 2891 1880 2931 Cl

134 2962 183 2989 21
213 2951 324 2990 unde
340 2957 383 2990 et
398 2955 500 2989 aret.
517 2949 595 2989 CK
702 2951 838 2990 dictus
856 2956 921 2990 est
941 2950 998 2989 T:
1030 2951 1140 2989 dicta
1153 2956 1218 2990 est
1233 2949 1321 2988 AB
1337 2964 1344 2988 :
1375 2951 1528 2990 dicitur
1546 2949 1623 2988 CK
1731 2961 1782 2986 22
1812 2961 1874 2998 pr.

133 3005 248 3044 socia
267 3006 376 3045 conl.
398 3005 443 3043 K
577 3018 630 3055 23
660 3019 726 3044 au.
747 3010 940 3045 arcturus
961 3019 1027 3044 au.
1051 3005 1139 3043 AB
1248 3012 1394 3044 austro
1412 3004 1580 3054 scripsi:
1611 3000 1877 3043 austrumcl:

133 3064 277 3098 austru
306 3059 352 3098 K
368 3073 377 3099 ι
407 3059 538 3099 austri
556 3059 664 3099 BT:
693 3065 852 3099 astrum
874 3060 967 3099 dett.
1149 3072 1196 3108 24
1230 3059 1458 3099 inviatione
1483 3057 1532 3097 Cl
