2176 3424
365 119 996 169 ETYMOLOGIARVM
1036 117 1164 164 LIB.
1206 117 1371 163 XVII.
1413 114 1509 174 viii,
1538 114 1583 162 ix

95 260 295 302 tantum
332 250 499 314 viginti
537 249 758 312 iugerum
795 255 910 297 erat.
984 249 1313 308 Posteaquam
1350 246 1561 293 eandem
1594 244 1843 307 regionem

98 332 321 382 Romani
361 331 505 395 potiti
551 340 679 390 sunt,
718 331 866 378 etiam
908 327 1154 377 latissimis
1197 326 1406 376 collibus
1445 334 1712 389 propagata
1754 335 1840 386 est,

97 415 245 477 stirpe
280 412 450 462 similis
475 412 599 472 vitis,
627 411 755 459 folii-s
789 409 958 459 similis
992 418 1141 468 rutae,
1171 411 1259 457 sed
1283 406 1607 456 albidioribus
1634 423 1844 471 semper-

96 511 193 559 que
235 493 563 543 manentibus.
637 493 799 541 Arbor
833 500 1000 540 autem
1034 492 1323 549 balsamum,
1351 489 1540 552 lignum
1576 488 1680 538 eius
1715 491 1845 552 xylo-

52 603 73 643 5
97 577 376 625 balsamum
414 574 605 634 dicitur,
644 577 827 623 fructus
866 574 967 621 sive
1003 589 1173 621 semen
1217 572 1658 635 carpobalsamum,
1698 587 1844 619 sucus

96 658 488 720 opobalsamum.
565 657 717 718 Quod
734 657 848 704 ideo
868 672 981 703 cum
997 654 1276 703 adiectione
1292 653 1604 716 significatur,
1626 669 1687 702 eo
1706 655 1843 716 quod

95 756 353 803 percussus
380 737 544 787 ferreis
572 737 766 801 ungulis
792 746 958 786 cortex
983 736 1098 800 ligni
1125 753 1211 800 per
1235 752 1467 785 cavernas
1493 735 1657 785 eximii
1677 735 1843 784 odoris

93 829 282 883 guttam
322 820 551 880 distillat;
605 835 813 868 caverna
850 818 982 868 enim
1023 820 1215 868 Graeco
1253 834 1479 867 sermone
1519 819 1610 880 ὀπὴ
1649 816 1842 866 dicitur.

96 901 251 952 Cuius
276 910 464 964 guttam
490 902 767 949 adulterant
792 899 1012 949 admixto
1040 898 1258 963 Cyprino
1283 900 1394 947 oleo
1420 900 1496 947 vel
1522 900 1680 948 melle.
1744 900 1843 947 Sed

15 1009 75 1037 ,ιο
96 985 313 1032 sincerus
338 981 572 1046 probatur
602 999 631 1031 a
657 984 803 1031 melle
829 981 869 1030 si
898 999 1011 1030 cum
1038 983 1164 1030 lacte
1189 980 1530 1044 coagulaverit,
1558 980 1623 1028 ab
1649 981 1775 1039 oleo,
1802 982 1842 1028 si

95 1064 354 1113 instillatus
385 1081 543 1127 aquae
575 1072 660 1112 aut
692 1063 937 1113 admixtus
963 1065 1105 1112 facile
1135 1062 1277 1112 fuerit
1306 1063 1563 1122 resolutus,
1592 1070 1842 1126 praeterea

95 1154 143 1195 et
168 1145 208 1194 si
232 1147 404 1194 laneae
428 1154 586 1195 vestes
613 1162 670 1195 ex
695 1145 804 1208 ipso
830 1147 1045 1208 pollutae
1070 1161 1173 1192 non
1197 1146 1519 1192 maculantur.
1580 1145 1841 1192 Adultera-

92 1236 169 1276 tus
209 1226 411 1290 quidem
456 1243 619 1290 neque
658 1243 773 1276 cum
812 1227 937 1275 lacte
980 1227 1205 1289 coagulat
1245 1234 1293 1275 et
1331 1234 1385 1274 ut
1420 1227 1586 1274 oleum
1625 1224 1674 1273 in
1712 1242 1841 1288 aqua

92 1317 373 1372 supernatat
397 1318 445 1358 et
471 1318 657 1358 vestem
685 1310 909 1357 maculat.
987 1309 1217 1356 Balsama
1241 1317 1407 1356 autem
1434 1307 1474 1356 si
1499 1323 1619 1370 pura
1645 1306 1836 1367 fuerint,

11 1412 38 1440 ιι
47 1413 68 1453 5
90 1400 277 1439 tantam
302 1392 401 1439 vim
428 1391 614 1440 habent
639 1399 704 1450 ut,
726 1392 763 1438 si
790 1392 863 1438 sol
889 1389 1219 1450 excanduerit,
1243 1391 1468 1438 sustineri
1490 1391 1538 1437 in
1559 1406 1709 1438 manu
1737 1406 1837 1438 non

91 1474 298 1536 possint.

226 1556 309 1602 DE
353 1568 542 1602 HERms
586 1568 908 1602 AROMATICIS
957 1568 1072 1601 srvE
1119 1568 1475 1603 coMMVNJBVS.
1565 1556 1746 1602 Extant
1789 1563 1836 1603 et
1862 1565 1924 1605 IX

90 1637 398 1699 quarundam
435 1636 696 1684 herbarum
730 1635 946 1695 nomina,
975 1652 1102 1699 quae
1135 1653 1193 1684 ex
1226 1637 1390 1699 aliqua
1424 1635 1498 1684 sui
1531 1652 1680 1684 causa
1710 1651 1837 1684 reso-

91 1726 222 1777 nant,
251 1717 490 1766 habentes
515 1717 776 1766 nominum
802 1717 1212 1780 explanationem.
1276 1719 1392 1767 Non
1419 1727 1586 1767 tamen
1610 1716 1834 1767 omnium

9 1818 69 1852 ηρ)
91 1799 352 1848 herbarum
401 1799 748 1862 etymologiam
796 1799 1031 1848 invenies.
1105 1802 1235 1849 Nam
1284 1817 1372 1863 pro
1419 1800 1540 1848 locis
1583 1809 1835 1848 mutantur

89 1881 235 1930 etiam
261 1880 478 1930 nomina.
551 1881 746 1930 Folium
775 1881 964 1930 dictum
998 1883 1133 1944 quod
1167 1883 1271 1930 sine
1297 1884 1395 1930 ulla
1421 1881 1584 1931 radice
1604 1884 1832 1930 innatans
1857 1895 1887 1929 2

87 1963 136 2011 in
175 1962 349 2011 Indiae
386 1962 611 2011 litoribus
647 1964 918 2026 colligatur.
994 1965 1146 2024 Quod
1180 1963 1282 2012 lino
1316 1965 1614 2027 perforatum
1648 1963 1834 2013 siccant

90 2043 203 2092 Indi
228 2053 376 2106 atque
402 2053 664 2108 reponunt.
737 2046 908 2092 Fertur
932 2053 1098 2092 autem
1132 2045 1350 2094 Paradisi
1381 2062 1488 2094 esse
1513 2046 1665 2094 herba
1689 2056 1834 2110 gustu

87 2128 297 2176 nardum
323 2127 550 2175 referens.
626 2127 823 2175 Nardus
853 2127 1004 2175 herba
1029 2135 1102 2175 est
1127 2126 1334 2190 spicosa,
1363 2129 1498 2177 unde
1517 2137 1565 2177 et
1584 2145 1612 2176 a
1632 2128 1833 2177 Graecis
1859 2145 1888 2191 3

5 2226 36 2259 12
44 2228 65 2271 5
86 2210 404 2274 ναρδόσταχυς
422 2208 666 2271 appellata
685 2226 698 2267 ;
724 2224 931 2270 quarum
951 2207 1046 2256 alia
1068 2207 1258 2269 Indica,
1273 2209 1368 2257 alia
1388 2211 1582 2273 Syriaca
1601 2221 1803 2260 vocatur
1822 2231 1834 2272 3

88 2308 189 2339 non
213 2291 350 2353 quod
375 2290 425 2337 in
459 2289 593 2352 Syria
622 2298 863 2349 nascatur,
893 2290 981 2338 sed
1015 2291 1151 2352 quod
1183 2306 1340 2351 mons,
1369 2291 1418 2339 in
1445 2309 1545 2355 quo
1571 2292 1829 2353 invenitur,

143 2433 160 2458 1
194 2420 340 2459 eadem
363 2420 406 2458 D
557 2433 582 2470 3
611 2420 758 2470 stirpis
778 2420 828 2459 si.
852 2419 917 2459 K:
950 2420 1105 2470 stirpes
1127 2418 1235 2457 milis
1255 2419 1299 2457 D
1450 2436 1476 2474 4
1504 2423 1770 2464 madentibus
1790 2424 1837 2463 K

85 2488 152 2515 au.
175 2476 218 2513 in
238 2475 342 2515 bals.
363 2474 407 2512 D
613 2476 639 2513 6
668 2476 948 2515 adiectionem
970 2474 1013 2511 D
1142 2474 1435 2522 significantur
1453 2476 1500 2515 K
1621 2492 1674 2518 eo
1695 2480 1829 2532 quod]

86 2531 139 2569 de
159 2542 241 2579 quo
270 2528 307 2567 T
434 2543 454 2578 7
486 2543 555 2569 un.
580 2528 657 2570 ser.
686 2528 747 2568 T:
777 2530 853 2569 fer.
874 2528 1054 2568 vinculis
1073 2527 1118 2565 K
1244 2530 1270 2567 8
1299 2537 1419 2580 gutta
1439 2532 1549 2572 codd.
1691 2540 1830 2573 autem

84 2598 183 2623 corr.
210 2584 323 2623 enim
344 2583 387 2621 D
535 2598 562 2634 9
592 2589 710 2633 gutte
730 2584 840 2624 adul.
871 2583 908 2622 T
1061 2595 1111 2621 10
1139 2583 1307 2623 sincero
1328 2585 1373 2623 K
1522 2601 1567 2627 11
1601 2588 1831 2628 instillatur

85 2640 154 2690 (ex
172 2645 256 2677 -tus
270 2639 302 2691 2)
333 2637 390 2676 T:
419 2644 525 2677 -turn
547 2639 594 2677 K
759 2639 990 2678 admixtum
1011 2637 1056 2675 K
1234 2641 1462 2680 resolutum
1483 2642 1529 2680 K
1691 2649 1826 2694 praet.

84 2693 118 2732 si
140 2692 185 2730 K
402 2705 450 2731 12
480 2693 605 2732 lanea
625 2694 757 2732 vestis
779 2692 825 2731 K
972 2705 1069 2731 nom
1090 2691 1134 2730 D
1284 2695 1543 2735 adulteratur
1570 2696 1630 2737 T:
1661 2703 1768 2737 -tum
1788 2697 1834 2735 K

88 2760 136 2797 13
166 2747 229 2787 lac
250 2746 294 2785 D
476 2760 523 2796 14
555 2754 803 2797 supernatet
824 2748 867 2786 D
1051 2757 1098 2796 15
1127 2752 1284 2787 tantam
1303 2750 1388 2800 <am
1407 2751 1452 2789 in
1474 2752 1579 2803 ras.)
1601 2751 1645 2790 D
1767 2754 1830 2791 in-

84 2802 304 2841 canduerit
324 2800 370 2839 K
467 2802 678 2840 sustinere
698 2802 742 2839 D
881 2815 927 2852 17
960 2800 1134 2840 Extanti
1155 2814 1233 2851 per
1251 2804 1396 2844 accide
1417 2811 1459 2844 et
1479 2819 1593 2856 quar.
1618 2807 1662 2845 D
1682 2811 1730 2845 ut
1745 2807 1826 2847 vid.

84 2869 132 2894 21
164 2857 291 2896 etiam
314 2857 548 2896 nominibus
568 2855 656 2894 DT
720 2869 771 2894 22
801 2857 932 2896 linum
960 2857 1018 2895 T:
1048 2856 1163 2905 ligno
1182 2857 1225 2894 D
1296 2871 1347 2909 23
1377 2860 1402 2900 i.
1426 2874 1534 2910 aque
1554 2860 1620 2901 K:
1653 2862 1752 2900 inde
1774 2863 1828 2902 ad

82 2923 169 2960 quo
189 2911 232 2949 D
409 2911 500 2952 Par.
522 2923 618 2951 esse
637 2924 720 2950 om.
744 2910 790 2948 K
997 2924 1047 2960 24
1077 2911 1250 2961 spinosa
1271 2926 1341 2955 un.
1362 2914 1408 2954 K
1422 2929 1431 2954 :
1460 2915 1623 2965 spicum
1644 2916 1828 2955 eundem

83 2966 203 3017 (corr.
223 2967 313 3018 ea-)
335 2965 378 3003 D
616 2976 668 3016 25
699 2964 830 3017 ναρδι]
853 2967 1128 3005 nardostacos
1147 2962 1194 3002 K
1206 2981 1214 3005 :
1247 2969 1513 3009 nardistacos
1541 2969 1595 3008 T:
1626 2971 1827 3011 nardusta

82 3031 190 3069 quos
209 3019 252 3057 D
360 3021 414 3058 26
443 3020 518 3060 sed
538 3019 639 3069 quia
663 3019 709 3058 K
