2228 3444
238 302 344 342 XXI

213 792 341 832 XXII

187 1044 339 1083 XXIII

194 1455 341 1496 XXIV

309 1631 339 1665 2

309 2126 338 2171 3

1111 166 1383 216 ISIDORI

507 295 706 356 QVALIS
734 308 939 343 DEBEAT
969 310 1107 343 FIERI
1137 310 1253 346 LEX.
1317 297 1420 346 Erit
1446 306 1610 347 autem
1638 299 1714 347 lex
1739 299 1960 358 honesta,
1982 299 2121 361 iusta,

369 376 633 440 possibilis,
700 379 976 426 secundum
1050 387 1291 438 naturam,
1360 381 1636 429 secundum
1708 382 2120 431 consuetudinem

366 458 566 523 patriae,
606 460 718 508 loco
755 459 1066 523 temporique
1104 460 1422 522 convenienS,
1460 464 1749 523 necessaria,
1788 462 1933 522 utilis,
1973 466 2125 513 mani--

367 543 490 591 festa
538 558 754 605 quoque,
805 558 870 592 ne
927 543 1117 607 aliquid
1176 560 1262 607 per
1318 543 1669 594 obscuritatem
1728 544 1780 594 in
1839 546 2120 609 captionem

367 627 632 684 contineat,
672 626 811 675 nullo
854 625 1044 689 privato
1082 628 1367 689 commodo,
1398 628 1486 676 sed
1522 644 1612 691 pro
1649 627 1904 677 communi
1939 627 2120 677 civium

366 708 574 758 utilitate
599 710 891 772 conscripta.

505 793 587 840 DE
631 805 823 846 CAVSIS,
895 795 1103 857 Πρᾶγμα
1145 791 1391 842 Graecum
1430 801 1517 853 est,
1557 794 1693 856 quod
1731 792 1906 842 Latine
1942 791 2121 843 dicitur

365 892 527 935 causa,
556 875 691 923 unde
717 882 765 922 et
789 873 1090 937 pragmatica
1114 877 1311 938 negotia
1337 874 1580 935 dicuntur,
1617 884 1664 924 et
1701 884 1837 924 actor
1862 891 2116 925 causarum

366 966 415 1006 et
440 956 752 1020 negotiorum
779 956 1107 1020 pragmaticus
1134 966 1460 1020 nuncupatur.

503 1041 584 1087 DE
625 1053 879 1088 TESTlssVS.
954 1041 1129 1088 Testes
1172 1036 1313 1105 [sunt
1356 1039 1535 1102 quibus
1574 1039 1747 1089 veritas
1785 1039 2032 1103 quaeritur
2068 1041 2118 1088 in

365 1120 588 1188 iudicio}
665 1124 777 1170 Hos
822 1120 1032 1184 quisque
1068 1130 1183 1170 ante
1219 1122 1457 1171 iudicium
1494 1121 1588 1170 sibi
1624 1123 1815 1185 placitis
1851 1121 2028 1184 alligat,
2055 1138 2118 1170 ne

363 1204 442 1253 cui
469 1204 528 1253 sit
554 1213 727 1268 postea
752 1203 961 1253 liberum
987 1213 1070 1253 aut
1096 1205 1405 1253 dissimulare
1437 1213 1521 1253 aut
1555 1205 1841 1254 subtrahere
1866 1219 1945 1262 se;
1983 1204 2117 1253 unde

364 1296 412 1337 et
459 1288 642 1350 alligati
685 1288 1006 1350 appellantur.
1102 1288 1230 1336 Item
1279 1296 1427 1336 testes
1477 1286 1594 1336 dicti
1639 1287 1773 1350 quod
1820 1294 2116 1335 testamento

363 1368 589 1419 adhiberi
615 1370 773 1418 solent
794 1387 807 1429 ,-
843 1371 968 1418 sicut
994 1369 1279 1433 signatores,
1308 1371 1445 1433 quod
1470 1378 1821 1419 testamentum
1848 1367 2055 1431 signant.

500 1454 581 1499 DE
610 1466 1001 1500 INSTRVMENTIS
1040 1467 1338 1500 LEGALIBVS.
1410 1454 1653 1500 Voluntas
1678 1452 1904 1514 generale
1929 1466 2115 1499 nomen

364 1533 589 1583 omnium
638 1533 869 1597 legalium
918 1533 1384 1593 instrumentorum;
1447 1551 1574 1598 quae
1622 1533 1738 1597 quia
1786 1550 1888 1582 non
1928 1533 1988 1593 vi,
2028 1534 2115 1582 sed

362 1619 617 1666 voluntate
654 1616 891 1680 procedit,
940 1618 1053 1666 ideo
1090 1619 1187 1667 tale
1229 1634 1415 1666 nomen
1458 1615 1663 1680 accepit.
1738 1618 2114 1665 Testamentum

362 1708 593 1749 vocatum
644 1699 772 1762 quia,
824 1698 918 1746 nisi
967 1707 1169 1749 testator
1218 1708 1439 1747 mortuus
1488 1698 1648 1759 fuerit,
1696 1715 1788 1747 nec
1837 1699 2114 1747 confirmari

360 1791 522 1845 potest
570 1798 663 1830 nec
711 1781 820 1829 sciri
869 1781 989 1844 quid
1037 1780 1087 1828 in
1136 1797 1197 1830 eo
1245 1782 1479 1844 scriptum
1529 1780 1607 1841 sit,
1640 1781 1755 1844 quia
1802 1782 2023 1829 clausurn
2067 1788 2114 1828 et

361 1863 675 1928 obsignatum
719 1872 825 1923 est,
861 1872 909 1912 et
939 1865 1056 1912 inde
1092 1862 1282 1913 dictum
1316 1872 1681 1922 testamentum,
1710 1863 1826 1926 quia
1859 1880 1960 1912 non
1985 1864 2114 1912 valet

360 1945 453 1994 nisi
491 1955 605 2009 post
636 1945 881 1994 testatoris
925 1954 1318 2005 monumentum,
1348 1946 1482 1994 unde
1515 1954 1562 1994 et
1616 1946 1886 2007 Apostolus
1931 1944 2111 2010 (Hebr.

365 2047 409 2091 9,
444 2028 537 2093 17),
605 2030 1043 2085 ‘Testamentum‚'
1112 2027 1287 2091 inquit,
1354 2027 1433 2075 ‘in
1496 2027 1700 2076 mortuis
1766 2028 2114 2077 confirmatur!

360 2113 740 2160 Testamentum
766 2126 884 2159 sane
909 2110 959 2158 in
985 2109 1244 2173 Scripturis
1277 2109 1459 2158 sanctis
1484 2126 1587 2158 non
1611 2111 1707 2158 hoc
1733 2110 1894 2158 solum
1919 2109 2111 2171 dicitur,

362 2195 499 2257 quod
533 2209 634 2242 non
660 2194 788 2241 valet
822 2192 915 2240 nisi
954 2191 1270 2241 testatoribus
1305 2193 1524 2251 mortuis,
1552 2193 1640 2240 sed
1666 2207 1815 2239 omne
1840 2200 2039 2254 pactum
2066 2202 2113 2248 et

362 2277 598 2339 placitum
633 2283 984 2323 testamentum
1010 2274 1267 2323 vocabant.
1344 2275 1474 2322 Nam
1511 2273 1682 2321 Laban
1708 2282 1757 2321 et
1792 2274 1946 2322 Iacob
1971 2283 2114 2324 testa-
2166 2301 2187 2339 5

362 2367 586 2407 mentum
612 2358 848 2417 fecerunt,
877 2357 1014 2420 quod
1050 2356 1221 2419 utique
1259 2354 1406 2404 etiam
1445 2354 1569 2403 inter
1594 2354 1729 2404 vivos
1755 2356 1949 2416 valeret,
1977 2365 2026 2405 et
2061 2358 2111 2404 in

363 2439 572 2489 Psalmis
605 2440 779 2502 legitur
818 2438 917 2503 (82,
938 2438 1020 2503 6):
1061 2440 1366 2487 ‘Adversum
1402 2446 1449 2486 te
1483 2445 1834 2486 testamentum
1862 2436 2113 2501 disposue-

417 2571 571 2619 XX1(cf.
589 2570 644 2610 ΙΙ.
658 2583 698 2610 Χ.
717 2570 762 2621 6)
843 2581 867 2618 5
888 2570 1108 2619 contingat
1122 2567 1167 2605 K
1238 2568 1353 2607 nullo
1366 2581 1414 2606 ex
1427 2567 1542 2606 nullu
1558 2566 1624 2607 K:
1645 2567 1749 2605 nulli
1763 2566 1806 2604 Β
1879 2570 2111 2621 communi]

363 2627 480 2666 omni
495 2625 541 2663 K
594 2637 687 2663 xxn
701 2628 797 2675 post
808 2637 919 2663 xxm
941 2623 991 2661 T1
1070 2637 1090 2673 7
1112 2623 1247 2675 quod]
1263 2636 1370 2672 quae
1388 2621 1438 2660 Cl
1514 2624 1539 2662 8
1561 2623 1796 2673 pragmatia
1817 2620 1874 2661 T:
1895 2629 2113 2673 pragmata

363 2680 461 2721 C1K
566 2693 664 2729 neg.
683 2686 725 2718 et
742 2692 855 2720 cauS.
871 2679 918 2718 K
1029 2692 1078 2717 10
1098 2679 1250 2718 Testes
1267 2678 1375 2729 (·tis)
1392 2677 1572 2727 quisque
1585 2676 1788 2716 AB1DH
1795 2691 1804 2716 z
1825 2677 1919 2717 Hos
1933 2679 2112 2728 quisque

368 2735 472 2775 TU:
493 2735 644 2774 Testes
662 2734 745 2786 (-te
763 2733 829 2785 M)
844 2739 963 2774 sunt.
980 2734 1180 2774 ..iudicio
1198 2734 1347 2784 (-cium
1368 2731 1421 2782 C)
1441 2733 1519 2771 hos
1535 2732 1714 2782 quisque
1730 2730 1859 2770 CKM
1942 2745 1986 2772 11
2010 2734 2109 2785 sibi]

362 2791 452 2830 sive
474 2790 526 2828 M
636 2790 813 2839 placidis
833 2787 879 2826 K
898 2790 1000 2839 (non
1023 2788 1092 2838 M)
1206 2787 1382 2836 alligant
1410 2785 1563 2832 T(non
1590 2786 1652 2837 U)
1787 2799 1835 2825 12
1866 2786 2112 2827 insimulare

369 2846 425 2886 T:
462 2844 658 2884 insimula
683 2844 726 2882 U
832 2844 1058 2882 detrahere
1081 2842 1131 2881 C1
1305 2854 1433 2891 13—14
1465 2847 1598 2880 testes
1620 2869 1629 2879 .
1656 2873 1664 2880 .
1689 2870 1697 2879 .
1718 2841 1818 2893 sig.]
1844 2841 1911 2891 (cf.
1935 2841 1988 2881 X.
2010 2845 2108 2893 265)

365 2914 413 2951 14
443 2900 644 2939 adhibere
665 2898 700 2936 C
806 2904 1060 2938 testamenta
1080 2896 1118 2935 T
1226 2898 1275 2935 16
1303 2909 1411 2946 quae
1428 2910 1511 2936 om.
1533 2894 1611 2934 CK
1721 2897 1770 2934 18
1799 2896 1896 2945 quia
1914 2897 2109 2948 (prz'm.)]

361 2956 474 3006 quod
495 2953 564 2994 K:
595 2966 677 3004 que
701 2953 751 2991 Cl
874 2966 926 2992 20
957 2953 1057 2992 dict.
1079 2959 1144 2992 est
1165 2957 1260 2991 test.
1281 2950 1323 2990 Β
1433 2963 1482 2990 21
1515 2950 1632 3002 post]
1654 2962 1732 3000 per
1755 2949 1790 2988 C
1895 2963 1946 3000 24
1976 2952 2110 3004 quod]

360 3023 469 3060 quae
488 3008 539 3047 C1
650 3021 702 3059 25
734 3008 942 3047 vocabant
954 3006 1089 3046 ABT
1101 3022 1110 3047 :
1138 3011 1314 3046 vocatur
1333 3003 1410 3044 CK
1514 3017 1612 3044 nam
1630 3011 1672 3044 et
1692 3004 1792 3046 Lab.
1809 3010 1852 3043 et
1867 3002 1913 3042 K
1926 3006 2028 3055 (non
2043 3006 2107 3057 A)

360 3067 413 3102 26
442 3064 579 3115 quod]
600 3077 710 3114 quae
736 3061 784 3100 C1
894 3062 1057 3103 valeret
1079 3060 1157 3101 CK
1163 3059 1223 3100 T:
1251 3061 1428 3100 valuerit
1448 3058 1536 3098 AB
1675 3072 1725 3108 27
1757 3060 1982 3099 adversum
2002 3059 2106 3101 BT:

361 3131 452 3157 -sus
472 3117 600 3158 ACK
709 3125 751 3158 te
772 3130 855 3157 om.
877 3116 1006 3155 ACK
1113 3121 1206 3156 test.
1232 3121 1347 3155 tuum
1370 3115 1479 3165 disp.
1500 3112 1546 3151 K

2145 653 2166 693 5

2145 1063 2193 1091 10

2142 1472 2190 1514 15

2141 1886 2191 1914 20
