2176 3424
1052 118 1323 166 ISIDORI
1388 133 1390 135 ·

309 245 500 305 reverti,
538 254 587 294 et
630 246 784 294 modo
827 245 1054 293 manibus
1097 255 1302 294 temtare
1346 246 1570 306 invicem,
1616 249 1768 295 modo
1815 249 2056 311 conplexu

306 326 503 389 abigere
528 343 635 375 sese
661 343 798 374 more
822 328 1129 375 luctantium.
1581 384 1583 386 k

160 416 284 455 XXV
446 410 530 455 DE
555 422 746 456 AGONE.
811 410 954 470 Quae
975 408 1151 457 Latine
1171 408 1453 468 certamina,
1477 409 1653 459 Graeci
1671 413 1848 476 ἀγῶνας
1864 421 2057 470 vocant,

306 508 335 539 a
367 490 643 553 frequentia
674 507 772 553 qua
809 491 1198 539 celebrabantur.
1271 491 1527 554 Siquidem
1554 502 1602 540 et
1635 509 1836 540 omnem
1862 502 2058 541 coetum

307 581 457 635 atque
500 581 801 621 conventum
841 589 1000 635 agona
1039 572 1168 633 dici3
1221 573 1284 621 ali
1326 575 1462 636 quod
1501 573 1551 620 in
1594 573 1785 622 circulis
1826 584 1873 623 et
1921 574 2060 637 quasi
2085 593 2106 632 5

307 653 510 717 agoniis,
539 654 589 702 id
616 663 688 702 est
723 654 827 702 sine
857 656 1039 717 angulo
1075 653 1209 714 locis,
1240 656 1502 703 ederentur
1534 666 1847 719 nuncupatos
1876 673 2058 719 agonas

308 745 498 799 putant.

138 827 283 865 XXVI
446 819 529 864 DE
576 832 869 865 GENERIBVS
918 832 1153 866 AGONVM.
1249 821 1482 881 Agonum
1530 835 1709 881 genera
1755 819 1931 868 fuisse:
1992 820 2059 868 in-

309 898 543 948 mensitas
577 899 766 957 virium,
806 898 969 947 cursui
1003 899 1239 960 celeritas,
1277 899 1539 963 sagittandi
1569 900 1755 963 peritia,
1788 902 1950 949 standi
1980 919 2055 964 pa-

307 980 491 1040 tientia,
531 982 594 1029 ad
635 980 871 1029 citharam
912 998 1112 1044 quoque
1161 983 1236 1030 vel
1285 981 1428 1030 tibias
1468 981 1734 1031 incedendi
1775 992 1954 1046 gestus,
1997 986 2059 1032 de
2087 1001 2136 1028 10

307 1063 526 1112 moribus
553 1080 767 1126 quoque,
796 1064 859 1112 de
883 1064 1054 1123 forma,
1082 1065 1146 1112 de
1179 1064 1411 1112 cantandi
1443 1063 1800 1124 modulatione,
1825 1065 2060 1114 terrestris

307 1161 507 1208 quoque
529 1145 643 1193 belli
664 1154 711 1194 et
737 1144 921 1193 navalis
941 1147 1130 1208 proelii,
1146 1146 1681 1209 perpetiendorumque
1707 1146 2058 1210 suppliciorum

308 1226 590 1276 certamina.

113 1314 283 1354 XXVII
444 1311 529 1356 DE
563 1324 713 1357 LVDIS
745 1310 1110 1358 C1RCENslssvs.
1185 1309 1314 1358 Ludi
1345 1309 1602 1359 Circenses
1639 1326 1887 1358 sacrorum
1913 1327 2061 1360 causa

306 1406 363 1438 ac
389 1391 595 1439 deorum
621 1391 877 1455 gentilium
905 1391 1319 1440 celebrationibus
1346 1391 1553 1441 instituti
1574 1401 1715 1440 sunt:
1752 1394 1886 1441 unde
1902 1401 1950 1441 et
1975 1393 2058 1456 qui
2086 1410 2134 1451 15

307 1488 390 1520 eos
418 1482 643 1535 spectant
676 1475 977 1522 daemonum
1005 1473 1220 1522 cultibus
1245 1473 1476 1523 inservire
1512 1475 1752 1523 videntur.
1827 1476 1957 1523 Nam
1985 1492 2058 1524 res

306 1554 544 1616 equestris
592 1563 738 1603 antea
777 1555 983 1618 simplex
1021 1556 1273 1618 agebatur,
1312 1565 1360 1604 et
1402 1555 1573 1618 utique
1621 1556 1900 1604 communis
1942 1574 2058 1605 usus

306 1645 467 1684 reatus
493 1653 595 1685 non
621 1646 752 1697 erat3
789 1638 877 1686 sed
904 1654 1056 1699 quum
1083 1639 1147 1686 ad
1173 1639 1317 1686 ludos
1344 1647 1545 1686 coactus
1571 1647 1643 1686 est
1669 1637 1899 1687 naturalis
1926 1656 2060 1700 usus,

253 1718 369 1766 2ad
412 1718 789 1767 daemoniorum
831 1720 1019 1767 cultum
1073 1721 1334 1767 translatus
1383 1728 1468 1767 est.
1544 1721 1720 1782 Itaque
1770 1719 1963 1769 Castori
2011 1730 2058 1769 et

308 1799 498 1847 Polluci
547 1802 847 1863 deputantur
895 1802 1016 1848 haec
1060 1800 1262 1862 species,
1303 1800 1483 1862 quibus
1530 1817 1685 1863 equos
1733 1818 1760 1848 a
1811 1800 2059 1850 Mercurio
2084 1822 2135 1849 20

307 1881 595 1930 distributos
612 1881 843 1931 historiae
864 1884 1047 1930 docent
1065 1901 1077 1943 3
1115 1883 1202 1930 sed
1219 1891 1267 1930 et
1293 1883 1558 1945 Neptunus
1576 1882 1814 1944 equestris
1840 1882 1943 1930 ludi
1969 1892 2054 1941 est,

306 1981 456 2026 quem
483 1964 659 2013 Graeci
687 1966 844 2014 ἵππιον
868 1966 1118 2028 appellant
1142 1982 1154 2024 3
1204 1965 1292 2012 sed
1319 1972 1370 2012 et
1405 1963 1579 2012 Martis
1606 1973 1653 2012 et
1688 1964 1820 2012 Iovis
1852 1964 1900 2011 in
1927 1965 2055 2014 ludis

253 2067 283 2112 3
307 2046 421 2108 equi
460 2055 574 2094 sunt
623 2046 908 2105 consecrati,
955 2055 1003 2094 et
1045 2045 1136 2108 ipsi
1185 2045 1431 2108 quadrigis
1480 2055 1724 2108 praesunt.
1799 2045 2057 2096 Circenses

306 2137 471 2176 autem
499 2128 604 2177 ludi
640 2128 753 2177 ideo
780 2127 912 2187 dicti,
941 2129 1017 2176 vel
1047 2145 1076 2175 a
1107 2127 1481 2187 circumeundo,
1511 2129 1586 2175 vel
1623 2128 1774 2189 quod,
1810 2127 1895 2176 ubi
1925 2146 2057 2177 nunc

308 2218 470 2259 metae
509 2219 637 2270 sunt,
678 2209 795 2258 olim
836 2209 983 2273 gladii
1023 2209 1337 2272 ponebantur
1373 2225 1498 2271 quos
1536 2208 1801 2272 quadrigae
1838 2209 2058 2258 circumi·
2082 2231 2131 2269 25

307 2291 428 2340 bant
450 2310 463 2353 3
498 2301 546 2340 et
573 2291 689 2340 inde
714 2291 834 2340 dicti
861 2292 1132 2350 Circenses,
1161 2290 1225 2338 ab
1252 2290 1451 2339 ensibus
1478 2290 1605 2339 circa
1630 2307 1755 2354 quos
1781 2292 2054 2341 currebant.

367 2434 384 2460 1
419 2427 461 2460 et
482 2422 608 2460 modo
631 2451 639 2461 .
667 2451 676 2461 .
701 2452 710 2461 .
734 2421 912 2460 invicem
934 2420 1074 2461 oms2
1203 2434 1228 2470 3
1258 2421 1388 2459 latine
1409 2419 1520 2460 KT:
1551 2420 1666 2458 latini
1687 2419 1767 2458 BC
1893 2435 1917 2470 4
1947 2422 2056 2460 cele-

308 2477 487 2515 brantur
507 2475 607 2515 BlC
743 2483 785 2514 et
806 2490 887 2516 om.
914 2475 960 2513 K
1106 2489 1231 2515 omne
1251 2474 1339 2513 BT
1509 2487 1533 2524 5
1564 2475 1634 2513 alii
1657 2476 1768 2524 quod
1797 2475 1855 2514 T:
1885 2476 2055 2526 aliquod

310 2531 367 2572 C:
399 2531 556 2581 aliquid
577 2530 619 2568 Β
755 2544 825 2580 qu.
848 2531 998 2580 agonis
1019 2529 1054 2568 C
1227 2543 1253 2580 9
1283 2542 1431 2569 cursus
1455 2529 1490 2568 C
1671 2543 1720 2568 10
1749 2530 1952 2569 citharum
1977 2531 2024 2570 C¹
2047 2546 2056 2570 ε

308 2587 481 2624 cethara
501 2584 574 2624 K:
605 2591 787 2624 ceteram
808 2585 849 2623 Β
1055 2585 1284 2624 accedendi
1307 2584 1377 2623 K:
1408 2584 1576 2623 incendi
1604 2583 1642 2621 T
1875 2598 1918 2623 11
1952 2591 2052 2625 terr.

308 2653 478 2690 quoque
502 2640 559 2678 T:
583 2646 683 2678 terr.
703 2642 815 2689 quod
831 2640 961 2679 BlK:
983 2646 1083 2679 terr.
1106 2638 1141 2678 C
1236 2652 1283 2677 12
1312 2638 1485 2688 proeliis
1500 2638 1557 2676 B1
1661 2651 1709 2687 14
1739 2651 1829 2678 cau.
1848 2652 2052 2690 equorum

308 2695 399 2733 ΚΝ
415 2695 564 2747 (—sam)
584 2694 627 2732 P
653 2697 764 2743 (-sae
794 2695 904 2746 qu.):
942 2707 1030 2734 cau.
1064 2707 1266 2744 aquorum
1299 2693 1384 2732 B1:
1423 2706 1513 2733 cau.
1546 2706 1570 2732 a
1599 2706 1681 2743 quo
1711 2694 1962 2733 domnorum
1993 2695 2052 2735 F:

308 2763 398 2789 cau.
425 2763 473 2789 ac
494 2749 677 2788 detrium
704 2749 742 2787 U
762 2750 865 2800 (non
892 2750 948 2799 V)
1060 2761 1107 2798 15
1136 2749 1363 2799 gentilibus
1386 2747 1426 2785 V
1532 2749 1582 2785 16
1611 2753 1841 2797 expectant
1859 2748 2054 2788 BClFT:

307 2804 548 2854 inspectant
569 2803 653 2841 KP
738 2817 784 2852 17
817 2817 894 2843 usu
915 2804 963 2843 C¹
1052 2805 1101 2842 18
1129 2809 1272 2843 reatus
1289 2803 1425 2842 fuerat
1441 2801 1487 2840 K
1503 2806 1597 2842 ante
1613 2816 1712 2840 corr.
1804 2815 1853 2852 19
1883 2803 2053 2842 transla-

308 2864 397 2897 tum
427 2858 465 2896 T
615 2871 663 2896 21
697 2859 872 2910 docent]
896 2859 1040 2898 dicunt
1060 2857 1107 2896 K
1259 2857 1357 2896 lude
1379 2857 1433 2895 Β1
1454 2872 1462 2896 :
1492 2857 1612 2895 ludes
1633 2855 1679 2894 K
1840 2869 1892 2895 22
1923 2857 2052 2907 ippon

308 2913 396 2950 ΒΚ
411 2928 420 2952 z
451 2913 581 2964 ippon
603 2927 660 2952 an
681 2926 827 2964 yppon
851 2913 987 2954 incert.
1017 2912 1080 2953 T:
1108 2925 1284 2963 yppona
1309 2911 1344 2950 C
1586 2910 1820 2964 appellant]
1843 2918 1996 2950 vocant
2023 2912 2061 2950 T

309 2968 394 3006 iovi
415 2967 496 3006 BC
513 2969 616 3019 (non
643 2967 700 3018 U)
917 2981 968 3017 23
1000 2981 1065 3017 eq.
1090 2967 1208 3018 sunt]
1232 2965 1499 3016 equestribus
1518 2964 1608 3003 KN
1625 2965 1757 3016 (-ist-)
1932 2972 1974 3005 et
1993 2967 2050 3017 ip.

308 3023 401 3073 qu.]
423 3023 489 3061 vel
510 3036 534 3061 a
554 3024 705 3061 circum
735 3022 783 3060 Tl
809 3021 872 3073 (qf.
899 3026 917 3069 ξ
939 3026 984 3073 3)
1117 3035 1168 3070 24
1199 3023 1295 3060 circ.
1319 3021 1431 3070 quod
1456 3020 1491 3059 C
