2176 3424
441 92 1071 142 ETYMOLOGIARVM
1112 90 1240 137 LIB.
1282 90 1451 137 XVII.
1489 87 1535 136 ix

118 224 397 274 continetur
422 239 624 272 uvarum
652 221 823 281 simile,
852 219 1099 268 radicibus
1128 219 1349 283 pluribus
1382 228 1532 281 atque
1561 217 1861 267 tenuissimis

119 315 167 355 et
191 306 320 355 bene
345 304 695 363 redolentibus,
724 311 772 351 et
797 310 870 351 est
894 301 1069 350 virtute
1095 301 1265 350 similis
1290 302 1459 349 nardo.
1512 301 1621 348 Phu
1647 299 1863 349 nascitur

119 390 169 436 in
190 391 365 448 Ponto,
387 386 513 435 foliis
534 387 744 435 oleastro
764 383 1018 434 similibus.
1094 385 1343 447 Cyperum
1363 399 1392 430 a
1410 381 1610 432 Graecis
1629 390 1861 430 vocatum
1886 384 1915 430 8

120 472 256 534 quod
292 470 472 523 habeat
507 467 734 516 virtutem
772 467 1054 514 ferventem.
1129 465 1292 512 Radix
1329 473 1403 512 est
1447 462 1578 511 iunci
1620 462 1861 526 trianguli,

75 574 96 614 5
121 552 247 600 foliis
272 550 402 615 porri
426 548 680 608 similibus,
709 546 955 596 radicibus
981 545 1129 609 nigris
1165 545 1266 594 sive
1299 544 1543 608 contiguis
1569 544 1618 592 in
1646 543 1866 593 similitu-

121 633 289 683 dinem
338 633 589 690 olivarum,
637 627 941 678 odorissimis
988 637 1137 690 atque
1185 626 1447 676 acerrimis.
1539 625 1771 675 Nascitur
1819 625 1868 672 in

122 715 386 779 paludibus
417 723 565 775 atque
591 710 755 760 vacuis
788 709 922 758 locis.
995 709 1226 758 Traditur
1258 710 1405 758 etiam
1439 710 1534 757 alia
1568 707 1756 770 species
1794 723 1870 769 cy-

122 796 238 859 peri,
267 812 393 859 quae
430 797 479 842 in
517 794 663 842 India
698 793 912 840 nascitur
945 800 993 840 et
1025 792 1298 855 appellatur
1329 790 1496 853 lingua
1529 807 1700 838 eorum
1731 787 1870 837 zinzi-

123 878 223 927 ber.
297 877 386 926 Iris
425 875 616 939 Illyrica
651 891 680 922 a
712 873 1034 922 similitudine
1068 873 1159 921 Iris
1189 873 1412 921 caelestis
1441 889 1626 920 nornen
1660 870 1864 934 accepit.
1893 886 1926 932 9

53 981 102 1008 ιο
125 962 273 1009 Vnde
298 968 346 1008 et
370 975 398 1007 a
424 958 610 1006 Latinis
635 971 870 1004 arcumen
904 954 1082 1003 dicitur
1111 955 1248 1018 quod
1275 955 1365 1003 flos
1391 953 1495 1003 eius
1520 953 1697 1003 coloris
1724 954 1872 1002 varie-

125 1051 224 1092 tate
249 1040 461 1089 eundem
489 1054 656 1086 arcum
683 1037 946 1086 caelestem
972 1035 1201 1085 imitetur.
1275 1034 1470 1098 Illyrica
1493 1044 1661 1084 autem
1694 1034 1873 1083 dicitur

125 1125 241 1188 quia
265 1122 316 1170 in
342 1120 536 1183 Illyrico
561 1118 771 1183 plurima
800 1128 848 1167 et
882 1117 1187 1167 olentissima
1217 1126 1303 1166 est.
1377 1118 1576 1180 Species
1611 1116 1715 1165 eius
1745 1116 1872 1164 foliis

125 1202 325 1266 gladioli
362 1201 546 1260 similis,
582 1201 746 1249 radice
778 1198 1059 1258 aromatica,
1097 1200 1261 1248 odoris
1294 1198 1430 1248 boni.
1501 1201 1719 1247 Acorum
1745 1196 1872 1245 foliis
1897 1216 1954 1251 10

127 1284 261 1333 iridis
281 1282 521 1332 similibus
542 1300 554 1342 3
589 1280 836 1330 radicibus
857 1280 1078 1330 acerrimi
1099 1282 1278 1340 odoris,
1302 1282 1389 1329 sed
1410 1280 1614 1329 iucundi
1632 1299 1645 1341 ,-
1677 1288 1876 1344 propter

58 1388 104 1426 15
127 1368 264 1430 quod
289 1375 337 1414 et
360 1363 626 1413 aromatica
652 1373 738 1412 est.
791 1366 927 1413 Meu.
981 1364 1386 1412 Cardamomum.
1436 1362 1679 1426 Squinum
1702 1362 1875 1411 melius
1905 1379 1950 1412 11

129 1446 246 1515 [est]
273 1448 408 1510 quod
434 1446 483 1494 in
511 1447 763 1509 Euphrate
789 1445 1006 1494 nascitur
1031 1461 1179 1508 quam
1206 1446 1342 1507 quod
1368 1444 1418 1493 in
1443 1444 1640 1504 Arabia,
1670 1445 1871 1501 fulvum,

129 1529 461 1588 multiflorum,
501 1544 816 1591 purpureum,
857 1536 1018 1586 tenue,
1058 1527 1224 1575 odoris
1260 1526 1387 1575 rosei
1424 1542 1538 1575 cum
1576 1543 1725 1575 manu
1762 1542 1874 1574 con-

129 1612 337 1670 fricatur,
356 1619 501 1674 gustu
528 1612 735 1658 multum
765 1608 987 1658 incendit
1012 1608 1228 1672 linguam
1255 1617 1404 1671 atque
1430 1609 1636 1657 mordet.
1709 1607 1874 1656 Huius

131 1692 221 1739 flos
255 1691 445 1754 σχοίνου
475 1689 611 1740 ἄνθος
640 1687 817 1736 dicitur
834 1706 847 1749 ;
884 1689 1022 1739 ἄνθος
1059 1686 1190 1735 enim
1217 1687 1407 1736 Graece
1433 1688 1522 1735 flos
1549 1695 1872 1749 nuncupatur.

62 1791 112 1819 20
132 1774 381 1835 Thymum
419 1772 719 1834 appellatum
757 1770 893 1832 quod
930 1770 1020 1817 flos
1057 1768 1160 1818 eius
1198 1770 1403 1818 odorem
1439 1770 1593 1818 refert.
1672 1771 1750 1817 De
1776 1784 1876 1831 quo
1900 1781 1955 1815 12

132 1850 373 1912 Vergilius
399 1848 597 1912 (Georg.
618 1867 662 1907 4,
687 1847 804 1912 169)
824 1866 833 1896 τ

472 1931 823 1991 Redolentque
860 1930 1031 1991 thymo
1069 1927 1327 1990 fragrantia
1366 1929 1524 1975 mella.

137 2012 458 2076 Epithymum
484 2013 729 2060 Graecum
758 2026 957 2069 nomen,
986 2011 1121 2072 quod
1150 2011 1324 2058 Latine
1360 2008 1537 2057 dicitur
1572 2009 1660 2057 flos
1694 2009 1849 2071 thymi
1870 2020 1957 2069 313

135 2111 250 2142 narn
272 2095 361 2142 flos
382 2095 570 2142 Graece
592 2091 736 2155 θύμον
758 2100 959 2139 vocatur
981 2111 989 2140 :
1027 2098 1101 2139 est
1120 2099 1283 2138 autem
1307 2091 1396 2139 flos
1417 2090 1675 2153 thymbrae
1694 2089 1879 2138 similis.

195 2251 212 2276 1
246 2237 437 2288 pluribus
475 2250 524 2276 ex
558 2236 709 2287 plubus
754 2235 815 2275 T:
862 2234 1036 2274 floribus
1075 2234 1140 2273 D:
1191 2234 1382 2284 plurimis
1419 2234 1465 2273 K
1573 2246 1597 2271 2
1626 2239 1692 2272 est
1725 2246 1809 2274 om.
1844 2234 1889 2272 K

140 2293 231 2331 Phu
254 2322 264 2332 .
287 2323 297 2332 .
323 2323 331 2332 .
352 2294 444 2332 sim.
463 2295 560 2342 post
577 2291 762 2330 zinziber
785 2290 822 2338 (ξ
845 2291 889 2343 8)
909 2291 952 2328 in
973 2288 1020 2327 K
1176 2288 1235 2326 Fu
1256 2289 1366 2328 codd.
1595 2300 1619 2336 3
1650 2287 1824 2327 aliastro
1853 2287 1892 2326 T

138 2347 286 2387 similis
306 2347 350 2384 D
552 2346 768 2396 Cyparum
790 2343 835 2381 K
852 2359 861 2383 ε
889 2344 958 2394 qui
982 2356 1126 2394 parum
1147 2342 1238 2381 DT
1438 2357 1463 2393 4
1493 2343 1670 2382 Caudex
1688 2341 1886 2382 Schwarz

139 2401 357 2450 trisanguli
379 2400 423 2439 K
654 2411 678 2449 5
709 2401 794 2449 nig.
821 2398 1035 2447 contiguis
1056 2398 1097 2436 in
1119 2398 1210 2437 sim.
1232 2397 1286 2437 ol.
1309 2396 1532 2451 (oblongis
1551 2398 1642 2436 sive
1664 2398 1884 2450 rotundis)

140 2457 206 2495 od.
228 2455 425 2495 Schwarz
535 2469 556 2504 7
588 2455 731 2505 cupari
754 2453 821 2495 K:
854 2453 1015 2503 quipari
1044 2451 1102 2490 Tc
1131 2453 1306 2502 quepari
1329 2453 1371 2490 D
1511 2454 1536 2490 8
1566 2452 1750 2491 zinziber
1769 2451 1882 2491 DT:

141 2511 337 2549 zenziber
356 2509 402 2547 K
508 2522 535 2559 9
564 2509 674 2548 aeris
695 2509 799 2548 cael.
822 2509 865 2546 D
970 2519 1020 2545 10
1050 2520 1254 2556 argumen
1276 2507 1319 2545 D
1426 2520 1473 2545 12
1504 2508 1545 2545 in
1567 2507 1715 2545 illiricu
1738 2505 1808 2545 K:
1839 2507 1883 2545 in

143 2566 290 2604 illirica
315 2564 376 2603 T:
408 2565 450 2603 in
473 2564 604 2603 ilirica
624 2564 667 2601 D
832 2562 1141 2601 violentissima
1162 2562 1249 2600 DT
1435 2574 1482 2611 13
1513 2562 1567 2610 gl.
1592 2560 1793 2600 similibus
1814 2561 1857 2598 D
1876 2576 1884 2599 ε

144 2619 337 2670 gladiolis
358 2619 562 2658 similibus
581 2617 626 2655 K
751 2617 960 2656 radicibus
981 2616 1025 2654 D
1186 2630 1232 2665 14
1263 2615 1368 2655 iride
1389 2615 1434 2652 K
1452 2630 1461 2655 :
1492 2616 1539 2654 iri
1560 2614 1604 2652 D
1715 2622 1885 2665 praeter

143 2675 257 2724 quod
278 2674 322 2711 D
489 2684 537 2721 15
570 2672 667 2711 Meu
687 2685 770 2712 om.
791 2671 859 2711 K:
891 2671 989 2710 Meu
1011 2671 1048 2710 si
1069 2683 1154 2709 non
1175 2671 1339 2709 radices
1366 2669 1403 2708 T
1418 2671 1522 2722 (non
1551 2670 1606 2716 U)
1756 2670 1882 2710 Card.

146 2729 359 2767 nasturcio
403 2727 440 2764 T
474 2728 577 2778 (non
620 2727 677 2778 U)
810 2727 960 2766 melior
998 2724 1112 2764 codd.
1245 2727 1294 2764 16
1324 2731 1390 2764 est
1427 2725 1519 2765 hab.
1559 2723 1624 2764 K:
1675 2737 1758 2763 om.
1802 2723 1890 2762 DT

147 2784 282 2822 efrata
328 2782 364 2820 T
527 2783 697 2820 fluvium
737 2780 782 2818 K
963 2793 1008 2829 17
1041 2779 1216 2818 multum
1258 2781 1405 2818 florum
1444 2778 1491 2817 K
1655 2778 1772 2818 tenui
1812 2780 1884 2818 od.

148 2850 243 2876 rose
270 2836 308 2875 T
406 2838 454 2875 18
482 2843 650 2886 gustum
673 2835 785 2875 codd.
903 2848 950 2886 19
981 2848 1053 2884 σχ.
1070 2832 1177 2884 ἀνθ.]
1197 2834 1474 2884 squinoantus
1489 2832 1557 2874 K:
1589 2834 1885 2883 squinivantos

154 2890 210 2932 T:
240 2891 487 2941 squivantus
506 2891 548 2929 D
659 2904 713 2928 20
743 2890 872 2929 refret
891 2889 934 2927 D
1056 2901 1108 2938 23
1138 2901 1247 2928 nom.
1269 2894 1334 2928 est
1353 2889 1464 2938 quod
1480 2887 1526 2925 K
1540 2902 1548 2927 ε
1578 2901 1689 2927 nom.
1713 2900 1822 2937 quos
1842 2888 1886 2926 D

147 2946 186 2985 ss.
229 2947 289 2986 th.
328 2959 412 2985 om.
453 2946 498 2984 K
633 2958 685 2994 24
716 2957 811 2983 nam
849 2958 931 2984 om.
973 2943 1032 2983 K¹
1145 2943 1218 2983 Gr.
1253 2943 1430 2983 thimum
1468 2943 1558 2994 (th)
1598 2941 1697 2982 TD:
1739 2942 1884 2981 timum

144 2999 219 3039 Gr.
243 3001 289 3039 K
396 3000 548 3038 timbre
567 2999 681 3040 codd.
