2176 3424
983 140 1255 189 ISIDORI

250 267 411 315 calore
436 265 642 315 ferventi
667 265 841 316 bibant
868 275 915 316 et
941 270 1174 331 pereant.’
1239 270 1368 318 Inde
1393 278 1466 319 est
1491 273 1628 334 quod
1652 274 1786 337 apud
1811 282 1998 324 veteres

252 349 511 396 Romanos
549 346 762 396 feminae
794 364 898 396 non
932 347 1196 397 utebantur
1226 348 1412 412 vinum,
1439 351 1533 400 nisi
1569 369 1817 402 sacrorum
1850 371 1998 404 causa

193 439 224 486 3
248 428 391 477 certis
417 428 612 478 diebus.
663 432 861 478 Merum
887 429 1098 479 dicimus
1118 447 1230 479 cum
1251 432 1419 480 vinum
1441 450 1617 496 purum
1643 434 1974 498 significamus
1985 455 1998 498 3

247 528 362 559 nam
388 528 577 560 merum
604 511 814 560 dicimus
841 512 1085 575 quidquid
1110 529 1286 575 purum
1312 523 1460 577 atque
1487 515 1732 566 sincerum
1758 527 1844 576 est,
1873 517 1999 567 sicut

247 603 295 642 et
319 610 500 656 aquam
528 610 729 653 meram,
758 594 878 642 nulli
908 596 1079 656 utique
1115 594 1183 643 rei
1218 595 1433 645 mixtam.
1510 597 1647 646 Hinc
1673 608 1720 648 et
1745 602 1994 660 merenda,
2021 621 2042 661 5

245 677 382 738 quod
429 675 698 738 antiquitus
746 677 796 724 id
846 675 1080 739 temporis
1129 679 1291 740 pueris
1342 678 1573 741 operariis
1628 680 1808 742 quibus
1857 682 1996 745 panis

245 774 408 806 merus
436 759 676 818 dabatur3
714 767 798 806 aut
835 760 973 821 quod
1008 760 1271 807 meridient
1297 775 1356 808 eo
1382 769 1617 823 tempore,
1642 761 1693 811 id
1719 772 1792 812 est
1817 763 1908 812 soli
1940 781 1998 812 ac

245 839 519 903 separatim,
549 857 665 898 non,
694 849 748 888 ut
785 839 835 888 in
868 839 1078 903 prandio
1111 850 1196 889 aut
1222 840 1271 889 in
1307 858 1442 902 cena,
1471 844 1535 891 ad
1569 860 1718 892 unam
1757 861 1996 894 mensam.

246 923 374 970 Inde
411 921 658 970 credimus
699 921 847 970 etiam
880 921 1002 970 illud
1047 931 1259 985 tempus,
1295 925 1430 986 quod
1463 934 1575 987 post
1606 927 1825 975 medium
1863 927 1995 976 diem

187 1021 219 1067 4
243 1013 330 1063 est,
354 1002 610 1052 meridiem
636 1003 885 1066 appellari,
909 1005 1046 1066 quod
1072 1020 1250 1066 purum
1276 1004 1349 1053 sit.
1426 1008 1651 1054 Mustum
1677 1016 1749 1056 est
1773 1008 1942 1057 vinum
1970 1025 1997 1059 e
2024 1027 2073 1056 10

243 1088 352 1133 lacu
387 1084 551 1133 statim
589 1085 854 1134 sublatum.
931 1085 1135 1134 Dictum
1166 1095 1330 1135 autem
1369 1087 1582 1136 creditur
1612 1098 1829 1138 mustum
1861 1093 1997 1153 quod

242 1167 292 1215 in
319 1184 370 1216 se
395 1166 571 1215 limum
598 1177 645 1216 et
666 1176 842 1216 terram
869 1167 1051 1217 habeat
1078 1168 1280 1216 mixtam
1304 1187 1316 1229 3
1352 1186 1467 1217 nam
1494 1187 1603 1219 mus
1625 1180 1761 1231 terra,
1790 1174 1998 1235 unde‘et

243 1251 439 1298 humus.
513 1248 671 1299 Cuius
697 1258 834 1298 tanta
867 1249 939 1298 vis
973 1250 1174 1299 fervoris
1211 1260 1283 1300 est
1309 1260 1362 1299 ut
1388 1269 1502 1300 vasa
1539 1253 1762 1316 quamvis
1795 1254 1999 1317 grandia

189 1336 219 1385 5
242 1347 300 1379 ex
350 1348 410 1379 eo
458 1332 645 1394 repleta
684 1332 874 1394 absque
922 1331 1187 1395 spiramine
1235 1331 1348 1381 ilico
1397 1332 1682 1397 disrumpat.
1775 1337 1996 1384 Roseum

242 1412 424 1472 vinum,
455 1412 505 1461 id
543 1422 616 1462 est
641 1430 755 1461 cum
787 1414 966 1462 rubore
985 1432 997 1473 3
1034 1430 1144 1461 rosa
1178 1412 1309 1462 enim
1348 1414 1504 1463 rubet.
1578 1415 1847 1465 Amineum
1881 1434 1997 1466 vero
2024 1433 2071 1474 15

242 1496 381 1558 quasi
409 1493 513 1543 sine
541 1494 721 1556 mineo,
751 1496 802 1544 id
828 1505 901 1544 est
928 1497 1034 1544 sine
1060 1495 1238 1545 rubore
1259 1514 1269 1555 3
1305 1513 1420 1545 nam
1446 1497 1615 1546 album
1642 1507 1729 1547 est.
1800 1498 1998 1548 Sucina-

182 1580 217 1626 6
241 1576 372 1625 cium
399 1576 601 1625 sucinae
626 1593 853 1640 gemmae
873 1576 1031 1626 simile
1052 1587 1139 1637 est,
1158 1577 1209 1626 id
1235 1587 1308 1627 est
1330 1579 1446 1627 fulvi
1468 1579 1658 1628 coloris.
1711 1579 1996 1643 Limpidum

242 1660 425 1718 vinum,
454 1658 506 1707 id
537 1667 609 1707 est
640 1659 974 1722 perspicuum,
1002 1659 1065 1707 ab
1095 1676 1254 1722 aquae
1291 1659 1456 1723 specie
1486 1660 1689 1721 dictum,
1719 1664 1858 1725 quasi
1884 1664 2000 1725 lym-

242 1739 484 1803 phidum3
521 1741 724 1803 lympha
749 1739 880 1788 enim
915 1757 1046 1803 aqua
1075 1749 1162 1789 est.
1236 1741 1533 1802 Turbidum,
1563 1743 1704 1805 quasi
1733 1743 1995 1803 terbidum,

241 1821 291 1870 id
308 1831 382 1869 est
402 1831 530 1870 terra
548 1820 888 1882 commixtum,
911 1823 1048 1884 quod
1067 1831 1141 1870 est
1160 1823 1311 1871 faece.
1386 1825 1652 1872 Falernum
1669 1824 1839 1873 vinum
1859 1841 1999 1874 voca·
2023 1842 2074 1869 20

242 1915 348 1951 tum
372 1920 402 1951 a
427 1904 636 1951 Falerna
661 1902 862 1966 regione
889 1903 1212 1967 Campaniae,
1241 1903 1326 1952 ubi
1362 1904 1551 1968 optima
1574 1907 1688 1954 vina
1714 1915 1996 1954 nascuntur.

187 2004 216 2053 7
243 1987 476 2035 Colatum
502 2002 586 2033 vas
612 1985 866 2048 proprium
894 1985 1197 2048 nuncupavit
1222 1986 1272 2033 in
1299 2003 1400 2049 quo
1426 1988 1740 2050 deportatur:
1779 1988 1997 2036 Gazeum

242 2083 357 2115 vero
383 2066 530 2129 regio,
559 2068 694 2115 unde
720 2068 935 2115 defertur
958 2085 967 2125 ;
994 2069 1126 2115 Gaza
1151 2067 1283 2116 enim
1310 2068 1552 2131 oppidum
1578 2079 1650 2118 est
1677 2068 1995 2118 Palaestinae.

245 2149 486 2196 Insertum
529 2147 699 2196 vinum
748 2147 928 2197 dicitur
971 2150 1108 2211 quod
1156 2148 1327 2198 altario
1376 2149 1556 2198 libatur
1597 2159 1746 2213 atque
1784 2152 1998 2199 offertur.

246 2232 503 2293 Spurcum,
524 2231 662 2292 quod
689 2229 849 2278 offerri
874 2247 976 2279 non
1003 2230 1130 2290 licet,
1150 2240 1235 2279 aut
1254 2233 1333 2279 cui
1353 2248 1482 2294 aqua
1507 2232 1725 2281 admixta
1750 2241 1837 2292 est,
1859 2231 1999 2294 quasi
2025 2250 2044 2278 2
2052 2251 2072 2290 5

191 2321 220 2367 8
246 2311 480 2375 spurium,
500 2313 596 2360 hoc
623 2321 695 2360 est
717 2313 1030 2361 inmundum.
1084 2312 1423 2362 Honorarium
1444 2312 1629 2374 vinum,
1648 2315 1784 2376 quod
1803 2312 1999 2376 regibus

245 2402 292 2442 et
343 2391 630 2455 potentibus
679 2394 880 2441 honoris
928 2392 1082 2456 gratia
1130 2396 1341 2442 offertur.
1431 2396 1558 2444 Cato
1606 2396 1668 2444 de
1716 2393 2002 2443 innocentia

306 2535 322 2561 1
357 2522 484 2573 Inde]
507 2522 619 2560 unde
640 2521 681 2559 Β
811 2534 834 2558 2
865 2521 963 2559 vino
988 2521 1110 2561 CKT
1229 2537 1253 2572 4
1282 2524 1355 2563 sic.
1377 2536 1442 2573 aq.
1471 2523 1508 2561 T
1627 2537 1651 2574 5
1682 2524 1821 2563 nullae
1842 2520 1997 2574 Kforl.

248 2582 342 2616 recte
461 2579 488 2615 6
518 2588 642 2626 quam
664 2582 746 2615 ant.
765 2574 806 2612 Β
908 2576 1025 2615 cibus
1046 2577 1136 2615 dett.
1265 2591 1285 2627 7
1316 2579 1492 2617 meridie
1511 2577 1546 2617 C
1662 2579 1687 2616 8
1717 2578 1782 2630 ut]
1802 2578 1946 2628 utique
1961 2578 2001 2615 Β

250 2638 322 2670 aut
343 2630 454 2670 BK:
485 2636 527 2670 et
551 2630 631 2669 CT
724 2630 798 2681 ad]
819 2637 891 2669 aut
912 2630 958 2668 K
1119 2646 1146 2682 9
1174 2633 1287 2671 unde
1311 2632 1345 2671 C
1445 2638 1542 2683 post
1563 2634 1672 2672 med.
1696 2632 1914 2671 meridiem
1938 2637 2002 2671 est

247 2699 342 2736 app.
367 2699 436 2736 qu.
459 2684 494 2724 C
634 2697 683 2724 10
712 2685 798 2736 est]
818 2691 860 2723 et
888 2684 925 2723 T
1001 2685 1077 2738 sit]
1104 2692 1169 2725 est
1188 2686 1229 2725 Β
1377 2699 1424 2724 12
1456 2693 1614 2727 terreat
1638 2686 1686 2728 C1
1767 2685 2004 2727 mixtumK

253 2754 301 2790 14
330 2740 495 2791 repleta
514 2738 560 2776 K
578 2754 587 2778 :
617 2740 746 2789 plena
766 2739 846 2779 BC
852 2739 889 2777 T
1075 2753 1137 2790 sp.
1166 2740 1327 2791 repleta
1347 2741 1387 2780 il.
1411 2741 1552 2782 BCT:
1583 2755 1647 2793 sp.
1670 2742 1816 2781 relicta
1840 2742 1880 2781 il.
1906 2740 1997 2780 dett.

249 2796 571 2845 disrumpuntur
587 2792 633 2831 K
785 2805 834 2843 15
863 2794 1016 2833 robore
1035 2794 1114 2833 CK
1221 2808 1323 2834 vero
1337 2809 1420 2836 om.
1440 2796 1475 2835 C
1628 2798 1676 2834 16
1706 2796 1999 2835 Succinacium

258 2848 315 2888 T:
346 2850 596 2889 sucinatium
620 2847 655 2887 C
816 2861 864 2898 17
895 2850 1067 2888 succine
1096 2849 1134 2888 T
1283 2851 1434 2889 similis
1454 2849 1543 2888 KT
1695 2852 1743 2889 18
1774 2851 1826 2889 ab
1846 2849 1998 2901 aquae]

251 2904 409 2953 absque
429 2904 474 2942 K
592 2902 814 2954 lyphidum
836 2902 907 2942 K:
935 2904 1152 2954 limpidum
1173 2903 1296 2943 BCT
1441 2919 1488 2956 19
1517 2905 1675 2956 limpha
1695 2905 1800 2944 BC:
1830 2904 1946 2943 limfa
1970 2903 2007 2942 T

251 2960 360 2998 turb.
387 2964 451 2998 est
471 2971 539 3008 qu.
565 2958 606 2996 Β
757 2970 809 2996 22
839 2958 1047 2997 Collatum
1076 2958 1114 2997 T
1217 2959 1421 2999 Gazetum
1446 2959 1524 2998 CK
1529 2960 1566 2999 T
1656 2967 1660 2971 '
1712 2972 1765 3008 23
1795 2960 1929 2998 fertur
1943 2958 1998 2996 Β1

252 3025 304 3061 24
334 3013 454 3052 altari
474 3013 688 3052 oblibatur
714 3011 752 3050 T
857 3025 907 3061 25
939 3013 1092 3051 offerre
1114 3013 1160 3051 K
