2176 3424
400 138 1028 187 ETYMOLOGIARVM
1072 139 1198 186 LIB.
1239 140 1377 186 XVI.
1418 138 1564 185 viii—x

114 269 201 315 sed
227 284 284 315 ex
310 276 517 330 utroque
542 276 930 331 temperamento
957 269 1086 316 lucet
1123 285 1434 332 purpuraque
1460 269 1701 331 refulgens
1725 286 1738 328 3
1773 268 1852 316 hic

110 357 275 397 autem
315 366 414 398 non
451 350 614 398 rutilat
643 349 925 412 aequaliter.
998 351 1182 398 Sereno
1221 350 1353 398 enim
1387 350 1673 413 perspicuus
1703 359 1852 414 atque

109 440 272 492 gratus
309 439 394 490 est,
434 431 606 480 nubilo
643 447 808 479 coram
846 430 1000 479 oculis
1038 431 1284 480 evanescit
1319 441 1468 494 atque
1505 433 1775 492 marcescit,
1802 432 1852 480 in

110 527 164 558 os
208 512 382 561 missus
421 512 621 575 frigidus
671 521 758 572 est,
802 511 851 559 in
901 512 1160 575 sculpturis
1200 513 1502 572 durissimus,
1544 530 1636 562 nec
1685 523 1850 563 tamen

64 601 84 640 5
108 591 332 643 invictus.
404 596 534 642 Nam
558 595 820 642 adamante
858 594 1082 642 scribitur
1108 604 1155 642 et
1181 594 1409 658 signatur.
1493 594 1851 644 Iacinthizonta

110 673 312 723 Indicus
350 685 397 724 et
435 675 704 724 iacinthum
735 691 888 738 prope
922 676 1147 724 referens.
1222 676 1440 735 Quidam
1474 686 1640 725 autem
1678 694 1848 725 eorum

108 757 315 818 crystalli
343 757 523 805 similes
558 756 913 819 capillamentis
940 758 1374 807 intercurrentibus
1401 760 1755 820 obscurantur3
1792 775 1850 808 ex

107 853 206 899 quo
233 838 379 887 etiam
406 839 522 887 vitio
547 838 739 887 illorum
761 855 943 888 nomen
970 849 1058 889 est.
1106 842 1556 903 Amethystizontas
1576 842 1848 904 appellatus
1873 857 1903 906 5

107 920 221 982 quia
247 920 349 969 eius
375 931 617 970 extremus
644 921 885 984 igniculus
919 921 969 969 in
994 923 1255 986 amethysti
1286 923 1466 971 violam
1504 923 1614 972 exit.
1689 923 1850 973 Cheli-
1873 928 1907 975 6

37 1026 84 1053 ιο
106 1001 256 1050 donia
289 1019 347 1051 ex
376 1003 694 1052 hirundinum
732 1005 896 1052 colore
929 1013 1131 1065 vocata3
1169 1014 1216 1053 et
1249 1007 1459 1054 duorum
1491 1015 1564 1054 est
1596 1022 1847 1069 generum,

106 1100 311 1146 quarum
350 1102 448 1133 una
484 1101 542 1133 ex
578 1086 728 1134 altera
764 1095 899 1149 parte
937 1102 1194 1149 purpurea,
1223 1095 1271 1136 et
1307 1087 1401 1136 alia
1430 1104 1674 1152 purpurea
1703 1087 1849 1151 nigris

105 1164 541 1214 intervenientibus
579 1166 798 1216 maculis.
887 1168 1086 1231 Cyanea
1123 1169 1350 1232 Scythiae
1387 1187 1583 1233 gemma
1622 1171 1848 1218 caeruleo
1872 1190 1900 1239 7

104 1262 364 1295 coruscans
402 1249 572 1308 nitore,
601 1265 732 1311 pura,
767 1248 1011 1298 interdum
1052 1259 1100 1299 et
1135 1251 1383 1314 punctulis
1422 1250 1847 1300 intermicantibus

103 1328 280 1377 auratis
306 1329 587 1393 pulvisculis
614 1330 816 1380 varians.
870 1332 1102 1381 Rhoditis
1122 1350 1260 1382 rosea
1285 1343 1357 1382 est
1374 1352 1387 1394 3
1424 1343 1472 1383 et
1497 1350 1555 1383 ex
1581 1350 1641 1382 eo
1661 1350 1845 1383 nomen
1870 1342 1899 1388 8

36 1424 79 1464 ¹5
101 1410 303 1473 accepit.

239 1494 323 1540 DE
347 1508 609 1542 cAND1D1s.
684 1495 947 1558 Margarita
983 1498 1138 1559 prima
1167 1496 1489 1546 candidarum
1522 1514 1845 1561 gemmarum,
1872 1511 1912 1549 X

103 1590 251 1636 quam
277 1574 393 1624 inde
423 1577 735 1639 margaritum
761 1576 898 1626 aiunt
923 1587 1152 1627 vocaturn
1179 1581 1315 1641 quod
1341 1579 1391 1627 in
1417 1579 1673 1629 conchulis
1700 1579 1844 1628 maris

103 1658 198 1705 hoc
231 1673 385 1720 genus
422 1657 642 1720 lapidum
679 1658 954 1708 inveniatur
972 1678 984 1720 3
1021 1659 1147 1709 inest
1180 1660 1312 1710 enim
1347 1661 1396 1709 in
1430 1678 1575 1711 carne
1613 1664 1844 1712 cochleae

103 1739 318 1786 calculus
344 1747 500 1798 natus,
529 1738 654 1787 sicut
679 1739 730 1787 in
763 1741 965 1790 cerebro
995 1741 1141 1805 piscis
1172 1743 1364 1807 lapillus
1388 1763 1396 1792 ε
1434 1744 1646 1807 gignitur
1678 1754 1843 1793 autem

34 1834 83 1862 20
105 1821 167 1868 de
203 1819 399 1869 caelesti
436 1838 554 1882 rore,
596 1838 743 1884 quem
781 1833 914 1871 certo
951 1823 1068 1871 anni
1106 1834 1327 1888 tempore
1364 1829 1559 1876 cocleae
1599 1826 1842 1876 hauriunt.

104 1902 177 1948 Ex
202 1901 380 1963 quibus
416 1902 681 1966 margaritis
711 1903 914 1967 quidam
951 1905 1159 1955 uniones
1185 1918 1435 1968 vocantur,
1463 1918 1632 1971 aptum
1659 1925 1844 1958 nomen

102 1983 352 2043 habentes,
391 1986 526 2046 quod
557 1993 746 2033 tantum
782 2003 922 2046 unus,
952 2004 1223 2051 numquam
1262 1991 1362 2038 duo
1399 1992 1475 2039 vel
1505 1992 1667 2054 plures
1699 1990 1842 2039 simul

100 2064 412 2128 reperiantur.
489 2067 720 2116 Meliores
747 2077 910 2117 autem
948 2071 1190 2119 candidae
1225 2072 1510 2135 margaritae
1541 2090 1689 2136 quam
1716 2090 1843 2136 quae

102 2147 382 2195 flavescunt.
436 2149 550 2197 Illas
578 2149 708 2198 enim
728 2160 811 2199 aut
837 2150 1063 2200 iuventus
1088 2162 1172 2201 aut
1193 2154 1419 2203 matutini
1441 2155 1559 2204 roris
1580 2155 1842 2219 conceptio

29 2239 76 2280 25
102 2227 262 2277 reddit
278 2228 538 2290 candidas3
563 2232 650 2279 has
667 2240 893 2281 senectus
911 2235 987 2282 vel
1006 2234 1309 2297 vespertinus
1325 2254 1407 2286 aer
1421 2237 1573 2300 gignit
1589 2238 1839 2286 obscuras.

101 2311 345 2359 Paederos
384 2313 602 2361 secunda
638 2322 748 2376 post
787 2316 1098 2378 margaritum
1147 2317 1469 2367 candidarum
1517 2337 1839 2383 gemmarum-
1863 2335 1892 2369 2

102 2394 179 2440 De
205 2409 302 2454 qua
327 2393 571 2456 quaeritur
596 2393 646 2442 in
671 2412 771 2457 quo
797 2398 958 2446 colore
984 2399 1229 2447 numerari
1263 2401 1442 2451 debeat
1468 2402 1648 2451 totiens
1675 2402 1839 2452 iactati

99 2489 184 2536 per
208 2475 390 2523 alienas
417 2477 804 2538 pulchritudines
822 2479 1051 2539 nominiS,
1072 2482 1199 2529 adeo
1226 2491 1277 2530 ut
1297 2484 1488 2532 decoris
1508 2484 1840 2547 praerogativa

158 2615 174 2640 1
209 2605 282 2642 sed
302 2617 381 2642 om.
404 2604 447 2642 K
657 2613 835 2656 utraque
856 2607 897 2644 Β
1104 2610 1196 2649 luce
1220 2611 1317 2651 CT:
1349 2613 1452 2652 lucis
1469 2613 1520 2667 (2)
1544 2614 1675 2654 Solin.
1696 2628 1761 2664 30,
1786 2627 1838 2662 32

99 2671 123 2708 5
153 2663 195 2696 et
218 2658 339 2698 scrib.
363 2664 404 2697 et
432 2658 469 2696 T
617 2661 796 2710 signitur
815 2662 859 2699 K
1012 2664 1291 2704 lacintizonta
1314 2665 1413 2706 CK:
1448 2669 1751 2719 laquintizonta
1779 2668 1838 2709 T.

101 2712 401 2752 Iacointizonta
440 2713 480 2750 B
530 2714 632 2765 (-tas
678 2730 752 2755 ace.
797 2718 925 2768 plur„
968 2717 1099 2759 Solin.
1143 2731 1208 2770 52,
1250 2723 1301 2769 63
1316 2735 1325 2769 ;
1374 2722 1468 2761 hinc
1511 2738 1626 2763 error
1667 2724 1836 2775 Isidori)

29 2766 31 2771 ’
99 2769 125 2806 6
154 2766 317 2805 illorum
347 2767 383 2805 T
559 2770 584 2807 8
611 2770 711 2808 vitia
733 2770 784 2809 Cl
912 2772 1030 2824 Am.]
1052 2773 1206 2814 Isidori
1218 2788 1334 2814 error
1347 2790 1396 2816 ex
1414 2777 1524 2819 Plin.
1545 2778 1596 2819 N.
1618 2779 1677 2818 H.
1701 2792 1768 2829 37,
1786 2792 1837 2829 93

99 2825 215 2860 ortus
234 2827 292 2860 est
364 2824 599 2873 appellatur
622 2823 677 2863 C:
709 2827 943 2876 appellatas
962 2826 1019 2864 Β1
1155 2841 1204 2868 10
1234 2832 1442 2871 erundino
1465 2832 1510 2869 K
1635 2845 1679 2871 11
1713 2846 1839 2883 purp.

100 2877 152 2916 al.
174 2889 295 2926 purp.
320 2876 355 2915 C
556 2891 603 2927 14
634 2879 892 2929 pulvusculis
912 2881 1017 2919 B1T
1187 2883 1358 2924 Rotidis
1379 2886 1464 2925 BT
1627 2893 1669 2926 et
1689 2901 1771 2927 om.
1798 2887 1843 2925 K

106 2942 150 2979 17
179 2943 303 2980 quem
325 2930 411 2969 BT
561 2934 734 2972 marinis
755 2934 800 2972 K
986 2938 1033 2975 18
1064 2938 1277 2978 invenitur
1297 2939 1343 2977 K
1516 2954 1563 2979 21
1598 2943 1768 2982 uniores
1790 2943 1838 2982 C¹

101 2991 244 3035 aptum
277 2998 358 3025 om.
381 2985 427 3024 K
615 3001 666 3026 22
697 2989 780 3028 duo
810 2991 878 3029 vel
912 2997 999 3030 tres
1030 2993 1095 3030 vel
1132 2992 1186 3042 pl.
1213 2992 1248 3031 C
1421 3009 1472 3044 24
1504 2997 1636 3036 flavae
1667 3003 1766 3036 sunt
1797 2997 1843 3035 K

102 3039 300 3079 inventus
323 3039 372 3078 Cl
468 3041 550 3081 iuv.
574 3044 778 3083 matutino
799 3043 845 3082 K
976 3058 1026 3096 25
1057 3048 1258 3087 candidas
1278 3062 1360 3090 om.
1385 3049 1430 3086 K
1565 3054 1617 3089 26
1648 3051 1838 3092 Pedoros

100 3091 242 3131 BCT:
272 3094 461 3134 Pedorus
481 3094 526 3132 K
661 3099 887 3138 secundam
911 3099 976 3138 K:
1008 3101 1100 3140 -das
1123 3102 1173 3140 C¹
