2228 3444
1076 169 1350 218 ISIDORI

331 299 571 349 ticulatim
610 301 808 364 quique,
849 310 901 350 ut
938 300 1072 364 digni
1111 312 1238 363 sunt,
1266 304 1504 367 consequi
1542 314 1896 368 promerentur.
1970 311 2084 371 Ipse

333 381 465 430 enim
513 382 719 446 Spiritus
764 383 1035 446 sapientiae
1079 392 1126 432 et
1171 384 1450 434 intellectus
1479 405 1487 434 :
1540 386 1746 449 Spiritus
1794 388 1987 437 consilii
2035 399 2083 438 et

332 464 632 514 fortitudinis
658 484 665 513 :
718 465 926 528 Spiritus
975 465 1211 515 scientiae
1259 475 1307 515 et
1357 466 1551 530 pietatis
1576 487 1584 517 :
1637 469 1845 532 Spiritus
1894 470 2082 520 timoris

254 562 309 608 14
335 545 552 596 Domini.
627 547 834 611 Spiritus
867 557 1035 597 autem
1061 548 1342 612 principalis
1367 549 1418 598 in
1447 552 1643 600 Psalmo
1674 552 2085 617 quinquagesimo

332 628 520 692 legitur,
555 630 639 678 ubi
680 632 795 694 quia
834 630 976 679 tertio
1017 632 1213 694 spiritus
1249 631 1497 695 repetitur,
1530 635 1756 682 nonnulli
1791 635 2082 684 Trinitatem
2111 660 2133 699 5

334 709 678 760 intellexerunt
727 712 841 760 ideo
891 713 1006 775 quia
1055 713 1290 777 scriptum
1341 725 1413 764 est
1455 715 1651 779 (Ioann.
1676 735 1719 777 4,
1748 717 1861 781 24):
1918 721 2084 766 ‘Deus

335 792 541 855 Spiritus
563 796 663 842 est.'
735 796 887 856 Quod
913 797 1045 843 enim
1073 813 1174 844 non
1201 805 1273 845 est
1300 814 1492 861 coerS,
1516 807 1564 847 et
1588 808 1754 847 tamen
1781 809 1869 860 est,
1892 799 2085 848 videtur

333 884 513 923 restare
539 885 590 924 ut
616 876 813 939 spiritus
839 876 912 925 sit.
989 879 1289 942 Intellegunt
1305 879 1435 927 enim
1457 879 1524 928 ibi
1544 882 1767 929 nonnulli
1793 881 2087 930 Trinitatem

333 956 620 1020 significari:
648 957 699 1005 in
716 957 897 1020 Spiritu
917 958 1172 1022 principali
1196 962 1389 1010 Patrem
1412 982 1419 1011 :
1446 961 1496 1010 in
1523 962 1702 1026 Spiritu
1727 973 1861 1012 recto
1880 963 2057 1012 Filium
2079 984 2087 1013 z

246 1056 301 1105 15
333 1039 382 1087 in
427 1039 608 1103 Spiritu
649 1050 821 1089 sancto
865 1041 1101 1104 Spiritum
1150 1051 1389 1091 sanctum.
1477 1044 1684 1108 Spiritus
1733 1055 1930 1094 sanctus
1974 1046 2088 1095 ideo
2115 1070 2162 1098 10

332 1123 520 1170 donum
547 1122 737 1181 dicitur,
767 1139 828 1171 eo
853 1125 989 1185 quod
1015 1125 1171 1174 datur.
1245 1128 1289 1173 A
1309 1127 1479 1175 dando
1503 1126 1633 1175 enim
1662 1129 1850 1176 donum
1876 1138 1950 1177 est
1969 1146 2089 1177 nun-

333 1214 582 1267 cupatum.
643 1204 973 1254 Notissinium
1013 1215 1086 1254 est
1123 1206 1255 1255 enim
1298 1207 1572 1257 Dominum
1613 1211 1780 1258 Iesum
1818 1209 2086 1269 Christum,

333 1303 448 1334 cum
491 1295 604 1350 post
646 1289 1056 1337 resurrectionem
1098 1305 1126 1336 a
1176 1291 1381 1338 mortuis
1429 1290 1733 1339 ascendisset
1782 1291 1831 1339 in
1880 1293 2085 1352 caelum,

334 1368 532 1418 dedisse
548 1368 781 1433 Spiritum
803 1379 1043 1430 sanctum,
1064 1387 1165 1433 quo
1185 1372 1441 1420 credentes
1467 1371 1638 1435 inpleti
1662 1372 1838 1435 linguis
1866 1372 2088 1421 omnium

248 1459 308 1506 16
334 1450 555 1513 gentium
594 1451 939 1513 loquebantur.
1016 1454 1077 1500 In
1118 1461 1310 1501 tantum
1353 1462 1519 1502 autem
1551 1456 1740 1503 donum
1782 1454 1876 1504 Dei
1916 1465 2002 1515 est,
2039 1457 2089 1503 in
2119 1472 2164 1520 15

337 1542 579 1595 quantum
619 1534 763 1581 datur
807 1532 875 1582 eis
916 1535 1000 1596 qui
1040 1550 1127 1597 per
1170 1552 1283 1583 eum
1327 1535 1538 1599 diligunt
1579 1538 1758 1585 Deum.
1846 1538 1998 1600 Apud
2038 1553 2088 1585 se

336 1624 502 1664 autem
528 1618 664 1664 Deus
683 1624 755 1664 est
776 1635 785 1664 :
823 1618 957 1679 apud
977 1633 1069 1665 nos
1090 1618 1279 1666 donum
1307 1627 1379 1667 est
1401 1637 1413 1679 3
1445 1620 1533 1667 sed
1561 1619 1858 1683 sempiterne
1884 1618 2089 1682 Spiritus

336 1707 535 1747 sanctus
570 1699 759 1746 donum
795 1707 881 1758 est,
916 1698 1215 1748 distribuens
1247 1699 1464 1763 singulis,
1500 1710 1643 1764 prout
1676 1703 1791 1761 vult,
1827 1702 2088 1764 gratiarum

254 1790 305 1838 17
333 1778 479 1826 dona.
555 1781 685 1827 Nam
704 1790 751 1829 et
768 1781 1053 1844 prophetias
1071 1781 1250 1844 quibus
1268 1784 1371 1831 vult
1387 1782 1598 1845 inpertit,
1622 1792 1669 1831 et
1688 1792 1890 1847 peccata
1910 1784 2089 1846 quibus

334 1862 436 1908 vult
462 1860 677 1911 dimittit.
754 1865 884 1911 Nam
911 1873 1115 1926 peccata
1144 1864 1249 1913 sine
1284 1864 1464 1928 Spiritu
1500 1874 1673 1914 sancto
1698 1882 1799 1913 non
1826 1867 2087 1915 donantur.
2115 1886 2165 1915 20

253 1942 308 1990 18
334 1942 540 2005 Spiritus
567 1954 765 1994 sanctus
792 1946 909 1994 inde
935 1945 1129 2009 proprie
1164 1946 1337 1995 caritas
1363 1956 1687 2010 nuncupatur,
1718 1949 1794 1996 vel
1819 1947 1934 2010 quia
1953 1956 2090 1996 natu-

333 2023 493 2073 raliter
519 2042 617 2085 eos,
646 2043 675 2074 a
701 2026 880 2089 quibus
898 2027 1135 2090 procedit,
1156 2027 1412 2091 coniungit
1437 2036 1484 2077 et
1505 2044 1555 2076 se
1573 2044 1727 2076 unum
1754 2045 1868 2076 cum
1894 2027 1963 2077 eis
1983 2046 2090 2078 esse

334 2108 565 2168 ostendit,
595 2109 670 2157 vel
696 2108 811 2171 quia
831 2108 881 2156 in
909 2108 1053 2157 nobis
1078 2108 1130 2157 id
1155 2109 1254 2172 agit
1280 2119 1332 2157 ut
1358 2109 1410 2157 in
1437 2111 1548 2158 Deo
1573 2127 1875 2170 maneamus,
1905 2119 1953 2159 et
1986 2110 2090 2174 ipse

247 2199 309 2245 19
335 2188 386 2236 in
410 2189 569 2238 nobis.
644 2191 792 2239 Vnde
819 2200 866 2239 et
886 2190 936 2238 in
957 2190 1102 2239 donis
1131 2190 1225 2240 Dei
1250 2192 1373 2238 nihil
1398 2190 1555 2239 maius
1582 2201 1654 2240 est
1679 2193 1895 2252 caritate,
1921 2202 1968 2241 et
1987 2195 2090 2241 nul-

243 2289 312 2323 20
336 2273 437 2319 lum
465 2281 538 2320 est
564 2271 721 2320 maius
747 2274 938 2321 donum
968 2272 1063 2321 Dei
1089 2289 1238 2335 quam
1266 2272 1472 2336 Spiritus
1499 2282 1711 2321 sanctus.
1803 2276 1919 2336 Ipse
1944 2284 2015 2322 est
2042 2284 2089 2323 et
2115 2299 2163 2338 25

335 2356 499 2416 gratia,
529 2371 656 2418 quae
682 2356 797 2417 quia
823 2371 924 2402 non
944 2354 1129 2404 meritis
1156 2355 1348 2415 nostris,
1377 2357 1464 2404 sed
1491 2357 1743 2405 voluntate
1763 2355 1929 2405 divina
1943 2358 2088 2419 gratis

336 2438 491 2496 datur,
519 2436 637 2486 inde
661 2438 814 2500 gratia
840 2447 1166 2500 nuncupatur.
1239 2437 1375 2486 Sicut
1407 2446 1572 2486 autem
1605 2437 1807 2486 unicum
1844 2438 1937 2487 Dei
1972 2441 2088 2487 Ver-

395 2581 412 2605 1
446 2568 577 2617 digne
605 2568 642 2604 T
746 2568 831 2607 sint
855 2568 906 2607 Cl
1019 2570 1110 2618 ipse
1130 2581 1179 2606 ex
1198 2582 1299 2607 corr.
1331 2568 1368 2606 T
1473 2582 1497 2617 4
1529 2569 1722 2621 Domini]
1744 2569 1812 2608 dei
1833 2568 1880 2606 K
1898 2570 1999 2620 (non
2020 2570 2084 2621 A)

335 2628 478 2662 autern
500 2635 584 2662 om.
608 2621 649 2659 Β
805 2627 831 2660 6
860 2622 977 2674 ideo]
1001 2623 1042 2662 in
1065 2624 1147 2662 deo
1167 2622 1238 2662 K:
1270 2624 1310 2661 in
1333 2623 1502 2661 domino
1523 2624 1564 2661 Β
1731 2623 1866 2676 Deus]
1889 2624 2087 2663 dominus

341 2678 392 2718 C1
538 2690 558 2726 7
591 2677 720 2728 enim]
742 2678 810 2716 hic
832 2677 910 2716 erit
938 2677 987 2714 Tl
1015 2693 1023 2717 :
1053 2683 1194 2716 autem
1216 2677 1262 2714 Κ
1424 2677 1613 2729 videtur]
1636 2678 1749 2717 unde
1777 2677 1826 2715 ΤΔ
1955 2680 1980 2717 8
2009 2678 2085 2730 sit]

340 2738 406 2772 est
431 2732 482 2770 T1
666 2732 917 2782 intellegent
938 2731 1007 2772 K:
1039 2733 1097 2771 ita
1116 2738 1248 2782 agunt
1275 2731 1311 2769 T
1457 2732 1589 2784 enim]
1613 2745 1715 2782 ergo
1738 2732 1774 2772 C
1903 2745 1950 2772 11
1984 2734 2082 2772 don.

340 2788 408 2827 dei
430 2787 509 2827 dic.
535 2785 581 2824 K
600 2786 704 2838 (non
723 2787 787 2838 A)
952 2788 1067 2829 enim
1089 2801 1171 2828 om.
1193 2786 1240 2825 K
1255 2786 1357 2837 (non
1377 2786 1442 2835 A)
1612 2787 1760 2838 nunc.]
1782 2788 2023 2838 appelatum
2043 2787 2090 2826 K

342 2844 446 2895 (non
466 2841 530 2891 A)
666 2854 714 2879 12
744 2842 856 2880 enim
878 2854 959 2880 om.
983 2841 1029 2879 K
1139 2854 1186 2891 13
1215 2854 1298 2880 asc.
1322 2842 1374 2879 ad
1395 2855 1481 2882 cae.
1504 2842 1551 2881 K
1715 2855 1763 2890 14
1793 2841 1892 2893 quo]
1915 2842 2026 2891 quod
2055 2840 2093 2878 T

344 2909 392 2947 15
421 2902 564 2936 autem
585 2909 668 2935 om.
699 2895 748 2933 Tl
769 2911 778 2935 :
813 2896 923 2935 enirn
944 2895 990 2934 K
1156 2898 1206 2935 16
1232 2895 1315 2946 eis]
1336 2895 1374 2934 ei
1395 2896 1443 2935 K
1672 2896 1950 2948 Deum]]eum
1970 2894 2090 2933 K1T²

346 2965 393 3001 17
424 2951 585 3003 autem]
609 2950 720 2989 enim
749 2949 801 2988 T2
929 2963 1006 2989 nos
1026 2955 1167 2989 autem
1189 2952 1257 2990 do.
1276 2948 1356 2988 BC
1361 2949 1398 2987 T
1547 2951 1624 2991 sed
1645 2963 1728 2990 om.
1752 2950 1794 2988 Β
1921 2962 1970 3000 19
1997 2951 2087 2988 vult

341 3019 425 3044 om.
446 3006 499 3044 Βι
612 3018 666 3044 20
698 3004 807 3057 vult]
828 3004 944 3044 volet
972 3005 1009 3043 T
1132 3017 1180 3043 21
1214 3005 1314 3043 inde
1335 3018 1415 3045 om.
1440 3004 1480 3043 K
1645 3018 1726 3045 car.
1749 3017 1894 3055 propr.
1915 3004 1962 3042 K
1981 3005 2085 3056 (non

341 3061 406 3108 A)
533 3074 584 3099 22
615 3066 658 3099 et
678 3073 727 3100 se
746 3072 796 3098 ex
812 3072 911 3099 corr.
941 3059 979 3097 T
1095 3072 1191 3100 esse
1211 3072 1292 3100 om.
1316 3058 1362 3096 K
1379 3059 1484 3111 (non
1503 3058 1564 3111 A)
1697 3072 1749 3108 23
1777 3060 1903 3098 deum
1931 3058 1968 3096 T
1984 3060 2086 3109 (non

343 3114 406 3163 A)
575 3127 627 3164 24
656 3115 695 3152 in
723 3115 878 3167 (prius)
901 3127 982 3152 om.
1013 3113 1062 3151 Tl
1197 3113 1376 3165 nullum]
1399 3114 1485 3153 nihi
1505 3113 1550 3153 K
1571 3113 1674 3166 (non
1695 3113 1757 3164 A)
1872 3125 1923 3163 25
1953 3113 2086 3152 maius

345 3175 409 3208 est
431 3168 476 3206 K
496 3171 598 3222 <non
619 3169 684 3221 A)
851 3181 901 3220 27
933 3168 1130 3220 verbum]
1151 3181 1297 3208 verum
1323 3167 1372 3208 C1
