2176 3424
1085 130 1355 178 ISIDORI

298 268 327 314 3
349 256 592 305 vocabulo
616 258 744 306 facta
769 258 843 307 sit.
915 259 1152 308 Asterites
1179 260 1392 310 candida
1417 271 1504 323 est,
1533 265 1771 313 inclusam
1800 266 1960 315 lucem
1985 283 2097 316 con-

347 337 509 387 tinens
541 339 690 388 veluti
721 343 911 390 stellam
947 341 1078 390 intus
1107 342 1461 404 ambulantem,
1490 346 1751 410 redditque
1785 347 1900 396 solis
1934 348 2097 397 candi—

292 432 325 479 4
347 428 516 469 cantes
541 420 704 470 radios
726 440 739 483 3
775 424 909 472 unde
935 432 983 471 et
1014 439 1200 473 nomen
1231 423 1432 474 invenit.
1507 428 1763 478 Galactitis
1793 430 1978 479 lacteus
2008 440 2094 491 est,

347 500 431 564 qui
470 502 677 552 adtritus
719 504 881 554 reddit
920 522 1094 554 sucum
1133 505 1303 555 album
1344 509 1407 556 ad
1446 509 1583 558 lactis
1622 527 1861 574 saporem,
1902 511 2097 561 feminis

347 583 676 634 nutrientibus
711 586 909 650 inligata
946 588 1180 637 fecundat
1217 589 1368 637 ubera
1388 607 1401 650 3
1437 589 1697 639 infantium
1736 609 1935 656 quoque
1968 596 2098 642 collo
2123 610 2144 649 5

347 682 586 729 suspensa
634 667 836 716 salivam
886 669 1046 718 facere
1094 671 1255 728 fertur,
1307 669 1359 718 in
1401 687 1484 720 ore
1532 682 1698 722 autem
1737 673 2007 737 liquescere
2049 685 2098 725 et

346 748 635 797 memoriam
672 750 904 799 adimere.
980 752 1190 800 Mittunt
1228 768 1337 799 eam
1372 752 1515 802 Nilus
1551 763 1598 803 et
1628 757 1880 805 Achelous
1909 773 2095 807 amnes.

345 830 470 878 Sunt
486 830 571 893 qui
588 833 901 894 smaragdum
919 832 1043 880 albis
1064 832 1200 881 venis
1217 832 1605 898 circumligatum
1623 837 1885 900 galactiten
1902 849 2094 888 vocant.

291 916 322 966 5
346 911 601 961 Chalazias
642 913 893 976 grandinis
934 924 981 963 et
1021 915 1288 963 candorem
1331 918 1539 978 praefert
1578 928 1626 967 et
1664 920 1882 982 figuram,
1921 920 2098 970 duritia

345 1010 546 1058 quoque
571 994 766 1056 invicta,
795 1005 848 1044 ut
874 998 1076 1045 adamas
1095 1015 1108 1057 3
1133 996 1282 1046 etiam
1308 997 1358 1045 in
1382 997 1519 1061 ignes
1544 1000 1703 1063 posita
1729 1018 1926 1051 manere
1951 1020 2094 1052 suum
2124 1026 2173 1056 10

286 1076 321 1124 6
345 1076 507 1140 frigus.
583 1077 709 1126 Solis
748 1095 945 1141 gemma
987 1077 1202 1128 candida
1234 1088 1321 1138 est,
1361 1080 1602 1144 traxitque
1638 1099 1822 1132 nomen
1860 1086 1995 1147 quod
2031 1087 2096 1135 ad

292 1176 321 1225 7
346 1159 561 1222 speciem
611 1159 727 1208 solis
776 1160 824 1208 in
871 1161 1044 1210 orbem
1094 1160 1323 1224 fulgentis
1373 1162 1554 1226 spargit
1596 1164 1774 1214 radios.
1858 1165 2096 1215 Selenites

345 1244 611 1291 translucet
628 1243 845 1291 candido
863 1244 1142 1305 melleoque
1158 1244 1360 1306 fulgore,
1372 1245 1636 1308 imaginem
1648 1246 1908 1295 continens
1929 1248 2099 1308 lunae3

345 1340 494 1387 quam
522 1323 655 1373 iuxta
680 1341 878 1374 cursum
903 1324 1018 1373 astri
1044 1324 1196 1388 ipsius
1223 1326 1484 1388 perhibent
1510 1327 1560 1376 in
1581 1329 1686 1377 dies
1705 1327 1922 1391 singulos
1942 1328 2097 1378 minui

292 1414 321 1460 8
346 1415 495 1468 atque
534 1406 712 1470 augeri.
806 1406 1037 1455 Nascitur
1080 1406 1129 1455 in
1175 1407 1389 1457 Persida.
1478 1408 1719 1459 Cinaedia
1763 1410 2007 1459 invenitur
2047 1411 2096 1459 in
2126 1434 2172 1476 15

348 1489 551 1538 cerebro
593 1490 741 1552 piscis
781 1488 1003 1538 eiusdem
1045 1491 1275 1550 nominis,
1315 1490 1529 1540 candida
1571 1500 1619 1540 et
1657 1492 1886 1555 oblonga.
1960 1495 2099 1542 Prae-

348 1586 515 1633 sagare
563 1569 638 1618 his
677 1572 839 1619 ferunt
879 1570 1024 1619 maris
1068 1570 1206 1634 signa
1245 1572 1606 1636 tranquillitatis
1655 1575 1730 1622 vel
1779 1574 2096 1637 tempestatis.

290 1664 324 1710 9
349 1651 456 1700 Beli
483 1653 655 1700 oculus
681 1652 902 1702 albicans
928 1652 1165 1716 pupillam
1192 1654 1342 1717 cingit
1376 1654 1563 1718 nigram
1590 1672 1616 1704 e
1643 1655 1809 1705 medio
1834 1672 1983 1705 aureo
2013 1658 2100 1706 ful-

348 1750 464 1797 gore
490 1736 753 1795 lucentem,
783 1743 831 1783 et
861 1744 1061 1799 propter
1091 1735 1306 1799 speciem
1343 1736 1654 1800 Assyriorum
1688 1737 1787 1801 regi
1815 1739 1936 1787 Belo
1966 1737 2097 1787 dica-

265 1834 323 1868 10
347 1825 480 1877 tam3
516 1818 650 1866 unde
679 1826 728 1865 et
764 1819 1022 1881 appellata.
1111 1820 1363 1881 Epimelas
1401 1818 1580 1868 dicitur
1615 1837 1769 1883 quum
1803 1819 1853 1868 in
1884 1820 2097 1870 candida
2123 1838 2173 1866 20

278 1918 323 1951 11
347 1915 545 1962 gemma
561 1916 771 1962 superne
788 1899 992 1964 nigricat
1012 1902 1148 1949 color
1166 1919 1178 1961 3
1204 1902 1337 1949 unde
1358 1909 1405 1949 et
1426 1917 1609 1950 nomen
1627 1901 1789 1951 habet.
1831 1895 2096 1951 Exebenus

348 1981 571 2044 speciosa
597 1991 645 2031 et
671 1981 899 2043 candida,
928 1999 1026 2045 qua
1050 1982 1274 2031 aurifices
1299 1999 1472 2031 aurum
1499 1983 1705 2046 poliunt.

260 2073 321 2112 XI
485 2065 567 2112 DE
611 2079 805 2114 N1GR1s.
895 2066 1113 2114 Achates
1164 2072 1355 2128 reperta
1402 2064 1615 2128 primum
1664 2068 1714 2114 in
1763 2065 1926 2114 Sicilia
1967 2066 2100 2115 iuxta

347 2147 533 2194 flumen
559 2145 782 2195 eiusdem
809 2146 1038 2207 nominis,
1066 2155 1238 2211 postea
1263 2146 1485 2210 plurimis
1511 2147 1562 2195 in
1588 2147 1741 2196 terris.
1813 2149 1903 2196 Est
1932 2156 2096 2196 autem

349 2226 503 2290 nigra,
542 2227 731 2277 habens
775 2228 824 2277 in
865 2229 1032 2278 medio
1072 2229 1281 2278 circulos
1324 2229 1488 2293 nigros
1531 2239 1579 2278 et
1627 2229 1766 2278 albos
1809 2228 2003 2278 iunctos
2050 2239 2099 2278 et
2124 2250 2176 2292 25

349 2311 572 2371 variatos,
618 2310 789 2360 similis
826 2310 1094 2361 haematiti.
1177 2310 1312 2375 Magi
1352 2312 1515 2360 suffitu
1558 2328 1739 2371 earum,
1782 2313 1821 2359 si
1869 2311 2095 2371 creditur,

410 2458 424 2482 1
458 2444 658 2483 Asteritis
677 2443 724 2481 K
870 2444 965 2484 luce
985 2443 1026 2481 K
1204 2457 1227 2482 2
1258 2444 1512 2483 albulantem
1534 2443 1579 2481 K
1714 2445 1863 2483 reddet
1884 2457 1991 2494 quae
2010 2443 2068 2481 Β1
2093 2458 2102 2483 z

352 2501 504 2539 reddet
524 2500 643 2549 quasi
664 2498 710 2537 K
818 2513 843 2549 3
874 2499 1105 2538 Galactites
1128 2498 1163 2537 C
1268 2512 1292 2548 4
1323 2499 1374 2537 ad
1395 2497 1543 2538 BCK:
1573 2503 1615 2537 et
1642 2497 1680 2536 T
1802 2510 1826 2548 5
1857 2499 2037 2537 fecunda
2058 2497 2104 2536 K

352 2557 379 2594 6
407 2567 616 2604 suspenso
640 2554 690 2593 C1
823 2568 843 2604 7
874 2555 1043 2593 acelaus
1072 2554 1127 2592 T:
1159 2554 1326 2593 acelaos
1350 2553 1410 2592 C:
1440 2553 1639 2592 acelonus
1660 2552 1702 2590 B
1836 2554 1861 2591 8
1890 2559 2044 2592 vocent
2067 2553 2103 2593 C

351 2624 377 2660 9
408 2609 597 2649 Galatias
617 2608 727 2648 codd.
940 2609 1187 2658 grandinum
1209 2608 1323 2648 codd.
1343 2608 1454 2658 infra
1477 2609 1593 2659 (xm.
1617 2608 1662 2659 4)
1878 2608 2042 2658 profert
2069 2606 2106 2644 T

353 2670 396 2703 et
417 2665 488 2713 fig.
513 2670 555 2702 et
575 2665 645 2704 du.
671 2663 705 2701 C
865 2664 1060 2703 duritiam
1081 2663 1168 2702 ΒΚ
1393 2675 1442 2701 10
1469 2663 1669 2701 invictam
1689 2661 1735 2699 K
1897 2663 2098 2702 adamans

353 2717 482 2758 BKT
631 2719 771 2767 ignem
791 2718 831 2756 B
854 2733 863 2757 :
892 2719 989 2768 igne
1013 2718 1092 2758 CK
1244 2730 1391 2757 sucum
1414 2717 1463 2756 Cl
1653 2730 1697 2755 11
1731 2717 1855 2757 traxit
1876 2729 2041 2767 quoque
2057 2715 2103 2754 K

357 2788 405 2813 12
436 2773 537 2812 orbe
556 2773 592 2812 C
735 2773 945 2822 fulgentes
961 2773 1049 2811 BT
1197 2772 1401 2813 Solenitis
1423 2771 1533 2811 KT:
1563 2778 1646 2810 -tes
1661 2771 1719 2810 B1
1914 2784 1961 2820 14
1991 2784 2099 2821 quae

354 2828 424 2868 K:
453 2828 565 2878 quod
586 2827 626 2865 Β
792 2829 902 2867 diem
925 2827 971 2865 K
988 2833 1082 2867 ante
1101 2841 1199 2867 corr.
1391 2839 1439 2876 15
1471 2826 1662 2865 Cimedia
1682 2825 1826 2864 BCT:
1857 2826 2038 2864 Cimidia
2059 2825 2104 2862 K

358 2885 406 2922 16
436 2883 682 2934 praesagire
698 2881 808 2922 Plin.
826 2883 881 2922 N.
899 2881 959 2922 H.
975 2896 1042 2934 37,
1061 2895 1137 2933 153
1254 2895 1299 2931 17
1332 2882 1523 2921 seruntur
1542 2880 1740 2920 Schwarz
1822 2880 1948 2919 maris
1969 2880 2100 2920 Plin.:

357 2939 492 2988 magis
508 2937 653 2977 BKT:
691 2938 801 2987 magi
825 2937 968 2988 Csort.
994 2943 1090 2977 recte
1296 2938 1344 2974 18
1377 2936 1622 2976 Belloculus
1641 2934 1782 2974 BCT:
1813 2933 2103 2974 BelliculusK

355 2992 514 3043 pupilla
535 2993 713 3042 cingens
734 2991 779 3030 K
925 3006 1025 3031 areo
1045 2991 1091 3029 K
1293 3003 1341 3041 19
1369 2991 1479 3030 bello
1505 2990 1543 3029 T
1745 3002 1798 3028 20
1829 2989 2019 3039 Epimela
2041 2989 2098 3029 C:

356 3047 570 3097 Epimalas
590 3046 636 3085 K
745 3059 794 3086 21
826 3059 957 3096 super
974 3046 1063 3085 ΚΤ
1170 3046 1371 3096 nigriscat
1391 3045 1457 3084 K:
1491 3045 1674 3094 nigriget
1693 3044 1734 3083 B
1836 3057 1887 3083 22
1917 3057 2039 3094 quam
2060 3044 2100 3082 Β

356 3113 406 3151 25
437 3102 580 3140 iuncto
601 3101 646 3140 K
755 3103 808 3140 26
838 3102 971 3150 magis
999 3100 1037 3138 T
