2176 3424
1098 121 1369 169 ISIDORI

354 259 526 311 postea
545 249 767 312 quaesita
792 250 984 299 nebulis
1010 260 1244 313 cooperta
1260 253 1460 300 tandem
1478 269 1507 298 a
1523 251 1865 314 navigantibus
1886 251 2099 300 inventa.

355 332 452 380 Sed
490 330 556 379 ob
593 332 689 379 hoc
725 332 863 380 locus
901 341 949 380 et
985 348 1183 395 gemma
1219 349 1403 382 nomen
1442 350 1500 382 ex
1537 350 1685 382 causa
1721 334 1946 396 accepit3
1983 349 2099 381 narn

353 415 570 472 τοπάζειν
594 415 989 477 Trogodytarum
1015 413 1181 478 lingua
1206 414 1615 479 significationem
1641 415 1791 464 habet
1816 415 2102 479 quaerendi.

356 498 445 544 Est
469 504 635 544 autem
656 495 960 559 amplissima
980 512 1284 559 gemmarum
1304 515 1317 558 3
1353 499 1527 546 eadem
1548 499 1651 546 sola
1670 497 1911 546 nobilium
1932 496 2100 545 limam

270 594 329 628 10
354 579 513 626 sentit.
587 577 783 626 Genera
809 579 911 627 eius
937 580 1053 628 duo.
1127 578 1342 630 Callaica
1368 581 1531 628 colore
1555 579 1710 638 viridi,
1729 581 1816 629 sed
1841 581 2028 642 pallens
2054 588 2102 628 et
2125 597 2147 637 5

352 658 498 708 nimis
525 675 685 707 crassa
703 677 716 719 3
741 658 863 707 nihil
889 659 1152 709 iucundius
1172 677 1345 708 aurum
1371 662 1554 709 decens
1573 679 1586 721 3
1610 663 1743 710 unde
1769 670 1817 710 et
1842 662 2098 724 appellata.

354 740 585 790 Nascitur
610 740 660 788 in
694 741 840 790 India
865 744 941 791 vel
969 742 1235 791 Germania
1267 742 1316 790 in
1350 742 1554 806 rupibus
1579 742 1766 806 gelidis,
1794 741 1924 791 oculi
1949 743 2102 791 modo

284 843 330 876 11
353 824 662 872 extuberans.
760 824 1060 873 Molochites
1120 823 1322 888 spissius
1374 824 1532 873 virens
1591 835 1640 873 et
1699 825 1904 873 crassior
1951 841 2101 887 quani

354 906 640 968 smaragdus
670 923 698 954 a
731 907 896 954 colore
927 908 1116 955 malvae
1150 923 1335 955 nornen
1371 906 1575 970 accepit,
1612 905 1661 953 in
1699 904 1966 955 reddendis
2002 907 2101 954 lau-

278 1005 331 1039 12
353 988 468 1036 data
495 986 656 1051 signis.
733 987 963 1037 Nascitur
1000 990 1049 1036 in
1080 988 1278 1038 Arabia.
1352 987 1663 1051 Heliotropia
1688 987 1828 1036 viridi
1861 989 2027 1037 colore
2052 997 2101 1036 et
2125 1008 2176 1037 10

353 1068 539 1129 nubilo,
559 1071 709 1118 stellis
727 1071 950 1132 puniceis
971 1087 1286 1134 supersparsa
1306 1086 1419 1118 cum
1441 1069 1720 1133 sanguineis
1740 1068 1892 1118 venis.
1935 1069 2101 1120 Causa

354 1150 569 1200 nominis
606 1152 670 1200 de
707 1153 886 1200 effectu
922 1152 1099 1215 lapidis
1137 1162 1245 1213 est3
1284 1169 1399 1201 narn
1437 1151 1629 1201 deiecta
1665 1151 1715 1199 in
1752 1150 1899 1200 labris
1934 1152 2101 1200 aeneis

352 1232 514 1283 radios
552 1233 667 1282 solis
705 1242 862 1282 mutat
900 1234 1171 1298 sanguineo
1208 1251 1528 1298 repercussu3
1565 1243 1698 1282 extra
1729 1250 1910 1296 aquam
1935 1241 2102 1282 autem

351 1314 538 1378 speculi
563 1316 717 1364 modo
745 1317 901 1365 solem
927 1315 1119 1379 accipit,
1149 1315 1577 1380 deprehenditque
1613 1315 1835 1364 defectus
1861 1313 1965 1363 eius
1991 1314 2102 1363 sub-

351 1405 553 1445 euntem
579 1398 747 1445 lunam
773 1399 1057 1447 ostendens.
1135 1401 1397 1462 Magorum
1424 1396 1745 1461 inpudentiae
1771 1395 2101 1446 manifestissi·
2129 1417 2176 1456 15

352 1495 488 1526 mum
529 1477 580 1526 in
619 1480 715 1528 hoc
749 1496 951 1543 quoque
986 1482 1266 1544 exemplum
1305 1490 1391 1540 est,
1432 1478 1668 1543 quoniam
1701 1478 1918 1528 admixta
1951 1478 2103 1527 herba

352 1562 648 1625 heliotropio
673 1561 972 1624 quibusdam
998 1561 1178 1611 additis
1214 1561 1581 1626 precationibus
1605 1570 1857 1624 gerentem
1883 1558 2103 1623 conspici

353 1654 548 1707 negent.
624 1643 852 1707 Gignitur
877 1645 927 1692 in
953 1644 1118 1708 Cypro
1145 1654 1193 1694 et
1218 1646 1398 1704 Africa,
1427 1645 1514 1694 sed
1548 1643 1720 1693 melior
1745 1644 1796 1691 in
1820 1641 2099 1705 Aethiopia.

276 1739 330 1785 13
354 1727 516 1790 Sagda
539 1742 736 1790 gemma
761 1726 943 1790 prasini
969 1727 1146 1776 coloris
1171 1729 1305 1790 apud
1333 1729 1627 1777 Chaldaeos.
1690 1727 1844 1776 Cuius
1870 1734 2006 1774 tanta
2030 1725 2101 1772 vis

355 1820 428 1858 est
460 1818 514 1858 ut
547 1818 856 1873 permeantes
890 1825 1038 1858 naves
1065 1827 1092 1858 e
1127 1811 1375 1872 profundo
1409 1818 1556 1873 petat,
1586 1818 1634 1858 et
1663 1807 1838 1857 carinis
1868 1807 1936 1855 ita
1970 1816 2101 1855 tena-
2127 1826 2176 1853 20

275 1906 331 1952 14
355 1891 474 1940 citer
493 1893 758 1940 adhaereat
775 1900 828 1939 ut
849 1890 940 1939 nisi
957 1891 1130 1939 abrasa
1146 1900 1283 1954 parte
1302 1891 1419 1955 ligni
1439 1892 1518 1939 vix
1537 1899 1800 1953 separetur.
1838 1888 2101 1951 Myrrhites

354 1976 486 2023 dicta
527 1983 601 2023 est
639 1975 776 2036 quod
810 1975 859 2021 in
898 1990 956 2022 ea
990 1976 1213 2037 myrrhae
1252 1975 1387 2022 color
1429 1982 1515 2022 est.
1590 1972 1900 2035 Conpressus
1936 1980 2102 2019 autem

353 2074 509 2120 usque
534 2058 598 2105 ad
624 2058 838 2104 calorem
864 2057 1004 2104 nardi
1025 2055 1174 2120 spirat
1193 2054 1498 2104 suavitatem.
1555 2052 1842 2103 Aromatitis
1867 2050 2103 2116 reperitur

352 2138 402 2186 in
443 2137 627 2187 Arabia
668 2139 744 2187 vel
787 2139 1030 2200 Aegypto,
1076 2138 1299 2201 myrrhae
1342 2136 1519 2186 coloris
1560 2144 1608 2185 et
1650 2134 1814 2185 odoris
1833 2153 1846 2196 3
1881 2135 2015 2183 unde
2051 2142 2101 2183 et

275 2234 329 2282 15
352 2237 538 2270 nomen
586 2220 750 2268 habet.
825 2220 1095 2268 Melichros
1147 2218 1337 2268 bicolor
1385 2236 1443 2268 ex
1491 2235 1590 2267 una
1637 2227 1773 2281 parte
1819 2215 1999 2275 viridis,
2041 2233 2100 2264 ex
2126 2236 2176 2276 25

410 2366 427 2391 1
463 2353 558 2392 neb.
581 2357 729 2402 operta
751 2351 808 2390 C:
840 2351 1102 2400 nebulusque
1122 2356 1272 2400 operta
1300 2349 1337 2387 T
1441 2362 1466 2399 3
1497 2349 1665 2400 topazin
1693 2349 1732 2388 T
1749 2348 1813 2399 (cf.
1834 2347 1943 2389 Plz'n.
1963 2350 2017 2389 N.
2039 2350 2099 2390 H.

350 2420 415 2458 37,
445 2408 561 2459 108):
590 2406 775 2457 topezim
797 2404 865 2444 K:
896 2406 1079 2456 topazim
1099 2404 1168 2444 B:
1197 2405 1394 2455 topazion
1418 2404 1453 2443 C
1633 2403 1938 2453 trogoditarum
1960 2404 2100 2444 BCT:

350 2462 653 2502 trocoditarum
674 2460 720 2498 K
941 2461 1006 2499 ha.
1027 2460 1223 2510 querenti
1252 2459 1307 2499 T:
1336 2459 1552 2509 querentis
1574 2459 1642 2498 ha.
1666 2458 1735 2497 K:
1767 2459 1834 2497 ha.
1857 2461 2100 2507 quaerentis

350 2517 428 2555 BC
603 2529 627 2565 5
658 2516 844 2554 Calalica
872 2515 930 2554 T:
961 2515 1118 2553 Callica
1142 2513 1192 2552 C1
1331 2515 1515 2553 colorem
1545 2512 1583 2550 T
1714 2513 1768 2553 vi.
1792 2518 1834 2551 et
1853 2513 1926 2551 K:
1954 2514 2099 2553 viridis

351 2578 393 2611 et
415 2571 518 2610 BT:
550 2571 740 2609 viridens
761 2577 804 2610 et
826 2570 876 2609 Cl
1015 2583 1080 2620 pa.
1106 2570 1206 2609 nim.
1235 2568 1286 2607 Τ1
1499 2570 1526 2606 6
1554 2581 1656 2606 auro
1676 2566 1722 2604 K
1868 2569 2036 2618 appella
2055 2567 2101 2605 K

352 2640 374 2677 ⁷
405 2625 602 2720 :nqulffl
626 2626 679 2718 {¹5
691 2625 790 2718 ἔῑ-
819 2623 1531 2718 ΕιῑςῗῑέΓῗέἒξςέιεωοᾳῗέῐῖἕίδ
1551 2621 2096 2716 Βωέἑένὲῑὲἓᾶἑῖςῗῆἶ

351 2694 578 2787 {grspzicr'sg
597 2693 643 2772 5<
782 2709 791 2718 .
863 2747 912 2773 12
942 2693 1102 2773 ngmini
1121 2708 1203 2772 BC
1344 2691 1559 2782 plapidum
1580 2731 1620 2770 Β
1760 2690 1787 2727 p
1842 2691 2036 2782 13pradio
2056 2731 2098 2769 Β

349 2791 558 2854 sanguine
577 2789 626 2828 C²
766 2802 813 2861 {4
843 2803 903 2829 so.
927 2789 1078 2839 recipit
1099 2787 1135 2827 C
1264 2799 1320 2850 ,15
1351 2799 1604 2880 rgagnfiqur-n)
1619 2786 1678 2880 {a
1699 2841 1739 2879 Β
1761 2854 1770 2863 .
1785 2785 2101 2879 ἱὲἷὲἓῐῗὲηξξιὲ

347 2848 587 2950 {3133}ss
589 2844 652 2896 m]
671 2843 855 2938 quZ‘ZmI}
882 2897 920 2936 T
1001 2858 1047 2894 ¹⁷
1079 2841 1499 2948 ἓῗὲἑὲἓίἱέιὲῃῑίἱε
1518 2894 1581 2945 Κ,
1607 2854 1634 2891 ¹³
1761 2870 1817 2933 ἰε
1845 2853 2031 2944 nequgnt
2050 2892 2098 2932 J<

352 2968 400 3005 19
431 2955 600 3006 Sagada
627 2953 683 2994 T:
716 2953 869 2994 Sacida
889 2952 996 2992 BlK
1119 2965 1172 2990 20
1201 2965 1225 2990 e
1245 2965 1327 2992 om.
1355 2950 1393 2989 T
1522 2963 1571 2990 21
1603 2949 1704 2989 abra
1727 2947 1773 2986 K
1899 2961 1951 2987 22
1982 2963 2034 2988 eo
2051 2947 2095 2987 Β

349 3023 608 3059 congressus
629 3008 675 3046 K
857 3021 908 3058 23
937 3008 1123 3047 colorem
1143 3004 1229 3045 ΒΚ
1397 3005 1512 3056 spira
1541 3004 1578 3043 T
1745 3004 1989 3043 aromatidis
2009 3001 2097 3041 ΒΚ

348 3077 398 3115 24
430 3078 596 3104 morrae
616 3063 684 3102 K:
715 3064 895 3102 murraei
917 3063 1014 3115 (-ei)
1035 3061 1114 3101 BC
1358 3073 1409 3110 25
1440 3059 1638 3099 Melicros
1663 3059 1717 3099 C:
1752 3058 1960 3098 Melecros
1981 3057 2026 3096 K
2033 3058 2092 3096 T:

351 3120 554 3159 Meletros
575 3119 616 3157 B
