2176 3424
286 111 915 161 ETYMOLOGIARVM
956 112 1083 158 LIB.
1124 111 1263 158 XIX.
1306 109 1443 169 xxxii,
1483 108 1625 156 xxxiii

217 245 300 290 DE
336 255 591 291 CINGVLIS.
666 240 874 290 Cinctus
901 247 974 287 est
999 241 1096 287 lata
1121 256 1258 299 zona,
1285 247 1333 288 et
1370 238 1533 286 minus
1564 240 1661 287 lata
1687 237 1824 287 semi-
1851 244 2049 284 XXXIII

81 323 329 383 cinctium,
381 331 429 372 et
476 321 694 384 utrisque
733 319 937 368 minima
975 319 1226 384 cingulum
1247 338 1260 381 3
1311 336 1427 367 nam
1468 337 1497 368 a
1534 318 1700 368 cinctu
1742 336 1828 383 per

80 404 460 454 diminutionem
487 403 738 467 cingulum
763 400 1088 451 nominatum.
1165 400 1345 451 Cinctu
1365 409 1531 450 autem
1549 400 1750 449 iuvenes
1776 399 1827 448 in

81 485 426 535 exercitatione
447 484 707 548 campestri
726 485 1004 533 verecunda
1020 484 1249 532 velabant
1271 501 1283 543 3
1319 484 1452 531 unde
1473 491 1521 531 et
1540 481 1827 544 campestris

36 596 56 634 5
81 567 350 617 dicebatur.
411 569 638 616 Balteum
664 565 915 629 cingulum
942 564 1150 613 militare
1175 572 1261 623 est,
1291 562 1480 613 dictum
1498 579 1586 627 pro
1606 563 1743 626 quod
1769 579 1827 611 ex
1851 577 1882 611 2

83 666 142 698 eo
169 649 304 713 signa
329 650 614 712 dependant
643 649 707 697 ad
737 648 1178 696 demonstrandam
1210 644 1416 709 legionis
1449 643 1667 693 militaris
1702 661 1830 692 sum-

84 748 228 791 mam,
257 730 307 780 id
341 740 413 779 est
447 747 528 779 sex
563 729 752 778 milium
787 738 1141 787 sescentorum,
1181 745 1238 776 ex
1276 744 1376 790 quo
1413 743 1622 775 numero
1659 735 1706 775 et
1740 724 1833 789 ipsi

83 812 372 861 consistunt.
447 813 594 860 Vnde
620 821 667 860 et
694 811 885 860 balteus
912 810 1090 859 dicitur
1116 826 1217 859 non
1238 819 1431 858 tantum
1452 810 1588 872 quod
1610 806 1831 871 cingitur,

84 896 171 943 sed
197 893 344 942 etiam
374 911 402 941 a
435 910 535 956 quo
564 910 700 941 arma
729 894 1029 956 dependant.
1106 894 1242 941 Zona
1276 893 1520 940 Graecum
1561 899 1648 950 est,
1684 906 1832 953 quam
1860 908 1889 954 3

14 998 62 1026 ιο
84 975 151 1023 illi
178 978 378 1039 ζωνάριν,
408 991 499 1023 nos
530 974 782 1038 cingulum
819 991 1181 1037 nuncupamus.
1258 972 1545 1036 Strophium
1573 980 1646 1020 est
1671 970 1836 1033 cingu-

85 1059 185 1106 lum
211 1074 412 1106 aureum
439 1074 552 1105 cum
578 1055 800 1119 gemmis.
876 1058 955 1104 De
980 1072 1080 1119 quo
1106 1055 1173 1103 ait
1197 1054 1362 1105 Cinna
1395 1053 1597 1118 (Catull.
1619 1056 1697 1113 64,
1717 1051 1804 1116 65)
1827 1073 1835 1102 :

489 1137 719 1201 Strophio
755 1139 993 1186 lactantes
1031 1136 1193 1186 cincta
1230 1135 1464 1200 papsslasg

86 1231 134 1270 et
162 1219 456 1270 Prudentius
484 1219 611 1284 (περὶ
631 1221 773 1282 Στεφ.
798 1234 873 1282 25,
897 1218 949 1283 4)
976 1238 984 1266 ε

357 1304 556 1351 Nomen
595 1303 689 1350 hoc
725 1317 951 1364 gemmae
990 1298 1210 1363 strophio
1247 1298 1445 1363 inligata
1482 1308 1569 1347 est.

18 1409 63 1449 15
90 1383 259 1431 Limus
284 1393 356 1432 est
382 1382 571 1432 cinctus
597 1399 746 1445 quem
767 1381 951 1445 publici
972 1381 1225 1430 habebant
1245 1382 1369 1430 servi
1391 1400 1400 1429 z
1438 1389 1486 1430 et
1511 1380 1671 1431 dictus
1692 1379 1837 1429 limus
1859 1388 1891 1435 4

89 1465 203 1528 quia
245 1474 539 1514 transversas
579 1465 794 1513 habebat
838 1480 1088 1527 purpuras,
1135 1462 1185 1512 id
1228 1473 1301 1512 est
1343 1463 1497 1512 limas.
1586 1464 1836 1513 Caltulum

89 1546 271 1609 cinguli
313 1563 480 1610 genus,
523 1564 552 1594 a
590 1558 764 1595 coacto
807 1548 912 1594 loro
955 1545 1159 1595 dictum.
1233 1544 1409 1593 Fibula
1450 1547 1696 1594 Graecum
1747 1554 1836 1604 est,

90 1644 238 1691 quam
265 1627 332 1675 illi
371 1627 573 1681 †fiblin†
610 1627 796 1687 dicunt,
835 1629 971 1690 quod
1009 1626 1138 1690 ligat.
1210 1626 1540 1687 Subfibulum‚
1568 1625 1841 1689 subligacu-

90 1711 206 1757 lum.
284 1709 651 1758 Redimiculum
678 1719 751 1758 est
771 1710 904 1772 quod
928 1707 1315 1757 subcinctorium
1334 1708 1435 1758 sive
1455 1708 1637 1757 bracile
1657 1724 1842 1756 nuncu·
1863 1726 1894 1775 5

19 1816 71 1845 20
92 1809 279 1855 panius,
321 1792 456 1854 quod
496 1792 805 1840 descendens
855 1806 940 1852 per
987 1789 1228 1838 cervicem
1278 1799 1326 1839 et
1372 1807 1401 1838 a
1448 1789 1679 1839 lateribus
1728 1788 1842 1838 colli

92 1871 317 1932 divisum,
338 1881 598 1935 utrumque
616 1874 800 1920 alarum
819 1871 954 1920 sinus
973 1871 1129 1920 ambit
1146 1882 1295 1935 atque
1311 1871 1428 1921 hinc
1446 1872 1563 1921 inde
1581 1870 1839 1934 subcingit,

94 1964 145 2002 ut
184 1953 525 2017 constringens
574 1952 884 2002 latitudinem
929 1952 1102 2002 vestiat
1150 1970 1347 2016 corpus,
1390 1955 1648 2002 contrahat
1697 1962 1844 2016 atque

95 2037 443 2098 coniungendo
474 2044 739 2098 conponat.
813 2037 967 2083 Hunc
986 2037 1132 2098 vulgo
1159 2035 1442 2096 brachilem,
1467 2035 1607 2099 quasi
1627 2034 1846 2084 brachia-

95 2119 210 2177 lem,
251 2116 440 2177 dicunt,
476 2116 699 2180 quamvis
736 2133 869 2164 nunc
912 2133 1014 2164 non
1057 2116 1386 2177 brachiorum,
1426 2119 1514 2166 sed
1563 2133 1735 2165 renum
1785 2115 1845 2164 sit

25 2223 44 2252 2
51 2224 73 2264 5
96 2198 359 2262 cingulum.
435 2198 830 2248 Subcinctorium
857 2208 1021 2247 autem
1045 2207 1274 2248 vocatum
1301 2201 1451 2262 quod,
1475 2209 1528 2248 ut
1548 2198 1736 2249 dictum
1758 2208 1844 2258 est,

99 2281 190 2329 sub
238 2280 450 2329 brachiis
501 2283 706 2330 ductum
755 2283 940 2329 alarum
982 2280 1143 2329 sinum
1192 2281 1348 2329 ambit
1390 2290 1538 2345 atque
1580 2282 1696 2329 hinc
1731 2279 1848 2329 inde

161 2424 177 2449 1
210 2411 492 2450 semicintium
513 2410 610 2451 BC:
642 2411 934 2450 semicinctum
962 2409 999 2448 T
1068 2423 1092 2448 2
1121 2424 1145 2450 a
1166 2411 1304 2450 cincto
1323 2411 1443 2451 BCT
1512 2425 1537 2462 3
1569 2411 1719 2451 Cincto
1734 2411 1855 2450 BCT

102 2479 125 2514 4
160 2467 414 2505 verecundia
435 2463 481 2504 K
698 2477 722 2515 5
753 2478 830 2515 pro
852 2466 963 2515 quod
993 2465 1049 2504 T:
1080 2479 1156 2516 pro
1178 2479 1228 2505 eo
1250 2468 1364 2516 quod
1385 2465 1451 2506 K:
1482 2472 1658 2517 propter
1678 2480 1761 2517 quo
1785 2467 1851 2517 (ex

102 2520 216 2572 quia)
239 2521 304 2558 B:
334 2526 508 2570 propter
527 2519 639 2569 quod
663 2520 696 2558 C
793 2522 819 2559 6
849 2520 1121 2569 dependeant
1141 2519 1209 2558 K:
1241 2522 1487 2571 dependent
1506 2521 1629 2562 BCT
1722 2535 1748 2571 9
1780 2523 1849 2560 de-

102 2575 291 2625 pendent
310 2575 432 2614 BCK
526 2586 574 2612 10
595 2575 780 2613 zonarim
802 2574 913 2614 codd.
930 2574 1010 2626 (-in
1035 2574 1109 2625 Tt)
1208 2574 1408 2615 Strofium
1430 2575 1542 2617 codd.
1634 2589 1682 2614 12
1703 2577 1851 2615 strofio

103 2629 214 2669 codd.
354 2630 555 2669 lactactes
584 2627 641 2666 B1
797 2629 954 2679 papilla
987 2629 1063 2668 sed
1092 2629 1160 2668 B:
1189 2631 1369 2681 papillas
1403 2632 1479 2670 sed
1513 2630 1548 2671 C
1566 2645 1575 2670 :
1605 2631 1783 2681 papillas
1810 2629 1856 2668 K

109 2697 156 2733 14
186 2685 331 2723 strofio
365 2684 476 2724 codd.
613 2689 677 2722 est
710 2697 793 2723 om.
824 2684 860 2722 C
1014 2685 1063 2721 16
1091 2688 1333 2724 transversa
1364 2684 1406 2723 Β
1532 2686 1713 2725 habebat
1748 2685 1851 2723 CK:

105 2739 231 2777 habet
250 2739 336 2778 BT
441 2738 633 2777 Catulum
661 2737 700 2776 U
851 2751 897 2788 17
928 2751 1065 2788 genus
1085 2751 1168 2777 om.
1190 2738 1280 2777 KN
1297 2742 1398 2791 (non
1423 2739 1482 2792 U)
1642 2741 1690 2778 18
1721 2740 1775 2779 di.
1802 2754 1853 2779 eo

108 2806 175 2843 qu.
198 2792 244 2831 K
383 2806 430 2843 19
460 2799 525 2832 est
545 2805 626 2832 om.
651 2791 696 2830 K
715 2794 815 2841 (non
841 2793 899 2844 U)
1037 2793 1220 2832 braciale
1250 2793 1286 2832 T
1433 2807 1482 2833 21
1515 2794 1734 2834 dimissum
1757 2794 1849 2834 dett.

109 2853 379 2898 utrarumque
409 2847 488 2887 BC
666 2860 717 2885 22
745 2847 966 2886 latitudine
997 2846 1086 2885 ΒΚ
1264 2849 1443 2888 vestium
1475 2849 1567 2890 dett.
1754 2862 1852 2888 con-

109 2901 246 2941 trahat
265 2915 347 2941 om.
374 2901 424 2941 C¹
569 2913 620 2950 23
648 2901 847 2940 bracilem
870 2901 949 2940 CK
955 2902 992 2941 T
1009 2903 1078 2953 (ex
1095 2902 1339 2955 bracialem)
1459 2904 1686 2943 bracialem
1707 2902 1787 2942 BC
1793 2903 1830 2942 T
1845 2916 1854 2941 :

110 2955 290 2995 braciale
311 2955 357 2995 K
504 2969 555 3004 ²4
584 2956 819 2995 braciorum
840 2956 926 2994 BT
1071 2959 1125 2995 26
1155 2956 1310 2997 braciis
1328 2956 1433 2997 B¹T
1579 2959 1751 2998 ductum
1770 2970 1854 2997 om.

113 3009 201 3049 KN
216 3009 317 3059 (non
343 3009 399 3061 U)
511 3010 608 3050 hinc
627 3024 711 3050 om.
734 3010 883 3049 B1KN
899 3011 1003 3061 (non
1028 3010 1093 3063 U)
