<?xml version="1.0" encoding="UTF-8"?>
<!DOCTYPE html PUBLIC "-//W3C//DTD XHTML 1.0 Transitional//EN"
    "http://www.w3.org/TR/xhtml1/DTD/xhtml1-transitional.dtd">
<html xmlns="http://www.w3.org/1999/xhtml" xml:lang="en" lang="en">
 <head>
  <title>
</title>
<meta http-equiv="Content-Type" content="text/html;charset=utf-8" />
  <meta name='ocr-system' content='tesseract 3.04.00' />
  <meta name='ocr-capabilities' content='ocr_page ocr_carea ocr_par ocr_line ocrx_word'/>
</head>
<body>
  <div class='ocr_page' id='page_1' title='image "./isidori01isiduoft/isidori01isiduoft_0146.png"; bbox 0 0 2228 3444; ppageno 0'>
   <div class='ocr_carea' id='block_1_1' title="bbox 1092 172 1365 220">
    <p class='ocr_par' dir='ltr' id='par_1_1' title="bbox 1092 172 1365 220">
     <span class='ocr_line' id='line_1_1' title="bbox 1092 172 1365 220; baseline 0.007 -2"><span class='ocrx_word' id='word_1_1' title='bbox 1092 172 1365 220; x_wconf 89' lang='lat' dir='ltr'>ISIDORI</span> 
     </span>
    </p>
   </div>
   <div class='ocr_carea' id='block_1_2' title="bbox 175 294 2163 2664">
    <p class='ocr_par' dir='ltr' id='par_1_2' title="bbox 286 294 2096 454">
     <span class='ocr_line' id='line_1_2' title="bbox 286 294 2096 373; baseline 0.009 -32"><span class='ocrx_word' id='word_1_2' title='bbox 286 309 319 355; x_wconf 93' lang='lat'>4</span> <span class='ocrx_word' id='word_1_3' title='bbox 343 294 666 357; x_wconf 83' lang='lat' dir='ltr'>longitudine,</span> <span class='ocrx_word' id='word_1_4' title='bbox 686 296 945 347; x_wconf 88' lang='lat' dir='ltr'>latitudine</span> <span class='ocrx_word' id='word_1_5' title='bbox 971 307 1019 347; x_wconf 94' lang='lat' dir='ltr'>et</span> <span class='ocrx_word' id='word_1_6' title='bbox 1044 299 1304 350; x_wconf 84' lang='lat' dir='ltr'>altitudine</span> <span class='ocrx_word' id='word_1_7' title='bbox 1322 302 1602 353; x_wconf 82' lang='lat' dir='ltr'>continetur</span> <span class='ocrx_word' id='word_1_8' title='bbox 1620 303 1727 370; x_wconf 78' lang='lat' dir='ltr'>(seq.</span> <span class='ocrx_word' id='word_1_9' title='bbox 1739 308 1948 373; x_wconf 80' lang='lat' dir='ltr'>figura).</span> <span class='ocrx_word' id='word_1_10' title='bbox 2004 309 2096 372; x_wconf 91' lang='lat' dir='ltr'>Cy-</span> 
     </span>
     <span class='ocr_line' id='line_1_3' title="bbox 343 375 2092 454; baseline 0.009 -31"><span class='ocrx_word' id='word_1_11' title='bbox 343 375 531 426; x_wconf 88' lang='lat' dir='ltr'>lindrus</span> <span class='ocrx_word' id='word_1_12' title='bbox 558 387 632 426; x_wconf 88' lang='lat' dir='ltr'>est</span> <span class='ocrx_word' id='word_1_13' title='bbox 658 380 810 442; x_wconf 88' lang='lat' dir='ltr'>figura</span> <span class='ocrx_word' id='word_1_14' title='bbox 836 381 1088 442; x_wconf 88' lang='lat' dir='ltr'>quadrata,</span> <span class='ocrx_word' id='word_1_15' title='bbox 1117 382 1307 431; x_wconf 88' lang='lat' dir='ltr'>habens</span> <span class='ocrx_word' id='word_1_16' title='bbox 1344 384 1565 447; x_wconf 88' lang='lat' dir='ltr'>superius</span> <span class='ocrx_word' id='word_1_17' title='bbox 1593 387 1956 437; x_wconf 83' lang='lat' dir='ltr'>semicirculum</span> <span class='ocrx_word' id='word_1_18' title='bbox 1982 388 2092 454; x_wconf 79' lang='lat' dir='ltr'>(seq.</span> 
     </span>
    </p>

    <p class='ocr_par' dir='ltr' id='par_1_3' title="bbox 287 457 2093 532">
     <span class='ocr_line' id='line_1_4' title="bbox 287 457 2093 532; baseline 0.009 -28"><span class='ocrx_word' id='word_1_19' title='bbox 287 473 318 521; x_wconf 89' lang='lat'><strong><em>5</em></strong></span> <span class='ocrx_word' id='word_1_20' title='bbox 327 457 536 522; x_wconf 78' lang='lat' dir='ltr'>figura).</span> <span class='ocrx_word' id='word_1_21' title='bbox 611 461 806 520; x_wconf 91' lang='lat' dir='ltr'>Conon,</span> <span class='ocrx_word' id='word_1_22' title='bbox 836 463 987 524; x_wconf 90' lang='lat' dir='ltr'>figura</span> <span class='ocrx_word' id='word_1_23' title='bbox 1013 479 1140 525; x_wconf 85' lang='lat' dir='ltr'>quae</span> <span class='ocrx_word' id='word_1_24' title='bbox 1165 464 1229 512; x_wconf 90' lang='lat' dir='ltr'>ab</span> <span class='ocrx_word' id='word_1_25' title='bbox 1254 468 1422 529; x_wconf 92' lang='lat' dir='ltr'>amplo</span> <span class='ocrx_word' id='word_1_26' title='bbox 1452 468 1501 515; x_wconf 91' lang='lat' dir='ltr'>in</span> <span class='ocrx_word' id='word_1_27' title='bbox 1526 479 1790 532; x_wconf 85' lang='lat' dir='ltr'>angustum</span> <span class='ocrx_word' id='word_1_28' title='bbox 1816 471 1937 531; x_wconf 90' lang='lat' dir='ltr'>finit,</span> <span class='ocrx_word' id='word_1_29' title='bbox 1967 471 2093 521; x_wconf 87' lang='lat' dir='ltr'>sicut</span> 
     </span>
    </p>

    <p class='ocr_par' dir='ltr' id='par_1_4' title="bbox 281 540 2137 698">
     <span class='ocr_line' id='line_1_5' title="bbox 281 540 2090 615; baseline 0.007 -25"><span class='ocrx_word' id='word_1_30' title='bbox 281 544 316 590; x_wconf 89' lang='lat'>6</span> <span class='ocrx_word' id='word_1_31' title='bbox 340 540 689 604; x_wconf 81' lang='lat' dir='ltr'>orthogonium</span> <span class='ocrx_word' id='word_1_32' title='bbox 717 541 824 607; x_wconf 74' lang='lat' dir='ltr'>(seq.</span> <span class='ocrx_word' id='word_1_33' title='bbox 840 545 1047 610; x_wconf 73' lang='lat' dir='ltr'>figura).</span> <span class='ocrx_word' id='word_1_34' title='bbox 1122 546 1342 608; x_wconf 87' lang='lat' dir='ltr'>Pyramis</span> <span class='ocrx_word' id='word_1_35' title='bbox 1368 557 1442 597; x_wconf 90' lang='lat' dir='ltr'>est</span> <span class='ocrx_word' id='word_1_36' title='bbox 1468 551 1632 613; x_wconf 87' lang='lat' dir='ltr'>figura,</span> <span class='ocrx_word' id='word_1_37' title='bbox 1656 568 1783 615; x_wconf 88' lang='lat' dir='ltr'>quae</span> <span class='ocrx_word' id='word_1_38' title='bbox 1808 554 1858 601; x_wconf 93' lang='lat' dir='ltr'>in</span> <span class='ocrx_word' id='word_1_39' title='bbox 1883 556 2090 603; x_wconf 90' lang='lat' dir='ltr'>modum</span> 
     </span>
     <span class='ocr_line' id='line_1_6' title="bbox 340 620 2137 698; baseline 0.01 -30"><span class='ocrx_word' id='word_1_40' title='bbox 340 620 464 684; x_wconf 81' lang='lat' dir='ltr'>ignis</span> <span class='ocrx_word' id='word_1_41' title='bbox 490 623 554 671; x_wconf 91' lang='lat' dir='ltr'>ab</span> <span class='ocrx_word' id='word_1_42' title='bbox 579 626 747 686; x_wconf 91' lang='lat' dir='ltr'>amplo</span> <span class='ocrx_word' id='word_1_43' title='bbox 773 624 824 672; x_wconf 94' lang='lat' dir='ltr'>in</span> <span class='ocrx_word' id='word_1_44' title='bbox 848 642 1060 675; x_wconf 81' lang='lat' dir='ltr'>acumen</span> <span class='ocrx_word' id='word_1_45' title='bbox 1086 628 1337 692; x_wconf 84' lang='lat' dir='ltr'>consurgit</span> <span class='ocrx_word' id='word_1_46' title='bbox 1357 648 1368 690; x_wconf 80' lang='lat'>3</span> <span class='ocrx_word' id='word_1_47' title='bbox 1405 630 1529 694; x_wconf 89' lang='lat' dir='ltr'>ignis</span> <span class='ocrx_word' id='word_1_48' title='bbox 1557 634 1688 681; x_wconf 88' lang='lat' dir='ltr'>enim</span> <span class='ocrx_word' id='word_1_49' title='bbox 1714 636 1847 698; x_wconf 90' lang='lat' dir='ltr'>apud</span> <span class='ocrx_word' id='word_1_50' title='bbox 1873 637 2089 686; x_wconf 86' lang='lat' dir='ltr'>Graecos</span> <span class='ocrx_word' id='word_1_51' title='bbox 2116 654 2137 694; x_wconf 86' lang='lat'><strong><em>5</em></strong></span> 
     </span>
    </p>

    <p class='ocr_par' dir='ltr' id='par_1_5' title="bbox 283 705 2163 1410">
     <span class='ocr_line' id='line_1_7' title="bbox 283 705 2087 774; baseline 0.01 -25"><span class='ocrx_word' id='word_1_52' title='bbox 283 710 313 760; x_wconf 95' lang='lat'><strong>7</strong></span> <span class='ocrx_word' id='word_1_53' title='bbox 340 708 431 767; x_wconf 79' lang='grc' dir='ltr'>πῦρ</span> <span class='ocrx_word' id='word_1_54' title='bbox 467 707 741 768; x_wconf 88' lang='lat' dir='ltr'>appellatur</span> <span class='ocrx_word' id='word_1_55' title='bbox 772 705 879 770; x_wconf 77' lang='lat' dir='ltr'>(seq.</span> <span class='ocrx_word' id='word_1_56' title='bbox 906 708 1115 774; x_wconf 73' lang='lat' dir='ltr'>figura).</span> <span class='ocrx_word' id='word_1_57' title='bbox 1191 710 1326 759; x_wconf 89' lang='lat' dir='ltr'>Sicut</span> <span class='ocrx_word' id='word_1_58' title='bbox 1363 722 1530 761; x_wconf 90' lang='lat' dir='ltr'>autem</span> <span class='ocrx_word' id='word_1_59' title='bbox 1569 715 1693 763; x_wconf 88' lang='lat' dir='ltr'>infra</span> <span class='ocrx_word' id='word_1_60' title='bbox 1728 718 1775 763; x_wconf 95' lang='lat' dir='ltr'>X</span> <span class='ocrx_word' id='word_1_61' title='bbox 1813 717 1975 767; x_wconf 89' lang='lat' dir='ltr'>omnis</span> <span class='ocrx_word' id='word_1_62' title='bbox 2013 728 2087 768; x_wconf 88' lang='lat' dir='ltr'>est</span> 
     </span>
     <span class='ocr_line' id='line_1_8' title="bbox 337 788 2090 860; baseline 0.009 -27"><span class='ocrx_word' id='word_1_63' title='bbox 337 802 588 846; x_wconf 87' lang='lat' dir='ltr'>numerus,</span> <span class='ocrx_word' id='word_1_64' title='bbox 618 788 684 835; x_wconf 92' lang='lat' dir='ltr'>ita</span> <span class='ocrx_word' id='word_1_65' title='bbox 709 789 835 836; x_wconf 90' lang='lat' dir='ltr'>intra</span> <span class='ocrx_word' id='word_1_66' title='bbox 860 790 993 837; x_wconf 86' lang='lat' dir='ltr'>hunc</span> <span class='ocrx_word' id='word_1_67' title='bbox 1026 792 1263 840; x_wconf 90' lang='lat' dir='ltr'>circulum</span> <span class='ocrx_word' id='word_1_68' title='bbox 1296 795 1520 844; x_wconf 90' lang='lat' dir='ltr'>omnium</span> <span class='ocrx_word' id='word_1_69' title='bbox 1551 797 1813 860; x_wconf 89' lang='lat' dir='ltr'>figurarum</span> <span class='ocrx_word' id='word_1_70' title='bbox 1841 800 2090 849; x_wconf 89' lang='lat' dir='ltr'>concludi-</span> 
     </span>
     <span class='ocr_line' id='line_1_9' title="bbox 337 867 2089 945; baseline 0.01 -31"><span class='ocrx_word' id='word_1_71' title='bbox 337 877 414 916; x_wconf 92' lang='lat' dir='ltr'>tur</span> <span class='ocrx_word' id='word_1_72' title='bbox 438 867 655 918; x_wconf 84' lang='lat' dir='ltr'>ambitus</span> <span class='ocrx_word' id='word_1_73' title='bbox 682 870 790 934; x_wconf 82' lang='lat' dir='ltr'>(seq.</span> <span class='ocrx_word' id='word_1_74' title='bbox 813 871 1026 938; x_wconf 69' lang='lat' dir='ltr'>figura).</span> <span class='ocrx_word' id='word_1_75' title='bbox 1099 874 1263 923; x_wconf 90' lang='lat' dir='ltr'>Prima</span> <span class='ocrx_word' id='word_1_76' title='bbox 1288 886 1454 926; x_wconf 90' lang='lat' dir='ltr'>autem</span> <span class='ocrx_word' id='word_1_77' title='bbox 1482 880 1634 942; x_wconf 89' lang='lat' dir='ltr'>figura</span> <span class='ocrx_word' id='word_1_78' title='bbox 1659 880 1803 929; x_wconf 90' lang='lat' dir='ltr'>huius</span> <span class='ocrx_word' id='word_1_79' title='bbox 1828 882 1943 930; x_wconf 90' lang='lat' dir='ltr'>artis</span> <span class='ocrx_word' id='word_1_80' title='bbox 1969 899 2089 945; x_wconf 92' lang='lat' dir='ltr'>pun-</span> 
     </span>
     <span class='ocr_line' id='line_1_10' title="bbox 336 951 2086 1023; baseline 0.009 -25"><span class='ocrx_word' id='word_1_81' title='bbox 336 960 443 1000; x_wconf 91' lang='lat' dir='ltr'>ctus</span> <span class='ocrx_word' id='word_1_82' title='bbox 463 959 549 1011; x_wconf 89' lang='lat' dir='ltr'>est,</span> <span class='ocrx_word' id='word_1_83' title='bbox 572 951 711 1000; x_wconf 90' lang='lat' dir='ltr'>cuius</span> <span class='ocrx_word' id='word_1_84' title='bbox 733 969 842 1015; x_wconf 91' lang='lat' dir='ltr'>pars</span> <span class='ocrx_word' id='word_1_85' title='bbox 863 956 998 1002; x_wconf 92' lang='lat' dir='ltr'>nulla</span> <span class='ocrx_word' id='word_1_86' title='bbox 1015 964 1103 1004; x_wconf 85' lang='lat' dir='ltr'>est.</span> <span class='ocrx_word' id='word_1_87' title='bbox 1160 959 1391 1007; x_wconf 89' lang='lat' dir='ltr'>Secunda</span> <span class='ocrx_word' id='word_1_88' title='bbox 1406 959 1548 1021; x_wconf 91' lang='lat' dir='ltr'>linea,</span> <span class='ocrx_word' id='word_1_89' title='bbox 1569 971 1757 1023; x_wconf 89' lang='lat' dir='ltr'>praeter</span> <span class='ocrx_word' id='word_1_90' title='bbox 1773 962 2086 1014; x_wconf 90' lang='lat' dir='ltr'>latitudinem</span> 
     </span>
     <span class='ocr_line' id='line_1_11' title="bbox 335 1031 2163 1109; baseline 0.01 -32"><span class='ocrx_word' id='word_1_91' title='bbox 335 1031 611 1094; x_wconf 83' lang='lat' dir='ltr'>longitudo.</span> <span class='ocrx_word' id='word_1_92' title='bbox 686 1035 844 1083; x_wconf 86' lang='lat' dir='ltr'>Recta</span> <span class='ocrx_word' id='word_1_93' title='bbox 881 1035 1011 1085; x_wconf 90' lang='lat' dir='ltr'>linea</span> <span class='ocrx_word' id='word_1_94' title='bbox 1054 1048 1141 1098; x_wconf 88' lang='lat' dir='ltr'>est,</span> <span class='ocrx_word' id='word_1_95' title='bbox 1193 1057 1321 1102; x_wconf 89' lang='lat' dir='ltr'>quae</span> <span class='ocrx_word' id='word_1_96' title='bbox 1364 1059 1422 1089; x_wconf 86' lang='lat' dir='ltr'>ex</span> <span class='ocrx_word' id='word_1_97' title='bbox 1460 1058 1621 1105; x_wconf 86' lang='lat' dir='ltr'>aequo</span> <span class='ocrx_word' id='word_1_98' title='bbox 1660 1042 1710 1091; x_wconf 91' lang='lat' dir='ltr'>in</span> <span class='ocrx_word' id='word_1_99' title='bbox 1751 1044 1850 1094; x_wconf 89' lang='lat' dir='ltr'>suis</span> <span class='ocrx_word' id='word_1_100' title='bbox 1889 1046 2085 1109; x_wconf 89' lang='lat' dir='ltr'>punctis</span> <span class='ocrx_word' id='word_1_101' title='bbox 2114 1064 2163 1093; x_wconf 92' lang='lat'>10</span> 
     </span>
     <span class='ocr_line' id='line_1_12' title="bbox 335 1110 2085 1185; baseline 0.01 -26"><span class='ocrx_word' id='word_1_102' title='bbox 335 1110 477 1162; x_wconf 89' lang='lat' dir='ltr'>iacet.</span> <span class='ocrx_word' id='word_1_103' title='bbox 550 1115 845 1177; x_wconf 86' lang='lat' dir='ltr'>Superficies</span> <span class='ocrx_word' id='word_1_104' title='bbox 877 1135 1006 1179; x_wconf 87' lang='lat' dir='ltr'>vero,</span> <span class='ocrx_word' id='word_1_105' title='bbox 1036 1122 1173 1182; x_wconf 87' lang='lat' dir='ltr'>quod</span> <span class='ocrx_word' id='word_1_106' title='bbox 1204 1121 1539 1185; x_wconf 88' lang='lat' dir='ltr'>longitudines</span> <span class='ocrx_word' id='word_1_107' title='bbox 1571 1135 1618 1173; x_wconf 93' lang='lat' dir='ltr'>et</span> <span class='ocrx_word' id='word_1_108' title='bbox 1647 1127 1930 1175; x_wconf 88' lang='lat' dir='ltr'>latitudines</span> <span class='ocrx_word' id='word_1_109' title='bbox 1957 1130 2085 1177; x_wconf 90' lang='lat' dir='ltr'>solas</span> 
     </span>
     <span class='ocr_line' id='line_1_13' title="bbox 334 1195 2086 1269; baseline 0.01 -28"><span class='ocrx_word' id='word_1_110' title='bbox 334 1195 497 1243; x_wconf 89' lang='lat' dir='ltr'>habet.</span> <span class='ocrx_word' id='word_1_111' title='bbox 573 1198 860 1261; x_wconf 88' lang='lat' dir='ltr'>Superficiei</span> <span class='ocrx_word' id='word_1_112' title='bbox 887 1217 1001 1249; x_wconf 88' lang='lat' dir='ltr'>vero</span> <span class='ocrx_word' id='word_1_113' title='bbox 1028 1203 1151 1250; x_wconf 89' lang='lat' dir='ltr'>fines</span> <span class='ocrx_word' id='word_1_114' title='bbox 1183 1204 1341 1252; x_wconf 90' lang='lat' dir='ltr'>lineae</span> <span class='ocrx_word' id='word_1_115' title='bbox 1367 1214 1493 1265; x_wconf 89' lang='lat' dir='ltr'>sunt,</span> <span class='ocrx_word' id='word_1_116' title='bbox 1524 1223 1734 1269; x_wconf 89' lang='lat' dir='ltr'>quorum</span> <span class='ocrx_word' id='word_1_117' title='bbox 1761 1209 1946 1257; x_wconf 90' lang='lat' dir='ltr'>formae</span> <span class='ocrx_word' id='word_1_118' title='bbox 1971 1209 2086 1259; x_wconf 88' lang='lat' dir='ltr'>ideo</span> 
     </span>
     <span class='ocr_line' id='line_1_14' title="bbox 333 1275 2083 1353; baseline 0.01 -30"><span class='ocrx_word' id='word_1_119' title='bbox 333 1275 383 1324; x_wconf 91' lang='lat' dir='ltr'>in</span> <span class='ocrx_word' id='word_1_120' title='bbox 415 1278 748 1340; x_wconf 87' lang='lat' dir='ltr'>superioribus</span> <span class='ocrx_word' id='word_1_121' title='bbox 781 1282 955 1331; x_wconf 91' lang='lat' dir='ltr'>decem</span> <span class='ocrx_word' id='word_1_122' title='bbox 991 1283 1156 1346; x_wconf 88' lang='lat' dir='ltr'>figuris</span> <span class='ocrx_word' id='word_1_123' title='bbox 1189 1286 1378 1348; x_wconf 87' lang='lat' dir='ltr'>positae</span> <span class='ocrx_word' id='word_1_124' title='bbox 1412 1305 1513 1336; x_wconf 94' lang='lat' dir='ltr'>non</span> <span class='ocrx_word' id='word_1_125' title='bbox 1549 1298 1676 1349; x_wconf 87' lang='lat' dir='ltr'>sunt,</span> <span class='ocrx_word' id='word_1_126' title='bbox 1705 1291 1821 1353; x_wconf 87' lang='lat' dir='ltr'>quia</span> <span class='ocrx_word' id='word_1_127' title='bbox 1851 1291 1977 1340; x_wconf 87' lang='lat' dir='ltr'>inter</span> <span class='ocrx_word' id='word_1_128' title='bbox 2002 1309 2083 1341; x_wconf 91' lang='lat' dir='ltr'>eas</span> 
     </span>
     <span class='ocr_line' id='line_1_15' title="bbox 332 1357 661 1410; baseline 0.009 -4"><span class='ocrx_word' id='word_1_129' title='bbox 332 1357 661 1410; x_wconf 86' lang='lat' dir='ltr'>inveniuntur.</span> 
     </span>
    </p>

    <p class='ocr_par' dir='ltr' id='par_1_6' title="bbox 201 1440 2155 1832">
     <span class='ocr_line' id='line_1_16' title="bbox 201 1440 2155 1511; baseline 0.01 -24"><span class='ocrx_word' id='word_1_130' title='bbox 201 1440 308 1480; x_wconf 91' lang='lat' dir='ltr'>XIII</span> <span class='ocrx_word' id='word_1_131' title='bbox 468 1444 553 1490; x_wconf 80' lang='lat' dir='ltr'>DE</span> <span class='ocrx_word' id='word_1_132' title='bbox 590 1459 827 1494; x_wconf 87' lang='lat' dir='ltr'>NVMERIS</span> <span class='ocrx_word' id='word_1_133' title='bbox 872 1448 1246 1498; x_wconf 85' lang='lat' dir='ltr'>GEOMETRIAE.</span> <span class='ocrx_word' id='word_1_134' title='bbox 1323 1453 1572 1502; x_wconf 89' lang='lat' dir='ltr'>Numeros</span> <span class='ocrx_word' id='word_1_135' title='bbox 1605 1463 1770 1502; x_wconf 89' lang='lat' dir='ltr'>autem</span> <span class='ocrx_word' id='word_1_136' title='bbox 1803 1458 2078 1505; x_wconf 90' lang='lat' dir='ltr'>secundum</span> <span class='ocrx_word' id='word_1_137' title='bbox 2111 1471 2155 1511; x_wconf 83' lang='lat'>15</span> 
     </span>
     <span class='ocr_line' id='line_1_17' title="bbox 332 1524 2080 1600; baseline 0.01 -30"><span class='ocrx_word' id='word_1_138' title='bbox 332 1524 670 1573; x_wconf 87' lang='lat' dir='ltr'>Geometriam</span> <span class='ocrx_word' id='word_1_139' title='bbox 717 1526 782 1575; x_wconf 91' lang='lat' dir='ltr'>ita</span> <span class='ocrx_word' id='word_1_140' title='bbox 825 1529 1036 1591; x_wconf 89' lang='lat' dir='ltr'>quaeris.</span> <span class='ocrx_word' id='word_1_141' title='bbox 1111 1533 1341 1581; x_wconf 83' lang='lat' dir='ltr'>Extrema</span> <span class='ocrx_word' id='word_1_142' title='bbox 1385 1533 1569 1597; x_wconf 87' lang='lat' dir='ltr'>quippe</span> <span class='ocrx_word' id='word_1_143' title='bbox 1613 1535 1716 1584; x_wconf 91' lang='lat' dir='ltr'>eius</span> <span class='ocrx_word' id='word_1_144' title='bbox 1761 1537 2080 1600; x_wconf 90' lang='lat' dir='ltr'>multiplicata</span> 
     </span>
     <span class='ocr_line' id='line_1_18' title="bbox 332 1608 2081 1681; baseline 0.01 -30"><span class='ocrx_word' id='word_1_145' title='bbox 332 1613 526 1653; x_wconf 89' lang='lat' dir='ltr'>tantum</span> <span class='ocrx_word' id='word_1_146' title='bbox 566 1608 765 1668; x_wconf 85' lang='lat' dir='ltr'>faciunt,</span> <span class='ocrx_word' id='word_1_147' title='bbox 807 1620 1048 1672; x_wconf 88' lang='lat' dir='ltr'>quantum</span> <span class='ocrx_word' id='word_1_148' title='bbox 1093 1622 1140 1661; x_wconf 90' lang='lat' dir='ltr'>et</span> <span class='ocrx_word' id='word_1_149' title='bbox 1186 1614 1350 1664; x_wconf 88' lang='lat' dir='ltr'>media</span> <span class='ocrx_word' id='word_1_150' title='bbox 1389 1617 1670 1678; x_wconf 91' lang='lat' dir='ltr'>duplicata:</span> <span class='ocrx_word' id='word_1_151' title='bbox 1725 1627 1900 1681; x_wconf 89' lang='lat' dir='ltr'>utputa</span> <span class='ocrx_word' id='word_1_152' title='bbox 1939 1635 1989 1667; x_wconf 85' lang='lat' dir='ltr'>VI</span> <span class='ocrx_word' id='word_1_153' title='bbox 2033 1630 2081 1669; x_wconf 90' lang='lat' dir='ltr'>et</span> 
     </span>
     <span class='ocr_line' id='line_1_19' title="bbox 330 1689 2078 1760; baseline 0.01 -27"><span class='ocrx_word' id='word_1_154' title='bbox 330 1701 406 1733; x_wconf 83' lang='lat' dir='ltr'>XII</span> <span class='ocrx_word' id='word_1_155' title='bbox 435 1689 760 1751; x_wconf 86' lang='lat' dir='ltr'>multiplicata</span> <span class='ocrx_word' id='word_1_156' title='bbox 788 1691 971 1741; x_wconf 88' lang='lat' dir='ltr'>faciunt</span> <span class='ocrx_word' id='word_1_157' title='bbox 1003 1695 1280 1758; x_wconf 85' lang='lat' dir='ltr'>septuagies</span> <span class='ocrx_word' id='word_1_158' title='bbox 1316 1696 1599 1760; x_wconf 85' lang='lat' dir='ltr'>dipondius,</span> <span class='ocrx_word' id='word_1_159' title='bbox 1628 1699 1791 1748; x_wconf 90' lang='lat' dir='ltr'>media</span> <span class='ocrx_word' id='word_1_160' title='bbox 1825 1716 1917 1748; x_wconf 82' lang='lat' dir='ltr'>vm</span> <span class='ocrx_word' id='word_1_161' title='bbox 1950 1711 1998 1750; x_wconf 92' lang='lat' dir='ltr'>et</span> <span class='ocrx_word' id='word_1_162' title='bbox 2024 1717 2078 1749; x_wconf 88' lang='lat' dir='ltr'>IX</span> 
     </span>
     <span class='ocr_line' id='line_1_20' title="bbox 331 1769 1200 1832; baseline 0.01 -17"><span class='ocrx_word' id='word_1_163' title='bbox 331 1769 654 1832; x_wconf 87' lang='lat' dir='ltr'>multiplicata</span> <span class='ocrx_word' id='word_1_164' title='bbox 680 1775 974 1822; x_wconf 87' lang='lat' dir='ltr'>tantundem</span> <span class='ocrx_word' id='word_1_165' title='bbox 1001 1775 1200 1824; x_wconf 88' lang='lat' dir='ltr'>faciunt.</span> 
     </span>
    </p>

    <p class='ocr_par' dir='ltr' id='par_1_7' title="bbox 175 1854 2154 2499">
     <span class='ocr_line' id='line_1_21' title="bbox 175 1854 2154 1914; baseline 0.009 -17"><span class='ocrx_word' id='word_1_166' title='bbox 175 1859 305 1914; x_wconf 76' lang='lat' dir='ltr'>[XIV</span> <span class='ocrx_word' id='word_1_167' title='bbox 467 1854 757 1902; x_wconf 63' lang='lat' dir='ltr'>Exposui-10</span> <span class='ocrx_word' id='word_1_168' title='bbox 786 1870 1095 1905; x_wconf 81' lang='lat' dir='ltr'><strong>FIGVRARVM</strong></span> <span class='ocrx_word' id='word_1_169' title='bbox 1125 1874 1286 1906; x_wconf 82' lang='lat' dir='ltr'><strong>INFRA</strong></span> <span class='ocrx_word' id='word_1_170' title='bbox 1312 1875 1660 1910; x_wconf 82' lang='lat' dir='ltr'>SCRIPTARVM.</span> <span class='ocrx_word' id='word_1_171' title='bbox 1739 1863 1852 1912; x_wconf 89' lang='lat' dir='ltr'>Alia</span> <span class='ocrx_word' id='word_1_172' title='bbox 1876 1866 2000 1913; x_wconf 90' lang='lat' dir='ltr'>ratio</span> <span class='ocrx_word' id='word_1_173' title='bbox 2026 1865 2075 1913; x_wconf 91' lang='lat' dir='ltr'>in</span> <span class='ocrx_word' id='word_1_174' title='bbox 2105 1879 2154 1906; x_wconf 87' lang='lat'>20</span> 
     </span>
     <span class='ocr_line' id='line_1_22' title="bbox 328 1937 2077 2008; baseline 0.009 -27"><span class='ocrx_word' id='word_1_175' title='bbox 328 1943 466 1982; x_wconf 90' lang='lat' dir='ltr'>motu</span> <span class='ocrx_word' id='word_1_176' title='bbox 499 1937 746 1983; x_wconf 89' lang='lat' dir='ltr'>stellarum</span> <span class='ocrx_word' id='word_1_177' title='bbox 779 1937 1000 1986; x_wconf 86' lang='lat' dir='ltr'>similiter</span> <span class='ocrx_word' id='word_1_178' title='bbox 1032 1950 1147 1988; x_wconf 89' lang='lat' dir='ltr'>octo</span> <span class='ocrx_word' id='word_1_179' title='bbox 1177 1943 1341 2004; x_wconf 89' lang='lat' dir='ltr'>figuris</span> <span class='ocrx_word' id='word_1_180' title='bbox 1376 1942 1647 2006; x_wconf 89' lang='lat' dir='ltr'>colligitur:</span> <span class='ocrx_word' id='word_1_181' title='bbox 1691 1953 1775 1993; x_wconf 91' lang='lat' dir='ltr'>aut</span> <span class='ocrx_word' id='word_1_182' title='bbox 1808 1948 1943 2008; x_wconf 89' lang='lat' dir='ltr'>quod</span> <span class='ocrx_word' id='word_1_183' title='bbox 1978 1947 2077 1996; x_wconf 86' lang='lat' dir='ltr'>dia-</span> 
     </span>
     <span class='ocr_line' id='line_1_23' title="bbox 327 2015 2077 2091; baseline 0.01 -30"><span class='ocrx_word' id='word_1_184' title='bbox 327 2024 480 2063; x_wconf 87' lang='lat' dir='ltr'>metra</span> <span class='ocrx_word' id='word_1_185' title='bbox 506 2015 603 2064; x_wconf 86' lang='lat' dir='ltr'>sint</span> <span class='ocrx_word' id='word_1_186' title='bbox 626 2027 711 2065; x_wconf 87' lang='lat' dir='ltr'>aut</span> <span class='ocrx_word' id='word_1_187' title='bbox 738 2021 978 2081; x_wconf 86' lang='lat' dir='ltr'>quadrata</span> <span class='ocrx_word' id='word_1_188' title='bbox 1009 2031 1093 2071; x_wconf 92' lang='lat' dir='ltr'>aut</span> <span class='ocrx_word' id='word_1_189' title='bbox 1119 2022 1308 2085; x_wconf 89' lang='lat' dir='ltr'>trigona</span> <span class='ocrx_word' id='word_1_190' title='bbox 1331 2033 1416 2072; x_wconf 92' lang='lat' dir='ltr'>aut</span> <span class='ocrx_word' id='word_1_191' title='bbox 1449 2026 1705 2089; x_wconf 85' lang='lat' dir='ltr'>hexagona</span> <span class='ocrx_word' id='word_1_192' title='bbox 1728 2036 1812 2075; x_wconf 88' lang='lat' dir='ltr'>aut</span> <span class='ocrx_word' id='word_1_193' title='bbox 1837 2031 2077 2091; x_wconf 87' lang='lat' dir='ltr'>asyndeta</span> 
     </span>
     <span class='ocr_line' id='line_1_24' title="bbox 325 2097 2071 2173; baseline 0.01 -30"><span class='ocrx_word' id='word_1_194' title='bbox 325 2106 410 2144; x_wconf 91' lang='lat' dir='ltr'>aut</span> <span class='ocrx_word' id='word_1_195' title='bbox 436 2097 581 2145; x_wconf 90' lang='lat' dir='ltr'>simul</span> <span class='ocrx_word' id='word_1_196' title='bbox 606 2109 690 2147; x_wconf 88' lang='lat' dir='ltr'>aut</span> <span class='ocrx_word' id='word_1_197' title='bbox 717 2099 1080 2163; x_wconf 89' lang='lat' dir='ltr'>circumferens,</span> <span class='ocrx_word' id='word_1_198' title='bbox 1110 2103 1161 2152; x_wconf 92' lang='lat' dir='ltr'>id</span> <span class='ocrx_word' id='word_1_199' title='bbox 1195 2115 1268 2154; x_wconf 86' lang='lat' dir='ltr'>est</span> <span class='ocrx_word' id='word_1_200' title='bbox 1303 2108 1611 2169; x_wconf 87' lang='lat' dir='ltr'>superfere-ns</span> <span class='ocrx_word' id='word_1_201' title='bbox 1642 2117 1726 2157; x_wconf 89' lang='lat' dir='ltr'>aut</span> <span class='ocrx_word' id='word_1_202' title='bbox 1760 2112 2071 2173; x_wconf 89' lang='lat' dir='ltr'>superfertur.</span> 
     </span>
     <span class='ocr_line' id='line_1_25' title="bbox 326 2178 2070 2258; baseline 0.01 -33"><span class='ocrx_word' id='word_1_203' title='bbox 326 2178 581 2227; x_wconf 91' lang='lat' dir='ltr'>Diametra</span> <span class='ocrx_word' id='word_1_204' title='bbox 618 2191 732 2230; x_wconf 91' lang='lat' dir='ltr'>sunt</span> <span class='ocrx_word' id='word_1_205' title='bbox 770 2186 973 2245; x_wconf 83' lang='lat' dir='ltr'>quando</span> <span class='ocrx_word' id='word_1_206' title='bbox 1010 2188 1231 2250; x_wconf 85' lang='lat' dir='ltr'>quinque</span> <span class='ocrx_word' id='word_1_207' title='bbox 1269 2187 1407 2251; x_wconf 88' lang='lat' dir='ltr'>signa</span> <span class='ocrx_word' id='word_1_208' title='bbox 1446 2189 1704 2240; x_wconf 89' lang='lat' dir='ltr'>intersunt.</span> <span class='ocrx_word' id='word_1_209' title='bbox 1776 2195 2070 2258; x_wconf 88' lang='lat' dir='ltr'>Tetragona,</span> 
     </span>
     <span class='ocr_line' id='line_1_26' title="bbox 323 2263 2146 2337; baseline 0.008 -30"><span class='ocrx_word' id='word_1_210' title='bbox 323 2263 526 2322; x_wconf 80' lang='lat' dir='ltr'>quando</span> <span class='ocrx_word' id='word_1_211' title='bbox 552 2263 666 2311; x_wconf 90' lang='lat' dir='ltr'>duo.</span> <span class='ocrx_word' id='word_1_212' title='bbox 742 2267 1030 2328; x_wconf 80' lang='lat' dir='ltr'>Hexagona,</span> <span class='ocrx_word' id='word_1_213' title='bbox 1061 2271 1264 2331; x_wconf 86' lang='lat' dir='ltr'>quando</span> <span class='ocrx_word' id='word_1_214' title='bbox 1290 2286 1459 2318; x_wconf 90' lang='lat' dir='ltr'>unum.</span> <span class='ocrx_word' id='word_1_215' title='bbox 1533 2274 1840 2335; x_wconf 86' lang='lat' dir='ltr'>Asyndeton,</span> <span class='ocrx_word' id='word_1_216' title='bbox 1869 2278 2072 2337; x_wconf 89' lang='lat' dir='ltr'>quando</span> <span class='ocrx_word' id='word_1_217' title='bbox 2099 2295 2146 2335; x_wconf 85' lang='lat'>25</span> 
     </span>
     <span class='ocr_line' id='line_1_27' title="bbox 322 2343 2067 2418; baseline 0.011 -30"><span class='ocrx_word' id='word_1_218' title='bbox 322 2343 528 2391; x_wconf 89' lang='lat' dir='ltr'>nullum.</span> <span class='ocrx_word' id='word_1_219' title='bbox 603 2344 772 2406; x_wconf 90' lang='lat' dir='ltr'>Simul,</span> <span class='ocrx_word' id='word_1_220' title='bbox 792 2349 995 2409; x_wconf 88' lang='lat' dir='ltr'>quando</span> <span class='ocrx_word' id='word_1_221' title='bbox 1015 2348 1065 2396; x_wconf 94' lang='lat' dir='ltr'>in</span> <span class='ocrx_word' id='word_1_222' title='bbox 1086 2351 1258 2398; x_wconf 72' lang='lat' dir='ltr'>eaden]</span> <span class='ocrx_word' id='word_1_223' title='bbox 1286 2352 1524 2414; x_wconf 86' lang='lat' dir='ltr'>particula</span> <span class='ocrx_word' id='word_1_224' title='bbox 1545 2362 1670 2403; x_wconf 90' lang='lat' dir='ltr'>sunt.</span> <span class='ocrx_word' id='word_1_225' title='bbox 1736 2356 2067 2418; x_wconf 87' lang='lat' dir='ltr'>Superferens‚</span> 
     </span>
     <span class='ocr_line' id='line_1_28' title="bbox 322 2427 2071 2499; baseline 0.01 -28"><span class='ocrx_word' id='word_1_226' title='bbox 322 2427 525 2487; x_wconf 87' lang='lat' dir='ltr'>quando</span> <span class='ocrx_word' id='word_1_227' title='bbox 552 2429 833 2488; x_wconf 87' lang='lat' dir='ltr'>supervenit</span> <span class='ocrx_word' id='word_1_228' title='bbox 862 2439 946 2478; x_wconf 89' lang='lat' dir='ltr'>aut</span> <span class='ocrx_word' id='word_1_229' title='bbox 975 2440 1141 2479; x_wconf 89' lang='lat' dir='ltr'>actum</span> <span class='ocrx_word' id='word_1_230' title='bbox 1173 2432 1301 2481; x_wconf 90' lang='lat' dir='ltr'>facit.</span> <span class='ocrx_word' id='word_1_231' title='bbox 1374 2435 1683 2496; x_wconf 86' lang='lat' dir='ltr'>Superfertur</span> <span class='ocrx_word' id='word_1_232' title='bbox 1712 2439 1914 2499; x_wconf 89' lang='lat' dir='ltr'>quando</span> <span class='ocrx_word' id='word_1_233' title='bbox 1939 2449 2071 2488; x_wconf 92' lang='lat' dir='ltr'>ante-</span> 
     </span>
    </p>

    <p class='ocr_par' dir='ltr' id='par_1_8' title="bbox 268 2506 2068 2664">
     <span class='ocr_line' id='line_1_29' title="bbox 268 2506 2068 2573; baseline 0.009 -20"><span class='ocrx_word' id='word_1_234' title='bbox 268 2519 299 2553; x_wconf 86' lang='lat'><strong>2</strong></span> <span class='ocrx_word' id='word_1_235' title='bbox 322 2506 470 2554; x_wconf 91' lang='lat' dir='ltr'>cedit.</span> <span class='ocrx_word' id='word_1_236' title='bbox 541 2510 585 2555; x_wconf 91' lang='lat' dir='ltr'>T</span> <span class='ocrx_word' id='word_1_237' title='bbox 589 2507 771 2571; x_wconf 85' lang='lat' dir='ltr'>rigona,</span> <span class='ocrx_word' id='word_1_238' title='bbox 801 2513 1004 2573; x_wconf 87' lang='lat' dir='ltr'>quando</span> <span class='ocrx_word' id='word_1_239' title='bbox 1024 2513 1114 2561; x_wconf 89' lang='lat' dir='ltr'>tria</span> <span class='ocrx_word' id='word_1_240' title='bbox 1140 2515 1316 2564; x_wconf 89' lang='lat' dir='ltr'>media.</span> <span class='ocrx_word' id='word_1_241' title='bbox 1375 2516 1503 2564; x_wconf 90' lang='lat' dir='ltr'>Item</span> <span class='ocrx_word' id='word_1_242' title='bbox 1531 2519 1807 2566; x_wconf 90' lang='lat' dir='ltr'>secundum</span> <span class='ocrx_word' id='word_1_243' title='bbox 1827 2521 2068 2570; x_wconf 88' lang='lat' dir='ltr'>rationem</span> 
     </span>
     <span class='ocr_line' id='line_1_30' title="bbox 320 2587 2068 2664; baseline 0.01 -29"><span class='ocrx_word' id='word_1_244' title='bbox 320 2587 465 2636; x_wconf 88' lang='lat' dir='ltr'>aliam</span> <span class='ocrx_word' id='word_1_245' title='bbox 493 2599 607 2638; x_wconf 91' lang='lat' dir='ltr'>sunt</span> <span class='ocrx_word' id='word_1_246' title='bbox 633 2600 748 2639; x_wconf 94' lang='lat' dir='ltr'>octo</span> <span class='ocrx_word' id='word_1_247' title='bbox 774 2591 1091 2656; x_wconf 88' lang='lat' dir='ltr'>differentiae,</span> <span class='ocrx_word' id='word_1_248' title='bbox 1120 2595 1171 2644; x_wconf 93' lang='lat' dir='ltr'>id</span> <span class='ocrx_word' id='word_1_249' title='bbox 1201 2606 1305 2646; x_wconf 90' lang='lat' dir='ltr'>est:</span> <span class='ocrx_word' id='word_1_250' title='bbox 1345 2597 1553 2661; x_wconf 87' lang='lat' dir='ltr'>signum,</span> <span class='ocrx_word' id='word_1_251' title='bbox 1581 2609 1756 2662; x_wconf 86' lang='lat' dir='ltr'>partes,</span> <span class='ocrx_word' id='word_1_252' title='bbox 1785 2602 1921 2664; x_wconf 88' lang='lat' dir='ltr'>fines,</span> <span class='ocrx_word' id='word_1_253' title='bbox 1950 2621 2068 2653; x_wconf 90' lang='lat' dir='ltr'>con-</span> 
     </span>
    </p>
   </div>
   <div class='ocr_carea' id='block_1_3' title="bbox 318 2719 2066 2889">
    <p class='ocr_par' dir='ltr' id='par_1_9' title="bbox 318 2719 2066 2889">
     <span class='ocr_line' id='line_1_31' title="bbox 379 2719 2066 2788; baseline 0.011 -33"><span class='ocrx_word' id='word_1_254' title='bbox 379 2731 393 2756; x_wconf 92' lang='lat'>1</span> <span class='ocrx_word' id='word_1_255' title='bbox 428 2719 648 2758; x_wconf 88' lang='lat' dir='ltr'>latitudine</span> <span class='ocrx_word' id='word_1_256' title='bbox 670 2734 754 2760; x_wconf 84' lang='lat' dir='ltr'>om.</span> <span class='ocrx_word' id='word_1_257' title='bbox 783 2722 820 2760; x_wconf 94' lang='lat' dir='ltr'><em>T</em></span> <span class='ocrx_word' id='word_1_258' title='bbox 837 2723 941 2774; x_wconf 80' lang='lat' dir='ltr'>(non</span> <span class='ocrx_word' id='word_1_259' title='bbox 968 2725 1022 2775; x_wconf 86' lang='lat' dir='ltr'>U)</span> <span class='ocrx_word' id='word_1_260' title='bbox 1137 2733 1249 2766; x_wconf 92' lang='lat' dir='ltr'>cont.</span> <span class='ocrx_word' id='word_1_261' title='bbox 1271 2728 1314 2766; x_wconf 89' lang='lat' dir='ltr'>in</span> <span class='ocrx_word' id='word_1_262' title='bbox 1336 2728 1515 2767; x_wconf 84' lang='lat' dir='ltr'>solibum</span> <span class='ocrx_word' id='word_1_263' title='bbox 1534 2730 1576 2768; x_wconf 91' lang='lat' dir='ltr'>in</span> <span class='ocrx_word' id='word_1_264' title='bbox 1594 2731 1773 2771; x_wconf 87' lang='lat' dir='ltr'>solidum</span> <span class='ocrx_word' id='word_1_265' title='bbox 1791 2731 1867 2770; x_wconf 90' lang='lat' dir='ltr'>CT</span> <span class='ocrx_word' id='word_1_266' title='bbox 1885 2733 1987 2781; x_wconf 86' lang='lat' dir='ltr'>(non</span> <span class='ocrx_word' id='word_1_267' title='bbox 2008 2734 2066 2788; x_wconf 85' lang='lat' dir='ltr'>U)</span> 
     </span>
     <span class='ocr_line' id='line_1_32' title="bbox 318 2774 2063 2839; baseline 0.01 -29"><span class='ocrx_word' id='word_1_268' title='bbox 318 2785 342 2822; x_wconf 88' lang='lat'>5</span> <span class='ocrx_word' id='word_1_269' title='bbox 374 2774 417 2811; x_wconf 92' lang='lat' dir='ltr'>in</span> <span class='ocrx_word' id='word_1_270' title='bbox 438 2775 578 2824; x_wconf 87' lang='lat' dir='ltr'>amplo</span> <span class='ocrx_word' id='word_1_271' title='bbox 600 2775 643 2812; x_wconf 91' lang='lat' dir='ltr'><em>B</em></span> <span class='ocrx_word' id='word_1_272' title='bbox 752 2779 886 2828; x_wconf 87' lang='lat' dir='ltr'>surgit</span> <span class='ocrx_word' id='word_1_273' title='bbox 903 2779 945 2816; x_wconf 85' lang='lat' dir='ltr'><em>A</em></span> <span class='ocrx_word' id='word_1_274' title='bbox 959 2779 997 2817; x_wconf 91' lang='lat' dir='ltr'><em>T</em></span> <span class='ocrx_word' id='word_1_275' title='bbox 1101 2781 1213 2819; x_wconf 89' lang='lat' dir='ltr'>enirn</span> <span class='ocrx_word' id='word_1_276' title='bbox 1234 2796 1318 2821; x_wconf 85' lang='lat' dir='ltr'>om.</span> <span class='ocrx_word' id='word_1_277' title='bbox 1339 2782 1386 2820; x_wconf 90' lang='lat' dir='ltr'><em>K</em></span> <span class='ocrx_word' id='word_1_278' title='bbox 1405 2784 1507 2834; x_wconf 83' lang='lat' dir='ltr'>(non</span> <span class='ocrx_word' id='word_1_279' title='bbox 1526 2785 1590 2835; x_wconf 85' lang='lat' dir='ltr'>A)</span> <span class='ocrx_word' id='word_1_280' title='bbox 1758 2789 1785 2825; x_wconf 87' lang='lat'><strong>6</strong></span> <span class='ocrx_word' id='word_1_281' title='bbox 1812 2787 1905 2839; x_wconf 81' lang='grc' dir='ltr'>πῦρ]</span> <span class='ocrx_word' id='word_1_282' title='bbox 1926 2789 2063 2838; x_wconf 90' lang='lat' dir='ltr'>pirum</span> 
     </span>
     <span class='ocr_line' id='line_1_33' title="bbox 321 2828 2063 2889; baseline 0.01 -24"><span class='ocrx_word' id='word_1_283' title='bbox 321 2832 388 2878; x_wconf 85' lang='lat' dir='ltr'>(ex</span> <span class='ocrx_word' id='word_1_284' title='bbox 406 2830 546 2878; x_wconf 69' lang='lat' dir='ltr'>prum)</span> <span class='ocrx_word' id='word_1_285' title='bbox 575 2828 634 2869; x_wconf 92' lang='lat' dir='ltr'>T:</span> <span class='ocrx_word' id='word_1_286' title='bbox 664 2831 788 2880; x_wconf 90' lang='lat' dir='ltr'>pirim</span> <span class='ocrx_word' id='word_1_287' title='bbox 807 2833 848 2870; x_wconf 82' lang='lat' dir='ltr'><em>A</em></span> <span class='ocrx_word' id='word_1_288' title='bbox 871 2848 880 2872; x_wconf 74' lang='grc' dir='ltr'>ε</span> <span class='ocrx_word' id='word_1_289' title='bbox 910 2834 1051 2883; x_wconf 89' lang='lat' dir='ltr'>phirin</span> <span class='ocrx_word' id='word_1_290' title='bbox 1075 2835 1133 2874; x_wconf 89' lang='lat' dir='ltr'>C:</span> <span class='ocrx_word' id='word_1_291' title='bbox 1162 2837 1272 2886; x_wconf 90' lang='lat' dir='ltr'>pirin</span> <span class='ocrx_word' id='word_1_292' title='bbox 1292 2837 1359 2875; x_wconf 83' lang='lat' dir='ltr'>B:</span> <span class='ocrx_word' id='word_1_293' title='bbox 1389 2839 1547 2889; x_wconf 86' lang='lat' dir='ltr'>phyrin</span> <span class='ocrx_word' id='word_1_294' title='bbox 1568 2839 1615 2877; x_wconf 91' lang='lat' dir='ltr'><em>K</em></span> <span class='ocrx_word' id='word_1_295' title='bbox 1793 2854 1815 2889; x_wconf 95' lang='lat'><strong>7</strong></span> <span class='ocrx_word' id='word_1_296' title='bbox 1846 2843 1958 2881; x_wconf 86' lang='lat' dir='ltr'>intra</span> <span class='ocrx_word' id='word_1_297' title='bbox 1977 2857 2063 2883; x_wconf 92' lang='lat' dir='ltr'>uno</span> 
     </span>
    </p>
   </div>
   <div class='ocr_carea' id='block_1_4' title="bbox 314 2882 2064 3215">
    <p class='ocr_par' dir='ltr' id='par_1_10' title="bbox 314 2882 2064 3215">
     <span class='ocr_line' id='line_1_34' title="bbox 318 2882 2064 2950; baseline 0.009 -30"><span class='ocrx_word' id='word_1_298' title='bbox 318 2883 472 2921; x_wconf 91' lang='lat' dir='ltr'>circulo</span> <span class='ocrx_word' id='word_1_299' title='bbox 494 2882 607 2922; x_wconf 80' lang='lat' dir='ltr'>BlCl</span> <span class='ocrx_word' id='word_1_300' title='bbox 627 2887 729 2935; x_wconf 84' lang='lat' dir='ltr'>(non</span> <span class='ocrx_word' id='word_1_301' title='bbox 749 2886 815 2937; x_wconf 82' lang='lat' dir='ltr'>A)</span> <span class='ocrx_word' id='word_1_302' title='bbox 938 2890 963 2927; x_wconf 88' lang='grc'>8</span> <span class='ocrx_word' id='word_1_303' title='bbox 992 2895 1172 2938; x_wconf 79' lang='lat' dir='ltr'>punctus</span> <span class='ocrx_word' id='word_1_304' title='bbox 1193 2892 1311 2930; x_wconf 84' lang='lat' dir='ltr'>cuius</span> <span class='ocrx_word' id='word_1_305' title='bbox 1336 2891 1386 2930; x_wconf 80' lang='lat' dir='ltr'>Cl</span> <span class='ocrx_word' id='word_1_306' title='bbox 1510 2906 1560 2932; x_wconf 94' lang='lat'>10</span> <span class='ocrx_word' id='word_1_307' title='bbox 1589 2907 1673 2944; x_wconf 91' lang='lat' dir='ltr'>que</span> <span class='ocrx_word' id='word_1_308' title='bbox 1694 2907 1773 2944; x_wconf 85' lang='lat' dir='ltr'>per</span> <span class='ocrx_word' id='word_1_309' title='bbox 1793 2909 1848 2934; x_wconf 86' lang='lat' dir='ltr'>ex</span> <span class='ocrx_word' id='word_1_310' title='bbox 1867 2910 1975 2946; x_wconf 85' lang='lat' dir='ltr'>equo</span> <span class='ocrx_word' id='word_1_311' title='bbox 1996 2899 2064 2950; x_wconf 87' lang='lat' dir='ltr'>(ex</span> 
     </span>
     <span class='ocr_line' id='line_1_35' title="bbox 317 2937 2057 3005; baseline 0.009 -30"><span class='ocrx_word' id='word_1_312' title='bbox 317 2937 422 2987; x_wconf 83' lang='lat' dir='ltr'>quo)</span> <span class='ocrx_word' id='word_1_313' title='bbox 450 2938 487 2976; x_wconf 91' lang='lat' dir='ltr'><em>T</em></span> <span class='ocrx_word' id='word_1_314' title='bbox 601 2952 646 2978; x_wconf 93' lang='lat'>11</span> <span class='ocrx_word' id='word_1_315' title='bbox 669 2941 804 2992; x_wconf 87' lang='lat' dir='ltr'>quod]</span> <span class='ocrx_word' id='word_1_316' title='bbox 818 2955 926 2991; x_wconf 90' lang='lat' dir='ltr'>quae</span> <span class='ocrx_word' id='word_1_317' title='bbox 939 2942 981 2980; x_wconf 88' lang='grc' dir='ltr'><em>Β</em></span> <span class='ocrx_word' id='word_1_318' title='bbox 1098 2957 1147 2983; x_wconf 88' lang='lat'>12</span> <span class='ocrx_word' id='word_1_319' title='bbox 1167 2947 1430 2998; x_wconf 84' lang='lat' dir='ltr'>superficiei]</span> <span class='ocrx_word' id='word_1_320' title='bbox 1447 2949 1697 2998; x_wconf 84' lang='lat' dir='ltr'>superficies</span> <span class='ocrx_word' id='word_1_321' title='bbox 1712 2950 1820 2989; x_wconf 89' lang='lat' dir='ltr'>codd.</span> <span class='ocrx_word' id='word_1_322' title='bbox 1838 2952 1980 3003; x_wconf 83' lang='lat' dir='ltr'>(etiam</span> <span class='ocrx_word' id='word_1_323' title='bbox 1991 2954 2057 3005; x_wconf 88' lang='lat' dir='ltr'>A)</span> 
     </span>
     <span class='ocr_line' id='line_1_36' title="bbox 321 2993 2056 3060; baseline 0.009 -30"><span class='ocrx_word' id='word_1_324' title='bbox 321 3005 369 3041; x_wconf 85' lang='lat'>13</span> <span class='ocrx_word' id='word_1_325' title='bbox 399 2993 510 3032; x_wconf 87' lang='lat' dir='ltr'>intra</span> <span class='ocrx_word' id='word_1_326' title='bbox 525 2993 606 3033; x_wconf 87' lang='lat' dir='ltr'>BC</span> <span class='ocrx_word' id='word_1_327' title='bbox 730 3008 776 3045; x_wconf 91' lang='lat'>17</span> <span class='ocrx_word' id='word_1_328' title='bbox 807 2997 1086 3047; x_wconf 88' lang='lat' dir='ltr'>multiplicata</span> <span class='ocrx_word' id='word_1_329' title='bbox 1099 2998 1260 3051; x_wconf 85' lang='lat' dir='ltr'>K(non</span> <span class='ocrx_word' id='word_1_330' title='bbox 1274 3001 1337 3051; x_wconf 90' lang='lat' dir='ltr'>A)</span> <span class='ocrx_word' id='word_1_331' title='bbox 1436 3010 1520 3055; x_wconf 81' lang='lat' dir='ltr'>cap.</span> <span class='ocrx_word' id='word_1_332' title='bbox 1544 3016 1622 3042; x_wconf 77' lang='lat' dir='ltr'>xiv</span> <span class='ocrx_word' id='word_1_333' title='bbox 1640 3003 1732 3042; x_wconf 79' lang='lat' dir='ltr'>hab.</span> <span class='ocrx_word' id='word_1_334' title='bbox 1753 3004 1868 3055; x_wconf 82' lang='lat' dir='ltr'>(cum</span> <span class='ocrx_word' id='word_1_335' title='bbox 1878 3007 2056 3060; x_wconf 77' lang='lat' dir='ltr'>figun&#39;s)</span> 
     </span>
     <span class='ocr_line' id='line_1_37' title="bbox 314 3051 2056 3108; baseline 0.01 -24"><span class='ocrx_word' id='word_1_336' title='bbox 314 3061 371 3096; x_wconf 74' lang='grc' dir='ltr'>γε</span> <span class='ocrx_word' id='word_1_337' title='bbox 410 3062 492 3087; x_wconf 80' lang='lat' dir='ltr'>om.</span> <span class='ocrx_word' id='word_1_338' title='bbox 519 3051 574 3092; x_wconf 86' lang='grc' dir='ltr'>αβ</span> <span class='ocrx_word' id='word_1_339' title='bbox 712 3062 766 3089; x_wconf 84' lang='lat'>20</span> <span class='ocrx_word' id='word_1_340' title='bbox 797 3052 1070 3105; x_wconf 84' lang='lat' dir='ltr'>scriptarum]</span> <span class='ocrx_word' id='word_1_341' title='bbox 1091 3055 1389 3105; x_wconf 82' lang='lat' dir='ltr'>scripturarum</span> <span class='ocrx_word' id='word_1_342' title='bbox 1417 3056 1455 3095; x_wconf 90' lang='lat' dir='ltr'><em>T</em></span> <span class='ocrx_word' id='word_1_343' title='bbox 1595 3070 1646 3107; x_wconf 88' lang='lat'>23</span> <span class='ocrx_word' id='word_1_344' title='bbox 1676 3060 1965 3108; x_wconf 65' lang='lat' dir='ltr'>superferens</span> <span class='ocrx_word' id='word_1_345' title='bbox 1983 3068 2056 3102; x_wconf 88' lang='lat' dir='ltr'>aut</span> 
     </span>
     <span class='ocr_line' id='line_1_38' title="bbox 315 3103 2054 3167; baseline 0.011 -29"><span class='ocrx_word' id='word_1_346' title='bbox 315 3103 493 3154; x_wconf 86' lang='lat' dir='ltr'>superf.]</span> <span class='ocrx_word' id='word_1_347' title='bbox 512 3105 725 3143; x_wconf 84' lang='lat' dir='ltr'>sufferens</span> <span class='ocrx_word' id='word_1_348' title='bbox 742 3108 806 3158; x_wconf 79' lang='lat' dir='ltr'>(ut</span> <span class='ocrx_word' id='word_1_349' title='bbox 823 3107 925 3158; x_wconf 72' lang='lat' dir='ltr'><em>vid.)</em></span> <span class='ocrx_word' id='word_1_350' title='bbox 942 3114 1013 3147; x_wconf 88' lang='lat' dir='ltr'>aut</span> <span class='ocrx_word' id='word_1_351' title='bbox 1030 3108 1323 3148; x_wconf 84' lang='lat' dir='ltr'>circumfertur</span> <span class='ocrx_word' id='word_1_352' title='bbox 1345 3110 1383 3148; x_wconf 96' lang='lat' dir='ltr'><em>T</em></span> <span class='ocrx_word' id='word_1_353' title='bbox 1451 3113 1515 3151; x_wconf 85' lang='lat' dir='ltr'>vel</span> <span class='ocrx_word' id='word_1_354' title='bbox 1527 3112 1791 3163; x_wconf 88' lang='lat' dir='ltr'>superfertor</span> <span class='ocrx_word' id='word_1_355' title='bbox 1899 3128 1952 3167; x_wconf 89' lang='lat'>29</span> <span class='ocrx_word' id='word_1_356' title='bbox 1973 3117 2054 3157; x_wconf 87' lang='lat' dir='ltr'>alia</span> 
     </span>
     <span class='ocr_line' id='line_1_39' title="bbox 321 3155 1379 3215; baseline 0.009 -20"><span class='ocrx_word' id='word_1_357' title='bbox 321 3155 360 3194; x_wconf 91' lang='lat' dir='ltr'><em>T</em></span> <span class='ocrx_word' id='word_1_358' title='bbox 465 3158 813 3209; x_wconf 84' lang='lat' dir='ltr'>finesqueoventu</span> <span class='ocrx_word' id='word_1_359' title='bbox 838 3160 902 3213; x_wconf 84' lang='lat' dir='ltr'>(ut</span> <span class='ocrx_word' id='word_1_360' title='bbox 919 3162 1021 3213; x_wconf 74' lang='lat' dir='ltr'>vid.)</span> <span class='ocrx_word' id='word_1_361' title='bbox 1042 3166 1316 3215; x_wconf 87' lang='lat' dir='ltr'>retrogradus</span> <span class='ocrx_word' id='word_1_362' title='bbox 1341 3165 1379 3203; x_wconf 95' lang='lat' dir='ltr'><em>T</em></span> 
     </span>
    </p>
   </div>
  </div>
 </body>
</html>
