<?xml version="1.0" encoding="UTF-8"?>
<!DOCTYPE html PUBLIC "-//W3C//DTD XHTML 1.0 Transitional//EN"
    "http://www.w3.org/TR/xhtml1/DTD/xhtml1-transitional.dtd">
<html xmlns="http://www.w3.org/1999/xhtml" xml:lang="en" lang="en">
 <head>
  <title>
</title>
<meta http-equiv="Content-Type" content="text/html;charset=utf-8" />
  <meta name='ocr-system' content='tesseract 3.04.00' />
  <meta name='ocr-capabilities' content='ocr_page ocr_carea ocr_par ocr_line ocrx_word'/>
</head>
<body>
  <div class='ocr_page' id='page_1' title='image "./isidori01isiduoft/isidori01isiduoft_0358.png"; bbox 0 0 2176 3424; ppageno 0'>
   <div class='ocr_carea' id='block_1_1' title="bbox 1023 119 1295 166">
    <p class='ocr_par' dir='ltr' id='par_1_1' title="bbox 1023 119 1295 166">
     <span class='ocr_line' id='line_1_1' title="bbox 1023 119 1295 166; baseline 0.004 -1"><span class='ocrx_word' id='word_1_1' title='bbox 1023 119 1295 166; x_wconf 84' lang='lat' dir='ltr'><strong>ISIDORI</strong></span> 
     </span>
    </p>
   </div>
   <div class='ocr_carea' id='block_1_2' title="bbox 189 246 2111 2281">
    <p class='ocr_par' dir='ltr' id='par_1_2' title="bbox 189 246 2111 2281">
     <span class='ocr_line' id='line_1_2' title="bbox 284 246 2030 312; baseline 0.003 -19"><span class='ocrx_word' id='word_1_2' title='bbox 284 248 423 294; x_wconf 89' lang='lat' dir='ltr'><strong>cuius</strong></span> <span class='ocrx_word' id='word_1_3' title='bbox 453 246 551 295; x_wconf 85' lang='lat' dir='ltr'><strong>filia</strong></span> <span class='ocrx_word' id='word_1_4' title='bbox 579 247 743 296; x_wconf 86' lang='lat' dir='ltr'>Atthis</span> <span class='ocrx_word' id='word_1_5' title='bbox 770 264 954 297; x_wconf 89' lang='lat' dir='ltr'><strong>nomen</strong></span> <span class='ocrx_word' id='word_1_6' title='bbox 981 258 1028 296; x_wconf 92' lang='lat' dir='ltr'><strong>et</strong></span> <span class='ocrx_word' id='word_1_7' title='bbox 1053 247 1263 311; x_wconf 85' lang='lat' dir='ltr'>regionis</span> <span class='ocrx_word' id='word_1_8' title='bbox 1289 257 1337 296; x_wconf 91' lang='lat' dir='ltr'><strong>et</strong></span> <span class='ocrx_word' id='word_1_9' title='bbox 1366 251 1524 312; x_wconf 88' lang='lat' dir='ltr'><strong>gentis</strong></span> <span class='ocrx_word' id='word_1_10' title='bbox 1558 250 1709 298; x_wconf 84' lang='lat' dir='ltr'><strong>dedit.</strong></span> <span class='ocrx_word' id='word_1_11' title='bbox 1785 253 1848 299; x_wconf 90' lang='lat' dir='ltr'><strong>Et</strong></span> <span class='ocrx_word' id='word_1_12' title='bbox 1881 268 1939 299; x_wconf 86' lang='lat' dir='ltr'><strong>ex</strong></span> <span class='ocrx_word' id='word_1_13' title='bbox 1972 268 2030 300; x_wconf 88' lang='lat' dir='ltr'><strong>ea</strong></span> 
     </span>
     <span class='ocr_line' id='line_1_3' title="bbox 200 328 2031 392; baseline 0.004 -17"><span class='ocrx_word' id='word_1_14' title='bbox 200 343 263 392; x_wconf 88' lang='lat'><strong>77</strong></span> <span class='ocrx_word' id='word_1_15' title='bbox 284 328 436 377; x_wconf 84' lang='lat' dir='ltr'><strong>Attici</strong></span> <span class='ocrx_word' id='word_1_16' title='bbox 466 331 819 392; x_wconf 90' lang='lat' dir='ltr'><strong>cognominati,</strong></span> <span class='ocrx_word' id='word_1_17' title='bbox 851 330 936 392; x_wconf 84' lang='lat' dir='ltr'><strong>qui</strong></span> <span class='ocrx_word' id='word_1_18' title='bbox 971 339 1085 378; x_wconf 91' lang='lat' dir='ltr'><strong>sunt</strong></span> <span class='ocrx_word' id='word_1_19' title='bbox 1125 330 1471 379; x_wconf 86' lang='lat' dir='ltr'><strong>Athenienses.</strong></span> <span class='ocrx_word' id='word_1_20' title='bbox 1547 333 1656 389; x_wconf 92' lang='lat' dir='ltr'><strong>Ion,</strong></span> <span class='ocrx_word' id='word_1_21' title='bbox 1692 331 1762 380; x_wconf 91' lang='lat' dir='ltr'><strong>vir</strong></span> <span class='ocrx_word' id='word_1_22' title='bbox 1791 332 1941 390; x_wconf 86' lang='lat' dir='ltr'><strong>fortis,</strong></span> <span class='ocrx_word' id='word_1_23' title='bbox 1973 350 2031 382; x_wconf 80' lang='lat' dir='ltr'><strong>ex</strong></span> 
     </span>
     <span class='ocr_line' id='line_1_4' title="bbox 198 411 2032 475; baseline 0.001 -14"><span class='ocrx_word' id='word_1_24' title='bbox 198 415 261 475; x_wconf 91' lang='lat'><strong>78</strong></span> <span class='ocrx_word' id='word_1_25' title='bbox 285 427 375 458; x_wconf 86' lang='lat' dir='ltr'><strong>suo</strong></span> <span class='ocrx_word' id='word_1_26' title='bbox 404 412 607 459; x_wconf 91' lang='lat' dir='ltr'><strong>nomine</strong></span> <span class='ocrx_word' id='word_1_27' title='bbox 632 413 834 460; x_wconf 90' lang='lat' dir='ltr'><strong>eosdem</strong></span> <span class='ocrx_word' id='word_1_28' title='bbox 860 411 1192 460; x_wconf 85' lang='lat' dir='ltr'><strong>Athenienses</strong></span> <span class='ocrx_word' id='word_1_29' title='bbox 1217 412 1410 461; x_wconf 87' lang='lat' dir='ltr'><strong>vocavit</strong></span> <span class='ocrx_word' id='word_1_30' title='bbox 1436 415 1597 462; x_wconf 91' lang='lat' dir='ltr'><strong>Iones.</strong></span> <span class='ocrx_word' id='word_1_31' title='bbox 1673 415 1978 463; x_wconf 84' lang='lat' dir='ltr'><strong>Macedones</strong></span> <span class='ocrx_word' id='word_1_32' title='bbox 2004 432 2032 462; x_wconf 88' lang='lat' dir='ltr'><strong>a</strong></span> 
     </span>
     <span class='ocr_line' id='line_1_5' title="bbox 285 492 2034 559; baseline 0.003 -19"><span class='ocrx_word' id='word_1_33' title='bbox 285 492 487 542; x_wconf 91' lang='lat' dir='ltr'><strong>nomine</strong></span> <span class='ocrx_word' id='word_1_34' title='bbox 506 493 819 543; x_wconf 91' lang='lat' dir='ltr'><strong>Emathionis</strong></span> <span class='ocrx_word' id='word_1_35' title='bbox 843 496 967 557; x_wconf 89' lang='lat' dir='ltr'><strong>regis</strong></span> <span class='ocrx_word' id='word_1_36' title='bbox 992 503 1138 543; x_wconf 91' lang='lat' dir='ltr'><strong>antea</strong></span> <span class='ocrx_word' id='word_1_37' title='bbox 1154 494 1374 543; x_wconf 90' lang='lat' dir='ltr'><strong>Emathii</strong></span> <span class='ocrx_word' id='word_1_38' title='bbox 1399 497 1671 558; x_wconf 90' lang='lat' dir='ltr'><strong>nuncupati</strong></span> <span class='ocrx_word' id='word_1_39' title='bbox 1690 505 1804 544; x_wconf 91' lang='lat' dir='ltr'><strong>sunt</strong></span> <span class='ocrx_word' id='word_1_40' title='bbox 1827 516 1836 545; x_wconf 73' lang='grc' dir='ltr'>ε</span> <span class='ocrx_word' id='word_1_41' title='bbox 1861 505 2034 559; x_wconf 87' lang='lat' dir='ltr'><strong>postea</strong></span> 
     </span>
     <span class='ocr_line' id='line_1_6' title="bbox 191 575 2079 640; baseline 0.003 -19"><span class='ocrx_word' id='word_1_42' title='bbox 191 582 262 631; x_wconf 89' lang='lat'><strong>79</strong></span> <span class='ocrx_word' id='word_1_43' title='bbox 286 576 594 632; x_wconf 79' lang='lat' dir='ltr'><strong>Macedones</strong></span> <span class='ocrx_word' id='word_1_44' title='bbox 632 575 764 624; x_wconf 92' lang='lat' dir='ltr'><strong>dicti.</strong></span> <span class='ocrx_word' id='word_1_45' title='bbox 839 575 1072 638; x_wconf 84' lang='lat' dir='ltr'><strong>Epirotae</strong></span> <span class='ocrx_word' id='word_1_46' title='bbox 1108 594 1137 623; x_wconf 88' lang='lat' dir='ltr'><strong>a</strong></span> <span class='ocrx_word' id='word_1_47' title='bbox 1175 578 1360 638; x_wconf 90' lang='lat' dir='ltr'><strong>Pyrrho</strong></span> <span class='ocrx_word' id='word_1_48' title='bbox 1398 576 1579 624; x_wconf 86' lang='lat' dir='ltr'><strong>Achilli</strong></span> <span class='ocrx_word' id='word_1_49' title='bbox 1618 577 1719 625; x_wconf 93' lang='lat' dir='ltr'><strong>filio</strong></span> <span class='ocrx_word' id='word_1_50' title='bbox 1751 577 1884 640; x_wconf 91' lang='lat' dir='ltr'><strong>prius</strong></span> <span class='ocrx_word' id='word_1_51' title='bbox 1924 581 2033 640; x_wconf 89' lang='lat' dir='ltr'><strong>Pyr-</strong></span> <span class='ocrx_word' id='word_1_52' title='bbox 2057 594 2079 633; x_wconf 90' lang='lat'>5</span> 
     </span>
     <span class='ocr_line' id='line_1_7' title="bbox 284 656 2034 722; baseline 0.003 -19"><span class='ocrx_word' id='word_1_53' title='bbox 284 656 471 715; x_wconf 85' lang='lat' dir='ltr'><strong>rhidae‚</strong></span> <span class='ocrx_word' id='word_1_54' title='bbox 499 666 670 719; x_wconf 91' lang='lat' dir='ltr'><strong>postea</strong></span> <span class='ocrx_word' id='word_1_55' title='bbox 707 675 824 707; x_wconf 89' lang='lat' dir='ltr'><strong>vero</strong></span> <span class='ocrx_word' id='word_1_56' title='bbox 863 658 1015 721; x_wconf 86' lang='lat' dir='ltr'><strong>Epiro</strong></span> <span class='ocrx_word' id='word_1_57' title='bbox 1052 674 1164 720; x_wconf 90' lang='lat' dir='ltr'><strong>rege</strong></span> <span class='ocrx_word' id='word_1_58' title='bbox 1202 697 1211 706; x_wconf 95' lang='lat'><strong>.</strong></span> <span class='ocrx_word' id='word_1_59' title='bbox 1242 697 1251 707; x_wconf 93' lang='lat'><strong>.</strong></span> <span class='ocrx_word' id='word_1_60' title='bbox 1281 697 1290 707; x_wconf 88' lang='lat'><strong>.</strong></span> <span class='ocrx_word' id='word_1_61' title='bbox 1329 660 1395 707; x_wconf 89' lang='lat' dir='ltr'><strong>ad</strong></span> <span class='ocrx_word' id='word_1_62' title='bbox 1434 658 1627 707; x_wconf 87' lang='lat' dir='ltr'><strong>Italiam</strong></span> <span class='ocrx_word' id='word_1_63' title='bbox 1665 659 1867 708; x_wconf 89' lang='lat' dir='ltr'><strong>transire</strong></span> <span class='ocrx_word' id='word_1_64' title='bbox 1901 676 2034 722; x_wconf 92' lang='lat' dir='ltr'><strong>prae-</strong></span> 
     </span>
     <span class='ocr_line' id='line_1_8' title="bbox 189 739 2033 803; baseline -0.001 -15"><span class='ocrx_word' id='word_1_65' title='bbox 189 747 259 793; x_wconf 86' lang='lat'><strong>80</strong></span> <span class='ocrx_word' id='word_1_66' title='bbox 283 750 613 803; x_wconf 89' lang='lat' dir='ltr'><strong>sumpserunt.</strong></span> <span class='ocrx_word' id='word_1_67' title='bbox 690 743 855 789; x_wconf 88' lang='lat' dir='ltr'><strong>Dorus</strong></span> <span class='ocrx_word' id='word_1_68' title='bbox 883 741 1108 803; x_wconf 87' lang='lat' dir='ltr'><strong>Neptuni</strong></span> <span class='ocrx_word' id='word_1_69' title='bbox 1143 750 1190 788; x_wconf 89' lang='lat' dir='ltr'><strong>et</strong></span> <span class='ocrx_word' id='word_1_70' title='bbox 1226 739 1411 802; x_wconf 91' lang='lat' dir='ltr'><strong>Ellepis</strong></span> <span class='ocrx_word' id='word_1_71' title='bbox 1446 741 1573 788; x_wconf 90' lang='lat' dir='ltr'><strong>filius</strong></span> <span class='ocrx_word' id='word_1_72' title='bbox 1607 740 1711 802; x_wconf 88' lang='lat' dir='ltr'><strong>fuit,</strong></span> <span class='ocrx_word' id='word_1_73' title='bbox 1743 742 1877 789; x_wconf 92' lang='lat' dir='ltr'><strong>unde</strong></span> <span class='ocrx_word' id='word_1_74' title='bbox 1912 740 2033 789; x_wconf 90' lang='lat' dir='ltr'><strong>Dori</strong></span> 
     </span>
     <span class='ocr_line' id='line_1_9' title="bbox 284 821 2033 885; baseline 0.001 -15"><span class='ocrx_word' id='word_1_75' title='bbox 284 831 331 870; x_wconf 94' lang='lat' dir='ltr'><strong>et</strong></span> <span class='ocrx_word' id='word_1_76' title='bbox 371 821 609 884; x_wconf 86' lang='lat' dir='ltr'><strong>originem</strong></span> <span class='ocrx_word' id='word_1_77' title='bbox 653 832 702 870; x_wconf 86' lang='lat' dir='ltr'><strong>et</strong></span> <span class='ocrx_word' id='word_1_78' title='bbox 744 839 929 871; x_wconf 86' lang='lat' dir='ltr'><strong>nornen</strong></span> <span class='ocrx_word' id='word_1_79' title='bbox 973 823 1177 870; x_wconf 91' lang='lat' dir='ltr'><strong>ducunt.</strong></span> <span class='ocrx_word' id='word_1_80' title='bbox 1265 823 1390 870; x_wconf 89' lang='lat' dir='ltr'><strong>Sunt</strong></span> <span class='ocrx_word' id='word_1_81' title='bbox 1430 831 1596 870; x_wconf 88' lang='lat' dir='ltr'><strong>autern</strong></span> <span class='ocrx_word' id='word_1_82' title='bbox 1645 839 1754 885; x_wconf 89' lang='lat' dir='ltr'><strong>pars</strong></span> <span class='ocrx_word' id='word_1_83' title='bbox 1797 822 2033 871; x_wconf 88' lang='lat' dir='ltr'><strong>Graeciae</strong></span> 
     </span>
     <span class='ocr_line' id='line_1_10' title="bbox 284 902 2035 967; baseline 0.001 -16"><span class='ocrx_word' id='word_1_84' title='bbox 284 902 442 966; x_wconf 89' lang='lat' dir='ltr'><strong>gentis</strong></span> <span class='ocrx_word' id='word_1_85' title='bbox 463 922 476 964; x_wconf 80' lang='lat'>3</span> <span class='ocrx_word' id='word_1_86' title='bbox 514 919 572 951; x_wconf 85' lang='lat' dir='ltr'><strong>ex</strong></span> <span class='ocrx_word' id='word_1_87' title='bbox 611 903 792 965; x_wconf 86' lang='lat' dir='ltr'><strong>quibus</strong></span> <span class='ocrx_word' id='word_1_88' title='bbox 830 903 979 952; x_wconf 87' lang='lat' dir='ltr'><strong>etiam</strong></span> <span class='ocrx_word' id='word_1_89' title='bbox 1013 903 1366 967; x_wconf 88' lang='lat' dir='ltr'><strong>cognominata</strong></span> <span class='ocrx_word' id='word_1_90' title='bbox 1406 914 1478 952; x_wconf 91' lang='lat' dir='ltr'><strong>est</strong></span> <span class='ocrx_word' id='word_1_91' title='bbox 1515 903 1656 952; x_wconf 91' lang='lat' dir='ltr'><strong>tertia</strong></span> <span class='ocrx_word' id='word_1_92' title='bbox 1688 904 1855 967; x_wconf 91' lang='lat' dir='ltr'><strong>lingua</strong></span> <span class='ocrx_word' id='word_1_93' title='bbox 1889 906 2035 953; x_wconf 91' lang='lat' dir='ltr'><strong>Grae-</strong></span> 
     </span>
     <span class='ocr_line' id='line_1_11' title="bbox 210 986 2111 1049; baseline 0.002 -17"><span class='ocrx_word' id='word_1_94' title='bbox 210 986 264 1032; x_wconf 91' lang='lat'><strong>81</strong></span> <span class='ocrx_word' id='word_1_95' title='bbox 286 1002 472 1044; x_wconf 87' lang='lat' dir='ltr'><strong>corum,</strong></span> <span class='ocrx_word' id='word_1_96' title='bbox 514 1003 641 1048; x_wconf 85' lang='lat' dir='ltr'><strong>quae</strong></span> <span class='ocrx_word' id='word_1_97' title='bbox 680 986 863 1034; x_wconf 88' lang='lat' dir='ltr'><strong>Dorica</strong></span> <span class='ocrx_word' id='word_1_98' title='bbox 906 988 1193 1049; x_wconf 88' lang='lat' dir='ltr'><strong>appellatur.</strong></span> <span class='ocrx_word' id='word_1_99' title='bbox 1287 987 1689 1035; x_wconf 88' lang='lat' dir='ltr'><strong>Lacedaemones</strong></span> <span class='ocrx_word' id='word_1_100' title='bbox 1725 1004 1754 1034; x_wconf 90' lang='lat' dir='ltr'><strong>a</strong></span> <span class='ocrx_word' id='word_1_101' title='bbox 1793 988 2035 1035; x_wconf 89' lang='lat' dir='ltr'><strong>Lacedae·</strong></span> <span class='ocrx_word' id='word_1_102' title='bbox 2062 1015 2111 1043; x_wconf 84' lang='lat'><strong>10</strong></span> 
     </span>
     <span class='ocr_line' id='line_1_12' title="bbox 287 1067 2033 1130; baseline 0.001 -15"><span class='ocrx_word' id='word_1_103' title='bbox 287 1084 436 1116; x_wconf 90' lang='lat' dir='ltr'><strong>mone</strong></span> <span class='ocrx_word' id='word_1_104' title='bbox 479 1070 704 1116; x_wconf 86' lang='lat' dir='ltr'><strong>Semelae</strong></span> <span class='ocrx_word' id='word_1_105' title='bbox 747 1068 847 1116; x_wconf 89' lang='lat' dir='ltr'><strong>filio</strong></span> <span class='ocrx_word' id='word_1_106' title='bbox 891 1068 1024 1117; x_wconf 90' lang='lat' dir='ltr'><strong>dicti.</strong></span> <span class='ocrx_word' id='word_1_107' title='bbox 1118 1068 1188 1116; x_wconf 93' lang='lat' dir='ltr'><strong>Hi</strong></span> <span class='ocrx_word' id='word_1_108' title='bbox 1231 1067 1315 1116; x_wconf 89' lang='lat' dir='ltr'><strong>diu</strong></span> <span class='ocrx_word' id='word_1_109' title='bbox 1358 1078 1723 1130; x_wconf 90' lang='lat' dir='ltr'><strong>perseverantes</strong></span> <span class='ocrx_word' id='word_1_110' title='bbox 1765 1068 1814 1116; x_wconf 91' lang='lat' dir='ltr'><strong>in</strong></span> <span class='ocrx_word' id='word_1_111' title='bbox 1850 1070 2033 1117; x_wconf 86' lang='lat' dir='ltr'><strong>bellum</strong></span> 
     </span>
     <span class='ocr_line' id='line_1_13' title="bbox 286 1149 2034 1213; baseline -0.001 -13"><span class='ocrx_word' id='word_1_112' title='bbox 286 1161 459 1200; x_wconf 90' lang='lat' dir='ltr'><strong>contra</strong></span> <span class='ocrx_word' id='word_1_113' title='bbox 502 1150 796 1209; x_wconf 89' lang='lat' dir='ltr'><strong>Messenios,</strong></span> <span class='ocrx_word' id='word_1_114' title='bbox 843 1150 981 1199; x_wconf 92' lang='lat' dir='ltr'><strong>veriti</strong></span> <span class='ocrx_word' id='word_1_115' title='bbox 1024 1168 1087 1199; x_wconf 92' lang='lat' dir='ltr'><strong>ne</strong></span> <span class='ocrx_word' id='word_1_116' title='bbox 1131 1150 1453 1198; x_wconf 89' lang='lat' dir='ltr'><strong>diuturnitate</strong></span> <span class='ocrx_word' id='word_1_117' title='bbox 1496 1149 1669 1212; x_wconf 87' lang='lat' dir='ltr'><strong>proelii</strong></span> <span class='ocrx_word' id='word_1_118' title='bbox 1705 1167 1843 1213; x_wconf 91' lang='lat' dir='ltr'><strong>spem</strong></span> <span class='ocrx_word' id='word_1_119' title='bbox 1887 1152 2034 1212; x_wconf 90' lang='lat' dir='ltr'><strong>prolis</strong></span> 
     </span>
     <span class='ocr_line' id='line_1_14' title="bbox 285 1231 2035 1296; baseline -0.001 -15"><span class='ocrx_word' id='word_1_120' title='bbox 285 1234 581 1294; x_wconf 86' lang='lat' dir='ltr'><strong>amitterent,</strong></span> <span class='ocrx_word' id='word_1_121' title='bbox 603 1242 958 1296; x_wconf 88' lang='lat' dir='ltr'><strong>praeceperunt</strong></span> <span class='ocrx_word' id='word_1_122' title='bbox 979 1242 1033 1280; x_wconf 90' lang='lat' dir='ltr'><strong>ut</strong></span> <span class='ocrx_word' id='word_1_123' title='bbox 1048 1234 1258 1295; x_wconf 89' lang='lat' dir='ltr'><strong>virgines</strong></span> <span class='ocrx_word' id='word_1_124' title='bbox 1285 1248 1454 1280; x_wconf 89' lang='lat' dir='ltr'><strong>eorum</strong></span> <span class='ocrx_word' id='word_1_125' title='bbox 1481 1248 1595 1279; x_wconf 92' lang='lat' dir='ltr'><strong>cum</strong></span> <span class='ocrx_word' id='word_1_126' title='bbox 1623 1231 1882 1280; x_wconf 87' lang='lat' dir='ltr'><strong>iuvenibus</strong></span> <span class='ocrx_word' id='word_1_127' title='bbox 1899 1231 2035 1280; x_wconf 92' lang='lat' dir='ltr'><strong>dorni</strong></span> 
     </span>
     <span class='ocr_line' id='line_1_15' title="bbox 286 1312 2036 1376; baseline -0.001 -14"><span class='ocrx_word' id='word_1_128' title='bbox 286 1314 464 1362; x_wconf 89' lang='lat' dir='ltr'><strong>relictis</strong></span> <span class='ocrx_word' id='word_1_129' title='bbox 503 1314 928 1374; x_wconf 72' lang='lat' dir='ltr'><strong>concumberent,</strong></span> <span class='ocrx_word' id='word_1_130' title='bbox 966 1315 1135 1376; x_wconf 88' lang='lat' dir='ltr'><strong>sicque</strong></span> <span class='ocrx_word' id='word_1_131' title='bbox 1168 1329 1227 1361; x_wconf 85' lang='lat' dir='ltr'><strong>ex</strong></span> <span class='ocrx_word' id='word_1_132' title='bbox 1259 1315 1543 1376; x_wconf 90' lang='lat' dir='ltr'><strong>promiscuo</strong></span> <span class='ocrx_word' id='word_1_133' title='bbox 1579 1312 1821 1376; x_wconf 90' lang='lat' dir='ltr'><strong>virginum</strong></span> <span class='ocrx_word' id='word_1_134' title='bbox 1859 1330 2036 1361; x_wconf 91' lang='lat' dir='ltr'><strong>concu-</strong></span> 
     </span>
     <span class='ocr_line' id='line_1_16' title="bbox 286 1394 2108 1461; baseline 0.002 -17"><span class='ocrx_word' id='word_1_135' title='bbox 286 1396 393 1444; x_wconf 89' lang='lat' dir='ltr'><strong>bitu</strong></span> <span class='ocrx_word' id='word_1_136' title='bbox 411 1398 612 1445; x_wconf 90' lang='lat' dir='ltr'><strong>iuvenes</strong></span> <span class='ocrx_word' id='word_1_137' title='bbox 634 1398 696 1444; x_wconf 93' lang='lat' dir='ltr'><strong>de</strong></span> <span class='ocrx_word' id='word_1_138' title='bbox 717 1395 914 1444; x_wconf 86' lang='lat' dir='ltr'><strong>incertis</strong></span> <span class='ocrx_word' id='word_1_139' title='bbox 941 1395 1227 1459; x_wconf 88' lang='lat' dir='ltr'><strong>parentibus</strong></span> <span class='ocrx_word' id='word_1_140' title='bbox 1254 1394 1355 1443; x_wconf 90' lang='lat' dir='ltr'><strong>nati</strong></span> <span class='ocrx_word' id='word_1_141' title='bbox 1381 1411 1439 1443; x_wconf 86' lang='lat' dir='ltr'><strong>ex</strong></span> <span class='ocrx_word' id='word_1_142' title='bbox 1465 1403 1582 1443; x_wconf 90' lang='lat' dir='ltr'><strong>nota</strong></span> <span class='ocrx_word' id='word_1_143' title='bbox 1608 1394 1814 1443; x_wconf 89' lang='lat' dir='ltr'><strong>materni</strong></span> <span class='ocrx_word' id='word_1_144' title='bbox 1833 1395 2035 1457; x_wconf 90' lang='lat' dir='ltr'><strong>pudoris</strong></span> <span class='ocrx_word' id='word_1_145' title='bbox 2064 1421 2108 1461; x_wconf 82' lang='lat'><strong>15</strong></span> 
     </span>
     <span class='ocr_line' id='line_1_17' title="bbox 287 1477 2036 1542; baseline -0.001 -15"><span class='ocrx_word' id='word_1_146' title='bbox 287 1478 512 1542; x_wconf 89' lang='lat' dir='ltr'><strong>Spartani</strong></span> <span class='ocrx_word' id='word_1_147' title='bbox 555 1477 717 1526; x_wconf 85' lang='lat' dir='ltr'><strong>vocati</strong></span> <span class='ocrx_word' id='word_1_148' title='bbox 766 1487 891 1526; x_wconf 87' lang='lat' dir='ltr'><strong>sunt.</strong></span> <span class='ocrx_word' id='word_1_149' title='bbox 973 1479 1104 1526; x_wconf 89' lang='lat' dir='ltr'><strong>Nam</strong></span> <span class='ocrx_word' id='word_1_150' title='bbox 1153 1477 1284 1540; x_wconf 92' lang='lat' dir='ltr'><strong>ipsos</strong></span> <span class='ocrx_word' id='word_1_151' title='bbox 1334 1493 1440 1525; x_wconf 89' lang='lat' dir='ltr'><strong>esse</strong></span> <span class='ocrx_word' id='word_1_152' title='bbox 1487 1478 1768 1539; x_wconf 84' lang='lat' dir='ltr'><strong>Spartanos,</strong></span> <span class='ocrx_word' id='word_1_153' title='bbox 1816 1494 1941 1539; x_wconf 89' lang='lat' dir='ltr'><strong>quos</strong></span> <span class='ocrx_word' id='word_1_154' title='bbox 1989 1487 2036 1526; x_wconf 92' lang='lat' dir='ltr'><strong>et</strong></span> 
     </span>
     <span class='ocr_line' id='line_1_18' title="bbox 203 1557 2035 1620; baseline 0.002 -17"><span class='ocrx_word' id='word_1_155' title='bbox 203 1557 267 1604; x_wconf 80' lang='lat'><strong>82</strong></span> <span class='ocrx_word' id='word_1_156' title='bbox 290 1558 731 1608; x_wconf 88' lang='lat' dir='ltr'><strong>Lacedaemonios.</strong></span> <span class='ocrx_word' id='word_1_157' title='bbox 819 1561 1038 1607; x_wconf 90' lang='lat' dir='ltr'><strong>Thraces</strong></span> <span class='ocrx_word' id='word_1_158' title='bbox 1087 1574 1146 1607; x_wconf 85' lang='lat' dir='ltr'><strong>ex</strong></span> <span class='ocrx_word' id='word_1_159' title='bbox 1193 1557 1293 1606; x_wconf 90' lang='lat' dir='ltr'><strong>filio</strong></span> <span class='ocrx_word' id='word_1_160' title='bbox 1344 1559 1534 1620; x_wconf 87' lang='lat' dir='ltr'><strong>Iaphet‚</strong></span> <span class='ocrx_word' id='word_1_161' title='bbox 1579 1557 1664 1620; x_wconf 89' lang='lat' dir='ltr'><strong>qui</strong></span> <span class='ocrx_word' id='word_1_162' title='bbox 1711 1567 1914 1606; x_wconf 91' lang='lat' dir='ltr'><strong>vocatus</strong></span> <span class='ocrx_word' id='word_1_163' title='bbox 1963 1568 2035 1608; x_wconf 89' lang='lat' dir='ltr'><strong>est</strong></span> 
     </span>
     <span class='ocr_line' id='line_1_19' title="bbox 288 1639 2037 1704; baseline -0.001 -15"><span class='ocrx_word' id='word_1_164' title='bbox 288 1644 478 1701; x_wconf 91' lang='lat' dir='ltr'><strong>Thiras,</strong></span> <span class='ocrx_word' id='word_1_165' title='bbox 515 1652 564 1690; x_wconf 93' lang='lat' dir='ltr'><strong>et</strong></span> <span class='ocrx_word' id='word_1_166' title='bbox 598 1641 690 1689; x_wconf 91' lang='lat' dir='ltr'><strong>orti</strong></span> <span class='ocrx_word' id='word_1_167' title='bbox 725 1651 772 1690; x_wconf 91' lang='lat' dir='ltr'><strong>et</strong></span> <span class='ocrx_word' id='word_1_168' title='bbox 806 1640 1158 1704; x_wconf 87' lang='lat' dir='ltr'><strong>cognominati,</strong></span> <span class='ocrx_word' id='word_1_169' title='bbox 1193 1649 1246 1688; x_wconf 93' lang='lat' dir='ltr'><strong>ut</strong></span> <span class='ocrx_word' id='word_1_170' title='bbox 1280 1639 1501 1702; x_wconf 84' lang='lat' dir='ltr'><strong>superius</strong></span> <span class='ocrx_word' id='word_1_171' title='bbox 1539 1639 1727 1688; x_wconf 90' lang='lat' dir='ltr'><strong>dictum</strong></span> <span class='ocrx_word' id='word_1_172' title='bbox 1762 1649 1851 1698; x_wconf 84' lang='lat' dir='ltr'><strong>est,</strong></span> <span class='ocrx_word' id='word_1_173' title='bbox 1881 1640 2037 1703; x_wconf 90' lang='lat' dir='ltr'><strong>perhi-</strong></span> 
     </span>
     <span class='ocr_line' id='line_1_20' title="bbox 288 1720 2036 1786; baseline -0.001 -15"><span class='ocrx_word' id='word_1_174' title='bbox 288 1725 466 1773; x_wconf 87' lang='lat' dir='ltr'><strong>bentur</strong></span> <span class='ocrx_word' id='word_1_175' title='bbox 482 1743 494 1784; x_wconf 81' lang='lat'><em>3</em></span> <span class='ocrx_word' id='word_1_176' title='bbox 521 1723 634 1771; x_wconf 91' lang='lat' dir='ltr'><strong>licet</strong></span> <span class='ocrx_word' id='word_1_177' title='bbox 650 1725 857 1786; x_wconf 84' lang='lat' dir='ltr'><strong>gentiles</strong></span> <span class='ocrx_word' id='word_1_178' title='bbox 883 1739 968 1772; x_wconf 92' lang='lat' dir='ltr'><strong>eos</strong></span> <span class='ocrx_word' id='word_1_179' title='bbox 986 1740 1043 1771; x_wconf 85' lang='lat' dir='ltr'><strong>ex</strong></span> <span class='ocrx_word' id='word_1_180' title='bbox 1071 1723 1289 1770; x_wconf 90' lang='lat' dir='ltr'><strong>moribus</strong></span> <span class='ocrx_word' id='word_1_181' title='bbox 1316 1723 1382 1770; x_wconf 89' lang='lat' dir='ltr'><strong>ita</strong></span> <span class='ocrx_word' id='word_1_182' title='bbox 1401 1720 1561 1769; x_wconf 89' lang='lat' dir='ltr'><strong>dictos</strong></span> <span class='ocrx_word' id='word_1_183' title='bbox 1587 1721 1879 1782; x_wconf 84' lang='lat' dir='ltr'><strong>existimant,</strong></span> <span class='ocrx_word' id='word_1_184' title='bbox 1900 1723 2036 1784; x_wconf 89' lang='lat' dir='ltr'><strong>quod</strong></span> 
     </span>
     <span class='ocr_line' id='line_1_21' title="bbox 287 1803 2111 1866; baseline 0 -12"><span class='ocrx_word' id='word_1_185' title='bbox 287 1806 383 1854; x_wconf 87' lang='lat' dir='ltr'><strong>sint</strong></span> <span class='ocrx_word' id='word_1_186' title='bbox 419 1816 594 1854; x_wconf 91' lang='lat' dir='ltr'><strong>truces.</strong></span> <span class='ocrx_word' id='word_1_187' title='bbox 668 1805 948 1854; x_wconf 87' lang='lat' dir='ltr'><strong>Saevissimi</strong></span> <span class='ocrx_word' id='word_1_188' title='bbox 986 1805 1119 1853; x_wconf 90' lang='lat' dir='ltr'><strong>enim</strong></span> <span class='ocrx_word' id='word_1_189' title='bbox 1153 1805 1377 1852; x_wconf 90' lang='lat' dir='ltr'><strong>omnium</strong></span> <span class='ocrx_word' id='word_1_190' title='bbox 1410 1803 1632 1866; x_wconf 89' lang='lat' dir='ltr'><strong>gentium</strong></span> <span class='ocrx_word' id='word_1_191' title='bbox 1662 1805 1874 1861; x_wconf 91' lang='lat' dir='ltr'><strong>fuerunt,</strong></span> <span class='ocrx_word' id='word_1_192' title='bbox 1903 1805 2036 1852; x_wconf 92' lang='lat' dir='ltr'><strong>unde</strong></span> <span class='ocrx_word' id='word_1_193' title='bbox 2063 1827 2111 1854; x_wconf 89' lang='lat'><strong>20</strong></span> 
     </span>
     <span class='ocr_line' id='line_1_22' title="bbox 287 1884 2034 1947; baseline -0.002 -11"><span class='ocrx_word' id='word_1_194' title='bbox 287 1899 335 1937; x_wconf 90' lang='lat' dir='ltr'><strong>et</strong></span> <span class='ocrx_word' id='word_1_195' title='bbox 362 1890 517 1936; x_wconf 91' lang='lat' dir='ltr'><strong>multa</strong></span> <span class='ocrx_word' id='word_1_196' title='bbox 542 1889 605 1936; x_wconf 96' lang='lat' dir='ltr'><strong>de</strong></span> <span class='ocrx_word' id='word_1_197' title='bbox 632 1887 701 1936; x_wconf 91' lang='lat' dir='ltr'><strong>eis</strong></span> <span class='ocrx_word' id='word_1_198' title='bbox 731 1887 958 1935; x_wconf 85' lang='lat' dir='ltr'><strong>fabulosa</strong></span> <span class='ocrx_word' id='word_1_199' title='bbox 988 1895 1354 1935; x_wconf 89' lang='lat' dir='ltr'><strong>memorantur:</strong></span> <span class='ocrx_word' id='word_1_200' title='bbox 1392 1886 1528 1947; x_wconf 87' lang='lat' dir='ltr'><strong>quod</strong></span> <span class='ocrx_word' id='word_1_201' title='bbox 1562 1884 1782 1947; x_wconf 90' lang='lat' dir='ltr'><strong>captivos</strong></span> <span class='ocrx_word' id='word_1_202' title='bbox 1817 1884 1909 1932; x_wconf 84' lang='lat' dir='ltr'><strong>diis</strong></span> <span class='ocrx_word' id='word_1_203' title='bbox 1936 1884 2034 1932; x_wconf 90' lang='lat' dir='ltr'><strong>suis</strong></span> 
     </span>
     <span class='ocr_line' id='line_1_23' title="bbox 287 1965 2034 2032; baseline -0.001 -15"><span class='ocrx_word' id='word_1_204' title='bbox 287 1971 496 2030; x_wconf 89' lang='lat' dir='ltr'><strong>litarent,</strong></span> <span class='ocrx_word' id='word_1_205' title='bbox 535 1979 583 2018; x_wconf 94' lang='lat' dir='ltr'><strong>et</strong></span> <span class='ocrx_word' id='word_1_206' title='bbox 634 1971 908 2017; x_wconf 89' lang='lat' dir='ltr'><strong>humanum</strong></span> <span class='ocrx_word' id='word_1_207' title='bbox 963 1968 1252 2032; x_wconf 89' lang='lat' dir='ltr'><strong>sanguinem</strong></span> <span class='ocrx_word' id='word_1_208' title='bbox 1290 1967 1340 2014; x_wconf 92' lang='lat' dir='ltr'><strong>in</strong></span> <span class='ocrx_word' id='word_1_209' title='bbox 1378 1966 1573 2015; x_wconf 90' lang='lat' dir='ltr'><strong>ossibus</strong></span> <span class='ocrx_word' id='word_1_210' title='bbox 1610 1965 1827 2030; x_wconf 88' lang='lat' dir='ltr'><strong>capitum</strong></span> <span class='ocrx_word' id='word_1_211' title='bbox 1866 1975 2034 2030; x_wconf 91' lang='lat' dir='ltr'><strong>potare</strong></span> 
     </span>
     <span class='ocr_line' id='line_1_24' title="bbox 288 2048 1625 2114; baseline -0.002 -14"><span class='ocrx_word' id='word_1_212' title='bbox 288 2052 417 2100; x_wconf 90' lang='lat' dir='ltr'><strong>soliti</strong></span> <span class='ocrx_word' id='word_1_213' title='bbox 444 2061 623 2101; x_wconf 90' lang='lat' dir='ltr'><strong>essent.</strong></span> <span class='ocrx_word' id='word_1_214' title='bbox 699 2054 777 2100; x_wconf 93' lang='lat' dir='ltr'><strong>De</strong></span> <span class='ocrx_word' id='word_1_215' title='bbox 803 2051 982 2114; x_wconf 85' lang='lat' dir='ltr'><strong>quibus</strong></span> <span class='ocrx_word' id='word_1_216' title='bbox 1009 2050 1252 2113; x_wconf 85' lang='lat' dir='ltr'><strong>Vergilius</strong></span> <span class='ocrx_word' id='word_1_217' title='bbox 1279 2050 1423 2114; x_wconf 88' lang='lat' dir='ltr'><strong>(Aen.</strong></span> <span class='ocrx_word' id='word_1_218' title='bbox 1449 2066 1491 2111; x_wconf 91' lang='lat'><strong>3,</strong></span> <span class='ocrx_word' id='word_1_219' title='bbox 1510 2048 1625 2114; x_wconf 84' lang='lat'><strong>44):</strong></span> 
     </span>
     <span class='ocr_line' id='line_1_25' title="bbox 493 2130 1821 2196; baseline -0.003 -14"><span class='ocrx_word' id='word_1_220' title='bbox 493 2137 611 2182; x_wconf 90' lang='lat' dir='ltr'><strong>Heu</strong></span> <span class='ocrx_word' id='word_1_221' title='bbox 654 2135 766 2196; x_wconf 91' lang='lat' dir='ltr'><strong>fuge</strong></span> <span class='ocrx_word' id='word_1_222' title='bbox 807 2135 1031 2182; x_wconf 90' lang='lat' dir='ltr'><strong>crudeles</strong></span> <span class='ocrx_word' id='word_1_223' title='bbox 1071 2142 1234 2191; x_wconf 91' lang='lat' dir='ltr'><strong>terras,</strong></span> <span class='ocrx_word' id='word_1_224' title='bbox 1277 2133 1387 2194; x_wconf 92' lang='lat' dir='ltr'><strong>fuge</strong></span> <span class='ocrx_word' id='word_1_225' title='bbox 1431 2130 1544 2179; x_wconf 90' lang='lat' dir='ltr'><strong>litus</strong></span> <span class='ocrx_word' id='word_1_226' title='bbox 1587 2147 1821 2190; x_wconf 78' lang='lat' dir='ltr'><strong>avarum3</strong></span> 
     </span>
     <span class='ocr_line' id='line_1_26' title="bbox 200 2213 2108 2281; baseline -0.005 -14"><span class='ocrx_word' id='word_1_227' title='bbox 200 2215 266 2273; x_wconf 89' lang='lat'><strong>83</strong></span> <span class='ocrx_word' id='word_1_228' title='bbox 289 2218 429 2281; x_wconf 85' lang='lat' dir='ltr'><strong>quasi</strong></span> <span class='ocrx_word' id='word_1_229' title='bbox 455 2218 729 2266; x_wconf 90' lang='lat' dir='ltr'><strong>crudelium</strong></span> <span class='ocrx_word' id='word_1_230' title='bbox 757 2226 804 2265; x_wconf 92' lang='lat' dir='ltr'><strong>et</strong></span> <span class='ocrx_word' id='word_1_231' title='bbox 829 2233 1101 2264; x_wconf 88' lang='lat' dir='ltr'><strong>avarorum.</strong></span> <span class='ocrx_word' id='word_1_232' title='bbox 1181 2217 1420 2262; x_wconf 88' lang='lat' dir='ltr'><strong>Istrorum</strong></span> <span class='ocrx_word' id='word_1_233' title='bbox 1446 2230 1566 2276; x_wconf 91' lang='lat' dir='ltr'><strong>gens</strong></span> <span class='ocrx_word' id='word_1_234' title='bbox 1591 2214 1828 2275; x_wconf 85' lang='lat' dir='ltr'><strong>originem</strong></span> <span class='ocrx_word' id='word_1_235' title='bbox 1862 2229 1890 2260; x_wconf 90' lang='lat' dir='ltr'><strong>a</strong></span> <span class='ocrx_word' id='word_1_236' title='bbox 1925 2213 2036 2262; x_wconf 75' lang='lat' dir='ltr'><strong>Col—</strong></span> <span class='ocrx_word' id='word_1_237' title='bbox 2062 2235 2108 2279; x_wconf 73' lang='lat'><strong>²‚5</strong></span> 
     </span>
    </p>
   </div>
   <div class='ocr_carea' id='block_1_3' title="bbox 289 2341 2041 3161">
    <p class='ocr_par' dir='ltr' id='par_1_3' title="bbox 289 2341 2041 3161">
     <span class='ocr_line' id='line_1_27' title="bbox 347 2341 2034 2395; baseline -0.001 -11"><span class='ocrx_word' id='word_1_238' title='bbox 347 2360 364 2384; x_wconf 91' lang='lat'>1</span> <span class='ocrx_word' id='word_1_239' title='bbox 396 2348 524 2386; x_wconf 87' lang='lat' dir='ltr'><strong>atetis</strong></span> <span class='ocrx_word' id='word_1_240' title='bbox 553 2348 590 2386; x_wconf 91' lang='lat' dir='ltr'><em>T</em></span> <span class='ocrx_word' id='word_1_241' title='bbox 696 2359 719 2384; x_wconf 87' lang='lat'><strong>2</strong></span> <span class='ocrx_word' id='word_1_242' title='bbox 751 2346 874 2385; x_wconf 87' lang='lat' dir='ltr'><strong>actici</strong></span> <span class='ocrx_word' id='word_1_243' title='bbox 902 2345 939 2383; x_wconf 94' lang='lat' dir='ltr'><em>T</em></span> <span class='ocrx_word' id='word_1_244' title='bbox 1045 2357 1069 2393; x_wconf 87' lang='lat'><strong>3</strong></span> <span class='ocrx_word' id='word_1_245' title='bbox 1100 2343 1224 2395; x_wconf 88' lang='lat' dir='ltr'><strong>Ath.]</strong></span> <span class='ocrx_word' id='word_1_246' title='bbox 1250 2343 1504 2382; x_wconf 88' lang='lat' dir='ltr'><strong>macedones</strong></span> <span class='ocrx_word' id='word_1_247' title='bbox 1525 2341 1572 2380; x_wconf 90' lang='lat' dir='ltr'><em>K</em></span> <span class='ocrx_word' id='word_1_248' title='bbox 1675 2357 1700 2394; x_wconf 87' lang='lat'>4</span> <span class='ocrx_word' id='word_1_249' title='bbox 1730 2343 1955 2382; x_wconf 87' lang='lat' dir='ltr'><strong>emationis</strong></span> <span class='ocrx_word' id='word_1_250' title='bbox 1977 2342 2034 2382; x_wconf 87' lang='lat' dir='ltr'><strong>C:</strong></span> 
     </span>
     <span class='ocr_line' id='line_1_28' title="bbox 290 2396 2030 2441; baseline -0.002 0"><span class='ocrx_word' id='word_1_251' title='bbox 290 2403 495 2441; x_wconf 91' lang='lat' dir='ltr'><strong>macionis</strong></span> <span class='ocrx_word' id='word_1_252' title='bbox 515 2402 645 2440; x_wconf 88' lang='lat' dir='ltr'><strong>BKT</strong></span> <span class='ocrx_word' id='word_1_253' title='bbox 816 2400 949 2439; x_wconf 90' lang='lat' dir='ltr'><strong>emaci</strong></span> <span class='ocrx_word' id='word_1_254' title='bbox 970 2399 1069 2437; x_wconf 83' lang='lat' dir='ltr'><strong>BC:</strong></span> <span class='ocrx_word' id='word_1_255' title='bbox 1102 2399 1228 2438; x_wconf 87' lang='lat' dir='ltr'><strong>amati</strong></span> <span class='ocrx_word' id='word_1_256' title='bbox 1256 2398 1316 2437; x_wconf 91' lang='lat' dir='ltr'><strong>T:</strong></span> <span class='ocrx_word' id='word_1_257' title='bbox 1347 2398 1478 2436; x_wconf 89' lang='lat' dir='ltr'><strong>macci</strong></span> <span class='ocrx_word' id='word_1_258' title='bbox 1499 2396 1546 2435; x_wconf 93' lang='lat' dir='ltr'><em>K</em></span> <span class='ocrx_word' id='word_1_259' title='bbox 1705 2411 1805 2436; x_wconf 91' lang='lat' dir='ltr'><strong>nun.</strong></span> <span class='ocrx_word' id='word_1_260' title='bbox 1829 2404 1928 2436; x_wconf 91' lang='lat' dir='ltr'><strong>sunt</strong></span> <span class='ocrx_word' id='word_1_261' title='bbox 1948 2411 2030 2437; x_wconf 84' lang='lat' dir='ltr'><strong>om.</strong></span> 
     </span>
     <span class='ocr_line' id='line_1_29' title="bbox 289 2452 2034 2506; baseline -0.002 -12"><span class='ocrx_word' id='word_1_262' title='bbox 289 2456 336 2494; x_wconf 90' lang='lat' dir='ltr'><strong><em>K</em></strong></span> <span class='ocrx_word' id='word_1_263' title='bbox 442 2470 465 2506; x_wconf 88' lang='lat'><strong>5</strong></span> <span class='ocrx_word' id='word_1_264' title='bbox 490 2457 593 2496; x_wconf 88' lang='lat' dir='ltr'><strong>Mae.</strong></span> <span class='ocrx_word' id='word_1_265' title='bbox 614 2457 691 2496; x_wconf 90' lang='lat' dir='ltr'><strong>dic.</strong></span> <span class='ocrx_word' id='word_1_266' title='bbox 708 2470 732 2494; x_wconf 93' lang='lat' dir='ltr'><strong>a</strong></span> <span class='ocrx_word' id='word_1_267' title='bbox 749 2456 983 2494; x_wconf 91' lang='lat' dir='ltr'><strong>Macedone</strong></span> <span class='ocrx_word' id='word_1_268' title='bbox 1004 2467 1106 2503; x_wconf 89' lang='lat' dir='ltr'><strong>rege</strong></span> <span class='ocrx_word' id='word_1_269' title='bbox 1130 2452 1403 2491; x_wconf 91' lang='lat' dir='ltr'><strong>Deucalionis</strong></span> <span class='ocrx_word' id='word_1_270' title='bbox 1421 2457 1612 2490; x_wconf 89' lang='lat' dir='ltr'><strong>materno</strong></span> <span class='ocrx_word' id='word_1_271' title='bbox 1635 2452 1714 2503; x_wconf 88' lang='lat' dir='ltr'><strong>(-ni</strong></span> <span class='ocrx_word' id='word_1_272' title='bbox 1737 2452 1855 2504; x_wconf 81' lang='lat' dir='ltr'><strong>ClU)</strong></span> <span class='ocrx_word' id='word_1_273' title='bbox 1878 2458 2034 2503; x_wconf 89' lang='lat' dir='ltr'><strong>nepote</strong></span> 
     </span>
     <span class='ocr_line' id='line_1_30' title="bbox 292 2506 2040 2561; baseline -0.003 -10"><span class='ocrx_word' id='word_1_274' title='bbox 292 2511 372 2551; x_wconf 85' lang='lat' dir='ltr'><strong>CU</strong></span> <span class='ocrx_word' id='word_1_275' title='bbox 586 2512 704 2561; x_wconf 87' lang='lat' dir='ltr'><strong>prius</strong></span> <span class='ocrx_word' id='word_1_276' title='bbox 725 2524 807 2550; x_wconf 82' lang='lat' dir='ltr'><strong>om.</strong></span> <span class='ocrx_word' id='word_1_277' title='bbox 829 2509 993 2561; x_wconf 84' lang='lat' dir='ltr'><em>K(non</em></span> <span class='ocrx_word' id='word_1_278' title='bbox 1011 2508 1075 2558; x_wconf 88' lang='lat' dir='ltr'><strong>A)</strong></span> <span class='ocrx_word' id='word_1_279' title='bbox 1352 2509 1378 2545; x_wconf 91' lang='grc'>6</span> <span class='ocrx_word' id='word_1_280' title='bbox 1408 2507 1551 2556; x_wconf 90' lang='lat' dir='ltr'><strong>epirro</strong></span> <span class='ocrx_word' id='word_1_281' title='bbox 1574 2519 1633 2547; x_wconf 90' lang='lat' dir='ltr'><strong>re.</strong></span> <span class='ocrx_word' id='word_1_282' title='bbox 1656 2507 1698 2544; x_wconf 90' lang='lat' dir='ltr'><strong>A</strong></span> <span class='ocrx_word' id='word_1_283' title='bbox 1721 2521 1730 2546; x_wconf 76' lang='grc' dir='ltr'>ε</span> <span class='ocrx_word' id='word_1_284' title='bbox 1759 2519 1889 2556; x_wconf 85' lang='lat' dir='ltr'><strong>pyrro</strong></span> <span class='ocrx_word' id='word_1_285' title='bbox 1909 2520 1968 2546; x_wconf 93' lang='lat' dir='ltr'><strong>re.</strong></span> <span class='ocrx_word' id='word_1_286' title='bbox 1994 2506 2040 2545; x_wconf 91' lang='lat' dir='ltr'><em>K</em></span> 
     </span>
     <span class='ocr_line' id='line_1_31' title="bbox 290 2561 2041 2617; baseline -0.003 -13"><span class='ocrx_word' id='word_1_287' title='bbox 290 2568 485 2604; x_wconf 81' lang='lat' dir='ltr'><strong>lacunam</strong></span> <span class='ocrx_word' id='word_1_288' title='bbox 505 2567 674 2617; x_wconf 81' lang='lat' dir='ltr'><strong>signavi</strong></span> <span class='ocrx_word' id='word_1_289' title='bbox 826 2570 879 2604; x_wconf 89' lang='lat' dir='ltr'><strong>tr.</strong></span> <span class='ocrx_word' id='word_1_290' title='bbox 901 2564 986 2614; x_wconf 55' lang='lat' dir='ltr'><strong>prs}</strong></span> <span class='ocrx_word' id='word_1_291' title='bbox 1011 2563 1271 2602; x_wconf 89' lang='lat' dir='ltr'><strong>transierunt</strong></span> <span class='ocrx_word' id='word_1_292' title='bbox 1291 2561 1339 2600; x_wconf 91' lang='lat' dir='ltr'><em>K</em></span> <span class='ocrx_word' id='word_1_293' title='bbox 1357 2562 1457 2611; x_wconf 84' lang='lat' dir='ltr'><strong>(non</strong></span> <span class='ocrx_word' id='word_1_294' title='bbox 1477 2561 1542 2611; x_wconf 88' lang='lat' dir='ltr'><strong>A)</strong></span> <span class='ocrx_word' id='word_1_295' title='bbox 1703 2574 1725 2610; x_wconf 97' lang='lat'><strong>7</strong></span> <span class='ocrx_word' id='word_1_296' title='bbox 1757 2561 1837 2600; x_wconf 91' lang='lat' dir='ltr'><strong>Do.</strong></span> <span class='ocrx_word' id='word_1_297' title='bbox 1865 2561 1969 2611; x_wconf 82' lang='lat' dir='ltr'><strong>orig.</strong></span> <span class='ocrx_word' id='word_1_298' title='bbox 1994 2561 2041 2599; x_wconf 93' lang='lat' dir='ltr'><em>K</em></span> 
     </span>
     <span class='ocr_line' id='line_1_32' title="bbox 289 2615 2035 2670; baseline -0.003 -12"><span class='ocrx_word' id='word_1_299' title='bbox 289 2622 314 2658; x_wconf 89' lang='lat'>8</span> <span class='ocrx_word' id='word_1_300' title='bbox 345 2627 486 2659; x_wconf 89' lang='lat' dir='ltr'><strong>autern</strong></span> <span class='ocrx_word' id='word_1_301' title='bbox 508 2635 589 2660; x_wconf 83' lang='lat' dir='ltr'><strong>om.</strong></span> <span class='ocrx_word' id='word_1_302' title='bbox 615 2621 656 2658; x_wconf 90' lang='grc' dir='ltr'><em>Β</em></span> <span class='ocrx_word' id='word_1_303' title='bbox 767 2632 813 2657; x_wconf 82' lang='grc' dir='ltr'><strong>ΙΙ</strong></span> <span class='ocrx_word' id='word_1_304' title='bbox 847 2618 940 2670; x_wconf 90' lang='lat' dir='ltr'><strong>diu]</strong></span> <span class='ocrx_word' id='word_1_305' title='bbox 961 2619 1046 2657; x_wconf 91' lang='lat' dir='ltr'><strong>duo</strong></span> <span class='ocrx_word' id='word_1_306' title='bbox 1065 2618 1106 2656; x_wconf 90' lang='lat' dir='ltr'><em>B</em></span> <span class='ocrx_word' id='word_1_307' title='bbox 1221 2629 1267 2665; x_wconf 90' lang='lat'><strong>13</strong></span> <span class='ocrx_word' id='word_1_308' title='bbox 1304 2617 1578 2655; x_wconf 83' lang='lat' dir='ltr'><strong>admitterent</strong></span> <span class='ocrx_word' id='word_1_309' title='bbox 1598 2615 1639 2653; x_wconf 90' lang='lat' dir='ltr'><em>B</em></span> <span class='ocrx_word' id='word_1_310' title='bbox 1801 2617 1840 2655; x_wconf 89' lang='lat' dir='ltr'><strong>d.</strong></span> <span class='ocrx_word' id='word_1_311' title='bbox 1863 2617 2035 2654; x_wconf 89' lang='lat' dir='ltr'><strong>relictos</strong></span> 
     </span>
     <span class='ocr_line' id='line_1_33' title="bbox 289 2669 2035 2725; baseline -0.003 -11"><span class='ocrx_word' id='word_1_312' title='bbox 289 2675 400 2715; x_wconf 86' lang='lat' dir='ltr'><strong>codd.</strong></span> <span class='ocrx_word' id='word_1_313' title='bbox 428 2676 630 2725; x_wconf 89' lang='lat' dir='ltr'><strong>(dormire</strong></span> <span class='ocrx_word' id='word_1_314' title='bbox 651 2675 784 2714; x_wconf 91' lang='lat' dir='ltr'><strong>lectos</strong></span> <span class='ocrx_word' id='word_1_315' title='bbox 806 2674 861 2723; x_wconf 88' lang='lat' dir='ltr'><strong>B)</strong></span> <span class='ocrx_word' id='word_1_316' title='bbox 1033 2686 1081 2721; x_wconf 88' lang='lat'><strong>14</strong></span> <span class='ocrx_word' id='word_1_317' title='bbox 1102 2671 1266 2720; x_wconf 87' lang='lat' dir='ltr'><strong>virginu</strong></span> <span class='ocrx_word' id='word_1_318' title='bbox 1287 2669 1356 2710; x_wconf 92' lang='lat' dir='ltr'><strong>K:</strong></span> <span class='ocrx_word' id='word_1_319' title='bbox 1385 2670 1648 2720; x_wconf 90' lang='lat' dir='ltr'><strong>virginarum</strong></span> <span class='ocrx_word' id='word_1_320' title='bbox 1668 2670 1796 2708; x_wconf 72' lang='lat' dir='ltr'><strong>BlT:</strong></span> <span class='ocrx_word' id='word_1_321' title='bbox 1825 2669 2035 2719; x_wconf 88' lang='lat' dir='ltr'><strong>virginum</strong></span> 
     </span>
     <span class='ocr_line' id='line_1_34' title="bbox 289 2725 2036 2779; baseline -0.003 -10"><span class='ocrx_word' id='word_1_322' title='bbox 289 2737 331 2769; x_wconf 89' lang='lat' dir='ltr'><strong>et</strong></span> <span class='ocrx_word' id='word_1_323' title='bbox 352 2732 594 2769; x_wconf 91' lang='lat' dir='ltr'><strong>maritarum</strong></span> <span class='ocrx_word' id='word_1_324' title='bbox 617 2730 652 2768; x_wconf 89' lang='lat' dir='ltr'>C</span> <span class='ocrx_word' id='word_1_325' title='bbox 781 2730 829 2767; x_wconf 86' lang='lat'><strong>16</strong></span> <span class='ocrx_word' id='word_1_326' title='bbox 850 2727 1067 2779; x_wconf 89' lang='lat' dir='ltr'><strong>Spartani]</strong></span> <span class='ocrx_word' id='word_1_327' title='bbox 1093 2726 1311 2765; x_wconf 86' lang='lat' dir='ltr'><strong>Parthenii</strong></span> <span class='ocrx_word' id='word_1_328' title='bbox 1333 2726 1374 2764; x_wconf 89' lang='lat' dir='ltr'><em>A</em></span> <span class='ocrx_word' id='word_1_329' title='bbox 1381 2739 1456 2765; x_wconf 87' lang='lat' dir='ltr'><strong>rev.</strong></span> <span class='ocrx_word' id='word_1_330' title='bbox 1573 2737 1621 2774; x_wconf 91' lang='lat'><strong>17</strong></span> <span class='ocrx_word' id='word_1_331' title='bbox 1655 2725 1804 2764; x_wconf 91' lang='lat' dir='ltr'><strong>Laced.</strong></span> <span class='ocrx_word' id='word_1_332' title='bbox 1828 2726 2036 2763; x_wconf 86' lang='lat' dir='ltr'><strong>affirmant</strong></span> 
     </span>
     <span class='ocr_line' id='line_1_35' title="bbox 293 2779 2035 2836; baseline -0.003 -13"><span class='ocrx_word' id='word_1_333' title='bbox 293 2786 392 2832; x_wconf 86' lang='lat' dir='ltr'><strong>(om.</strong></span> <span class='ocrx_word' id='word_1_334' title='bbox 415 2785 450 2832; x_wconf 81' lang='lat' dir='ltr'><em>C</em></span> <span class='ocrx_word' id='word_1_335' title='bbox 461 2785 596 2836; x_wconf 78' lang='lat' dir='ltr'><strong>Mon.)</strong></span> <span class='ocrx_word' id='word_1_336' title='bbox 617 2785 852 2833; x_wconf 87' lang='lat' dir='ltr'><strong>Spartanos</strong></span> <span class='ocrx_word' id='word_1_337' title='bbox 868 2796 970 2822; x_wconf 89' lang='lat' dir='ltr'><strong>vero</strong></span> <span class='ocrx_word' id='word_1_338' title='bbox 990 2787 1168 2833; x_wconf 85' lang='lat' dir='ltr'><strong>propter</strong></span> <span class='ocrx_word' id='word_1_339' title='bbox 1187 2780 1439 2830; x_wconf 86' lang='lat' dir='ltr'><strong>repentinos</strong></span> <span class='ocrx_word' id='word_1_340' title='bbox 1457 2781 1662 2819; x_wconf 90' lang='lat' dir='ltr'><strong>adversus</strong></span> <span class='ocrx_word' id='word_1_341' title='bbox 1678 2779 1896 2826; x_wconf 89' lang='lat' dir='ltr'><strong>Cadmum,</strong></span> <span class='ocrx_word' id='word_1_342' title='bbox 1914 2779 2035 2828; x_wconf 91' lang='lat' dir='ltr'><strong>quasi</strong></span> 
     </span>
     <span class='ocr_line' id='line_1_36' title="bbox 290 2833 2037 2887; baseline -0.003 -9"><span class='ocrx_word' id='word_1_343' title='bbox 290 2841 343 2878; x_wconf 94' lang='lat' dir='ltr'><strong>de</strong></span> <span class='ocrx_word' id='word_1_344' title='bbox 363 2845 474 2879; x_wconf 88' lang='lat' dir='ltr'><strong>terra</strong></span> <span class='ocrx_word' id='word_1_345' title='bbox 496 2844 740 2878; x_wconf 89' lang='lat' dir='ltr'><strong>contractos</strong></span> <span class='ocrx_word' id='word_1_346' title='bbox 763 2845 806 2878; x_wconf 92' lang='lat' dir='ltr'><strong>et</strong></span> <span class='ocrx_word' id='word_1_347' title='bbox 827 2852 882 2877; x_wconf 82' lang='lat' dir='ltr'><strong>ex</strong></span> <span class='ocrx_word' id='word_1_348' title='bbox 904 2840 919 2883; x_wconf 67' lang='grc' dir='ltr'><em>ζ</em></span> <span class='ocrx_word' id='word_1_349' title='bbox 924 2843 967 2876; x_wconf 85' lang='lat' dir='ltr'><strong>et</strong></span> <span class='ocrx_word' id='word_1_350' title='bbox 994 2850 1049 2875; x_wconf 87' lang='lat' dir='ltr'><strong>ex</strong></span> <span class='ocrx_word' id='word_1_351' title='bbox 1069 2850 1150 2875; x_wconf 84' lang='lat' dir='ltr'><strong>om.</strong></span> <span class='ocrx_word' id='word_1_352' title='bbox 1181 2835 1238 2887; x_wconf 83' lang='lat' dir='ltr'><strong>U)</strong></span> <span class='ocrx_word' id='word_1_353' title='bbox 1258 2835 1375 2873; x_wconf 88' lang='lat' dir='ltr'><strong>omni</strong></span> <span class='ocrx_word' id='word_1_354' title='bbox 1401 2840 1520 2884; x_wconf 89' lang='lat' dir='ltr'><strong>parte</strong></span> <span class='ocrx_word' id='word_1_355' title='bbox 1546 2834 1767 2873; x_wconf 87' lang='lat' dir='ltr'><strong>conflictos</strong></span> <span class='ocrx_word' id='word_1_356' title='bbox 1787 2833 1964 2886; x_wconf 89' lang='lat' dir='ltr'><strong>(-fluitos</strong></span> <span class='ocrx_word' id='word_1_357' title='bbox 1987 2833 2037 2872; x_wconf 88' lang='lat' dir='ltr'><strong>Cl</strong></span> 
     </span>
     <span class='ocr_line' id='line_1_37' title="bbox 289 2888 2036 2946; baseline -0.004 -14"><span class='ocrx_word' id='word_1_358' title='bbox 289 2894 443 2946; x_wconf 55' lang='lat' dir='ltr'><strong>Mora),</strong></span> <span class='ocrx_word' id='word_1_359' title='bbox 463 2894 519 2933; x_wconf 88' lang='lat' dir='ltr'><strong>ita</strong></span> <span class='ocrx_word' id='word_1_360' title='bbox 532 2899 706 2933; x_wconf 87' lang='lat' dir='ltr'><strong>vocatos</strong></span> <span class='ocrx_word' id='word_1_361' title='bbox 721 2893 755 2932; x_wconf 88' lang='lat' dir='ltr'>C</span> <span class='ocrx_word' id='word_1_362' title='bbox 758 2894 800 2931; x_wconf 91' lang='lat' dir='ltr'><em>U</em></span> <span class='ocrx_word' id='word_1_363' title='bbox 810 2893 861 2930; x_wconf 90' lang='lat' dir='ltr'><strong>M</strong></span> <span class='ocrx_word' id='word_1_364' title='bbox 861 2906 927 2932; x_wconf 91' lang='lat' dir='ltr'><strong>on.</strong></span> <span class='ocrx_word' id='word_1_365' title='bbox 947 2907 956 2931; x_wconf 76' lang='lat' dir='ltr'><strong>t</strong></span> <span class='ocrx_word' id='word_1_366' title='bbox 985 2892 1285 2930; x_wconf 89' lang='lat' dir='ltr'><strong>lacedemones</strong></span> <span class='ocrx_word' id='word_1_367' title='bbox 1299 2889 1402 2927; x_wconf 91' lang='lat' dir='ltr'><strong>nulli</strong></span> <span class='ocrx_word' id='word_1_368' title='bbox 1415 2889 1587 2928; x_wconf 91' lang='lat' dir='ltr'><strong>dubium</strong></span> <span class='ocrx_word' id='word_1_369' title='bbox 1603 2894 1668 2927; x_wconf 87' lang='lat' dir='ltr'><strong>est</strong></span> <span class='ocrx_word' id='word_1_370' title='bbox 1679 2888 1803 2926; x_wconf 87' lang='lat' dir='ltr'><strong>Bern.</strong></span> <span class='ocrx_word' id='word_1_371' title='bbox 1817 2892 1916 2926; x_wconf 83' lang='lat' dir='ltr'><strong>extr.</strong></span> <span class='ocrx_word' id='word_1_372' title='bbox 1934 2888 2036 2939; x_wconf 84' lang='lat' dir='ltr'><strong>(non</strong></span> 
     </span>
     <span class='ocr_line' id='line_1_38' title="bbox 291 2941 2033 2999; baseline -0.004 -12"><span class='ocrx_word' id='word_1_373' title='bbox 291 2950 411 2988; x_wconf 83' lang='lat' dir='ltr'><strong>Rem.</strong></span> <span class='ocrx_word' id='word_1_374' title='bbox 440 2949 573 2999; x_wconf 79' lang='lat' dir='ltr'><strong>Trz&#39;n.)</strong></span> <span class='ocrx_word' id='word_1_375' title='bbox 698 2961 752 2985; x_wconf 88' lang='lat' dir='ltr'><strong>ex</strong></span> <span class='ocrx_word' id='word_1_376' title='bbox 775 2949 855 2986; x_wconf 88' lang='lat' dir='ltr'><strong>tira</strong></span> <span class='ocrx_word' id='word_1_377' title='bbox 877 2947 932 2986; x_wconf 92' lang='lat' dir='ltr'><strong>fil.</strong></span> <span class='ocrx_word' id='word_1_378' title='bbox 957 2946 1004 2984; x_wconf 92' lang='lat' dir='ltr'><em>K</em></span> <span class='ocrx_word' id='word_1_379' title='bbox 1018 2945 1122 2994; x_wconf 86' lang='lat' dir='ltr'><strong>(non</strong></span> <span class='ocrx_word' id='word_1_380' title='bbox 1142 2945 1206 2996; x_wconf 84' lang='lat' dir='ltr'><strong>A&gt;</strong></span> <span class='ocrx_word' id='word_1_381' title='bbox 1320 2945 1391 2994; x_wconf 90' lang='lat' dir='ltr'><strong>qui</strong></span> <span class='ocrx_word' id='word_1_382' title='bbox 1415 2974 1424 2984; x_wconf 89' lang='lat'><strong>.</strong></span> <span class='ocrx_word' id='word_1_383' title='bbox 1446 2973 1456 2983; x_wconf 92' lang='lat'><strong>.</strong></span> <span class='ocrx_word' id='word_1_384' title='bbox 1482 2975 1490 2983; x_wconf 95' lang='lat'><strong>.</strong></span> <span class='ocrx_word' id='word_1_385' title='bbox 1510 2943 1611 2995; x_wconf 82' lang='lat' dir='ltr'><strong>Th.]</strong></span> <span class='ocrx_word' id='word_1_386' title='bbox 1629 2942 1767 2982; x_wconf 90' lang='lat' dir='ltr'><strong>vocati</strong></span> <span class='ocrx_word' id='word_1_387' title='bbox 1787 2941 1834 2979; x_wconf 91' lang='lat' dir='ltr'><em>K</em></span> <span class='ocrx_word' id='word_1_388' title='bbox 1850 2942 1951 2994; x_wconf 87' lang='lat' dir='ltr'><strong>(non</strong></span> <span class='ocrx_word' id='word_1_389' title='bbox 1971 2943 2033 2991; x_wconf 81' lang='lat' dir='ltr'><strong>A)</strong></span> 
     </span>
     <span class='ocr_line' id='line_1_39' title="bbox 295 2996 2033 3052; baseline -0.002 -12"><span class='ocrx_word' id='word_1_390' title='bbox 295 3005 343 3041; x_wconf 84' lang='lat'><strong>18</strong></span> <span class='ocrx_word' id='word_1_391' title='bbox 374 3010 416 3041; x_wconf 89' lang='lat' dir='ltr'><strong>et</strong></span> <span class='ocrx_word' id='word_1_392' title='bbox 438 3016 562 3052; x_wconf 88' lang='lat' dir='ltr'><strong>cogn.</strong></span> <span class='ocrx_word' id='word_1_393' title='bbox 590 3034 598 3043; x_wconf 98' lang='lat'><strong>.</strong></span> <span class='ocrx_word' id='word_1_394' title='bbox 624 3034 633 3042; x_wconf 92' lang='lat'><strong>.</strong></span> <span class='ocrx_word' id='word_1_395' title='bbox 662 3034 670 3042; x_wconf 91' lang='lat'><strong>.</strong></span> <span class='ocrx_word' id='word_1_396' title='bbox 691 3002 877 3052; x_wconf 89' lang='lat' dir='ltr'><strong>perhib.]</strong></span> <span class='ocrx_word' id='word_1_397' title='bbox 901 3006 1000 3040; x_wconf 87' lang='lat' dir='ltr'><strong>sunt</strong></span> <span class='ocrx_word' id='word_1_398' title='bbox 1019 3000 1067 3038; x_wconf 91' lang='lat' dir='ltr'><em>K</em></span> <span class='ocrx_word' id='word_1_399' title='bbox 1084 3000 1184 3052; x_wconf 79' lang='lat' dir='ltr'><strong>(non</strong></span> <span class='ocrx_word' id='word_1_400' title='bbox 1205 2998 1247 3036; x_wconf 92' lang='lat' dir='ltr'><em>A</em></span> <span class='ocrx_word' id='word_1_401' title='bbox 1268 2997 1393 3038; x_wconf 83' lang='lat' dir='ltr'><strong>Bern.</strong></span> <span class='ocrx_word' id='word_1_402' title='bbox 1413 2997 1532 3046; x_wconf 80' lang='lat' dir='ltr'><strong>extr.)</strong></span> <span class='ocrx_word' id='word_1_403' title='bbox 1707 3041 1709 3043; x_wconf 21' lang='lat'><strong><em>¹</em></strong></span> <span class='ocrx_word' id='word_1_404' title='bbox 1737 3008 1785 3034; x_wconf 80' lang='lat'><strong>21</strong></span> <span class='ocrx_word' id='word_1_405' title='bbox 1820 2996 1974 3035; x_wconf 81' lang='lat' dir='ltr'><strong>multas</strong></span> <span class='ocrx_word' id='word_1_406' title='bbox 1993 2998 2033 3039; x_wconf 86' lang='lat' dir='ltr'><strong>d,</strong></span> 
     </span>
     <span class='ocr_line' id='line_1_40' title="bbox 293 3051 2037 3106; baseline -0.002 -11"><span class='ocrx_word' id='word_1_407' title='bbox 293 3071 327 3096; x_wconf 90' lang='lat' dir='ltr'><strong>e.</strong></span> <span class='ocrx_word' id='word_1_408' title='bbox 354 3058 515 3097; x_wconf 83' lang='lat' dir='ltr'><strong>fabulas</strong></span> <span class='ocrx_word' id='word_1_409' title='bbox 536 3057 582 3095; x_wconf 88' lang='lat' dir='ltr'><em>K</em></span> <span class='ocrx_word' id='word_1_410' title='bbox 741 3057 1004 3106; x_wconf 88' lang='lat' dir='ltr'><strong>captivorum</strong></span> <span class='ocrx_word' id='word_1_411' title='bbox 1025 3053 1072 3091; x_wconf 90' lang='lat' dir='ltr'><em>K</em></span> <span class='ocrx_word' id='word_1_412' title='bbox 1232 3066 1283 3091; x_wconf 86' lang='lat'><strong>22</strong></span> <span class='ocrx_word' id='word_1_413' title='bbox 1313 3059 1479 3103; x_wconf 88' lang='lat' dir='ltr'><strong>portare</strong></span> <span class='ocrx_word' id='word_1_414' title='bbox 1497 3052 1584 3091; x_wconf 91' lang='lat' dir='ltr'><strong>BT</strong></span> <span class='ocrx_word' id='word_1_415' title='bbox 1750 3063 1803 3100; x_wconf 80' lang='lat'><strong>24</strong></span> <span class='ocrx_word' id='word_1_416' title='bbox 1831 3051 1978 3101; x_wconf 84' lang='lat' dir='ltr'><strong>fugere</strong></span> <span class='ocrx_word' id='word_1_417' title='bbox 1995 3051 2037 3091; x_wconf 88' lang='lat' dir='ltr'><em>B</em></span> 
     </span>
     <span class='ocr_line' id='line_1_41' title="bbox 294 3105 1554 3161; baseline -0.004 -11"><span class='ocrx_word' id='word_1_418' title='bbox 294 3124 344 3161; x_wconf 87' lang='lat'><strong>25</strong></span> <span class='ocrx_word' id='word_1_419' title='bbox 377 3114 496 3161; x_wconf 89' lang='lat' dir='ltr'><strong>quasi</strong></span> <span class='ocrx_word' id='word_1_420' title='bbox 517 3142 527 3152; x_wconf 92' lang='lat'><strong>.</strong></span> <span class='ocrx_word' id='word_1_421' title='bbox 553 3143 561 3152; x_wconf 92' lang='lat'><strong>.</strong></span> <span class='ocrx_word' id='word_1_422' title='bbox 588 3142 597 3152; x_wconf 86' lang='lat'><strong>.</strong></span> <span class='ocrx_word' id='word_1_423' title='bbox 620 3124 732 3151; x_wconf 86' lang='lat' dir='ltr'><strong>avar.</strong></span> <span class='ocrx_word' id='word_1_424' title='bbox 755 3124 838 3150; x_wconf 85' lang='lat' dir='ltr'><strong>om.</strong></span> <span class='ocrx_word' id='word_1_425' title='bbox 860 3109 907 3148; x_wconf 93' lang='lat' dir='ltr'><em>K</em></span> <span class='ocrx_word' id='word_1_426' title='bbox 929 3110 1028 3161; x_wconf 72' lang='lat' dir='ltr'><strong>(non</strong></span> <span class='ocrx_word' id='word_1_427' title='bbox 1049 3109 1111 3160; x_wconf 75' lang='lat' dir='ltr'><strong>A&gt;</strong></span> <span class='ocrx_word' id='word_1_428' title='bbox 1254 3106 1365 3158; x_wconf 90' lang='lat' dir='ltr'><strong>Col.]</strong></span> <span class='ocrx_word' id='word_1_429' title='bbox 1386 3107 1489 3146; x_wconf 88' lang='lat' dir='ltr'><strong>locis</strong></span> <span class='ocrx_word' id='word_1_430' title='bbox 1516 3105 1554 3145; x_wconf 90' lang='lat' dir='ltr'><em>T</em></span> 
     </span>
    </p>
   </div>
  </div>
 </body>
</html>
