2176 3424
523 119 1153 170 ETYMOLOGIARVM
1196 121 1327 167 LIB.
1368 121 1459 168 XI.
1498 118 1511 165 i

137 272 164 302 a
213 253 423 302 duobus,
521 250 588 300 Hi
627 267 797 299 semen
845 251 1036 298 calamo
1086 248 1376 306 ministrant,
1418 249 1554 310 quod
1603 247 1666 295 ab
1716 247 1885 311 spinae

137 336 353 384 medulla
395 343 442 381 et
490 349 629 382 renes
674 341 720 379 et
776 331 974 379 lumbus
1025 330 1299 392 suscipiunt
1341 330 1404 377 ad
1453 329 1655 391 gratiam
1697 344 1885 392 procre-

134 416 266 465 andi.
344 415 515 480 Fiscus
563 422 636 462 est
684 412 823 476 pellis
877 412 926 459 in
985 429 1081 475 qua
1130 410 1341 459 testiculi
1393 420 1519 458 sunt.
1608 413 1884 460 Posteriora
1907 426 1998 473 105

132 514 247 546 vero
298 506 484 554 vocata,
537 496 674 559 quod
723 503 851 543 retro
899 502 1012 541 sunt
1063 502 1109 541 et
1158 509 1185 540 a
1235 493 1371 540 vultu
1420 509 1601 551 aversa,
1644 509 1707 540 ne
1759 494 1879 541 dum

86 604 106 643 5
130 581 293 628 alvum
336 594 600 642 purgamus
641 575 1010 639 inquinaremus
1054 583 1322 638 aspectum.
1406 575 1602 621 Meatus
1645 573 1762 622 inde
1802 590 1882 636 ap-

131 662 352 724 pellatus,
382 661 497 723 quia
533 675 618 721 per
642 674 756 706 eum
783 665 963 715 meant,
993 655 1043 704 id
1071 665 1143 704 est
1169 664 1445 718 egeruntur,
1477 664 1701 704 stercora.
1796 657 1879 704 Fe·
1904 655 2005 701 106

130 758 267 790 mora
297 741 428 790 dicta
458 750 584 800 sunt,
614 740 750 802 quod
784 755 841 787 ea
873 747 1010 802 parte
1043 755 1071 786 a
1101 736 1286 785 femina
1319 753 1462 785 sexus
1500 736 1588 784 viri
1618 737 1876 800 discrepet.

130 824 253 871 Sunt
277 832 443 871 autem
469 821 531 870 ab
557 820 841 883 inguinibus
868 836 1024 883 usque
1045 820 1107 867 ad
1126 835 1300 882 genua.
1376 819 1585 867 Femina
1600 828 1765 867 autem
1793 836 1879 883 per

129 904 481 953 derivationem
508 904 750 951 femorum
777 911 937 964 partes
974 910 1100 960 sunt,
1133 900 1314 963 quibus
1340 900 1391 948 in
1425 900 1697 963 equitando
1732 902 1877 964 tergis

61 1010 107 1038 10
128 1003 367 1048 equorum
393 987 732 1034 adhaeremus.
804 984 953 1031 Vnde
988 992 1034 1031 et
1070 981 1386 1046 proeliatores
1421 982 1539 1030 olim
1572 981 1663 1030 sub
1690 982 1879 1031 femini-

128 1069 219 1116 bus
246 1084 401 1130 equos
426 1067 647 1116 amisisse
673 1065 980 1114 dicebantur.
1046 1065 1212 1113 Coxae
1239 1063 1379 1125 quasi
1406 1062 1703 1112 coniunctae
1728 1081 1842 1113 axes
1864 1083 1877 1125 3
1901 1071 1993 1121 107

128 1148 243 1212 ipsis
283 1148 414 1197 enim
455 1151 641 1197 femora
680 1156 954 1195 moventur.
1032 1147 1257 1207 Quarum
1288 1162 1509 1194 concava
1539 1146 1762 1194 vertebra
1798 1163 1875 1194 vo-

128 1240 312 1290 cantur,
342 1232 457 1294 quia
476 1230 526 1278 in
553 1230 621 1278 eis
648 1229 809 1292 capita
835 1230 1079 1277 femorum
1108 1236 1377 1276 vertuntur.
1429 1227 1740 1290 Suffragines,
1761 1227 1877 1291 quia

129 1313 300 1360 subtus
326 1315 626 1376 franguntur,
649 1312 700 1360 id
726 1320 799 1360 est
824 1312 1105 1370 flectuntur,
1123 1326 1223 1358 non
1251 1325 1408 1371 supra,
1430 1309 1555 1357 sicut
1572 1309 1622 1356 in
1649 1309 1874 1358 brachiis.

60 1417 107 1459 15
130 1396 305 1444 Genua
332 1404 444 1443 sunt
471 1394 846 1443 commissiones
874 1394 1114 1440 semorum
1144 1400 1191 1439 et
1218 1407 1411 1438 crurum
1435 1408 1447 1450 3
1491 1400 1538 1439 et
1558 1390 1690 1438 dicta
1714 1408 1877 1454 genua
1900 1389 1992 1435 108

129 1492 189 1524 eo
215 1478 350 1539 quod
378 1478 427 1524 in
454 1486 593 1525 utero
621 1475 716 1524 sint
742 1474 881 1538 genis
909 1474 1153 1537 opposita.
1213 1473 1498 1521 Cohaerent
1524 1471 1655 1520 enim
1678 1473 1746 1520 ibi
1765 1472 1871 1532 sibi,

126 1567 173 1606 et
203 1567 411 1621 cognata
438 1569 550 1606 sunt
581 1557 748 1617 oculis,
787 1556 1095 1604 lacrimarum
1131 1553 1377 1603 indicibus
1413 1563 1459 1602 et
1494 1553 1870 1603 misericordiae.

128 1640 257 1688 Nam
285 1656 314 1687 a
338 1642 475 1702 genis
500 1657 662 1703 genua
692 1638 936 1687 dicuntur.
1016 1638 1248 1699 Denique
1277 1635 1613 1699 conplicatum
1634 1636 1766 1699 gigni
1787 1638 1877 1684 for·
1897 1646 1994 1693 109

127 1722 345 1784 marique
393 1721 663 1780 hominem,
706 1719 771 1767 ita
815 1729 867 1767 ut
909 1735 1069 1782 genua
1114 1734 1304 1766 sursum
1356 1717 1466 1778 sint,
1513 1717 1693 1780 quibus
1744 1718 1872 1767 oculi

58 1826 105 1855 20
126 1803 408 1862 formantur,
439 1812 491 1850 ut
518 1801 623 1850 cavi
649 1818 706 1849 ac
732 1800 972 1849 reconditi
1002 1802 1133 1848 fiant.
1210 1798 1400 1847 Ennius
1431 1800 1545 1862 (inc.
1574 1800 1654 1863 14)
1678 1819 1686 1847 ε

506 1886 672 1945 Atque
709 1899 868 1944 genua
905 1880 1168 1945 conprimit
1204 1890 1307 1929 arta
1342 1898 1479 1943 gena.

127 1966 253 2014 Inde
279 1975 353 2013 est
380 1965 518 2028 quod
544 1965 771 2012 homines
807 1965 926 2012 dum
961 1965 1024 2012 ad
1059 1979 1219 2026 genua
1255 1979 1305 2011 se
1337 1971 1667 2026 prosternunt,
1706 1963 1869 2012 statim

123 2045 450 2095 lacrimantur.
525 2045 696 2093 Voluit
735 2045 867 2093 enim
909 2061 993 2093 eos
1037 2054 1209 2093 natura
1250 2054 1441 2093 uterum
1484 2053 1763 2093 maternum
1804 2062 1871 2093 re-

124 2144 407 2187 memorare,
429 2127 513 2175 ubi
535 2127 674 2190 quasi
694 2126 744 2174 in
766 2126 980 2175 tenebris
998 2127 1338 2175 consedebant
1358 2136 1626 2189 antequam
1645 2128 1867 2175 venirent

54 2229 97 2270 25
120 2210 183 2258 ad
210 2211 385 2258 lucem.
460 2210 614 2258 Crura
644 2209 789 2269 dicta,
818 2208 933 2270 quia
966 2207 1015 2255 in
1050 2207 1124 2255 his
1159 2209 1398 2256 currimus
1436 2218 1483 2256 et
1508 2224 1728 2270 gressum
1756 2208 1867 2257 faci·
1890 2217 1974 2253 110

121 2307 243 2338 mus.
301 2292 424 2339 Sunt
449 2299 614 2339 autem
642 2291 733 2338 sub
758 2290 966 2352 genibus
994 2306 1150 2352 usque
1169 2291 1232 2338 ad
1261 2306 1408 2338 suras.
1465 2289 1643 2338 Tibiae
1663 2300 1867 2339 vocatae

121 2372 257 2435 quasi
307 2373 469 2421 tubae.
567 2374 691 2419 Sunt
735 2371 866 2420 enim
917 2381 965 2420 et
1014 2371 1323 2434 longitudine
1367 2380 1415 2419 et
1459 2373 1624 2434 specie
1667 2371 1863 2421 similes.

175 2523 192 2548 1
225 2511 357 2562 quod]
389 2524 512 2560 quem
542 2510 652 2550 codd.
689 2512 744 2562 (et
769 2511 892 2564 lsz‘d.)
1088 2524 1112 2548 2
1151 2511 1346 2549 medullis
1376 2510 1415 2548 Β
1562 2510 1726 2549 lumbos
1755 2510 1864 2549 codd.

116 2577 141 2614 3
169 2564 321 2604 Viscus
341 2565 427 2603 ΒΚ
561 2580 585 2614 4
614 2566 747 2617 quod]
771 2566 869 2615 quia
888 2565 967 2605 BC
1072 2567 1218 2604 avulsa
1239 2579 1302 2605 av.
1327 2565 1382 2603 Β1
1525 2577 1550 2614 5
1581 2578 1814 2614 purgamur
1837 2565 1871 2604 C

118 2619 436 2669 inquinaremur
450 2626 625 2670 aspectu
642 2620 687 2658 K
793 2623 819 2659 6
848 2620 1125 2671 egrediuntur
1142 2620 1176 2659 C
1284 2620 1520 2659 Femoralia
1536 2619 1622 2657 ΒΚ
1731 2634 1751 2669 7
1782 2620 1864 2658 dis·

116 2681 292 2724 crepent
311 2674 352 2712 B
487 2676 512 2712 8
543 2675 754 2724 igninibus
773 2675 830 2713 Β1
969 2688 996 2725 9
1026 2675 1147 2714 testis
1167 2689 1231 2725 eq.
1256 2675 1295 2713 Β
1437 2687 1486 2712 10
1515 2675 1806 2713 suffeminibus
1834 2674 1871 2711 T

118 2739 163 2767 11
194 2730 418 2768 admisisse
438 2728 510 2768 K:
529 2729 738 2768 amisseB
845 2743 912 2769 ax.
937 2731 978 2768 in
1002 2730 1080 2779 ips.
1114 2729 1151 2766 T
1304 2742 1351 2767 12
1382 2730 1497 2779 ipses
1517 2729 1574 2767 Β1
1684 2742 1862 2779 quorum

114 2781 232 2821 BCT
335 2789 540 2823 vacantur
558 2783 600 2821 Β
744 2796 791 2833 13
821 2785 936 2834 quia]
962 2785 1072 2834 quod
1093 2783 1135 2820 Β
1245 2784 1406 2822 femora
1429 2783 1478 2822 C1
1587 2789 1806 2822 vertantur
1833 2783 1870 2821 T

118 2837 166 2874 16
194 2838 516 2888 genisupposita
543 2838 582 2877 T
716 2839 764 2877 18
795 2838 840 2890 a]
865 2853 888 2878 e
917 2838 954 2876 T
1060 2839 1168 2877 Den.
1191 2843 1233 2877 et
1253 2851 1377 2888 conp.
1402 2838 1436 2877 C
1578 2851 1625 2887 19
1656 2844 1699 2876 ut
1720 2851 1803 2878 om.
1823 2838 1864 2876 Β

113 2902 185 2929 sur
204 2892 288 2931 sint
313 2892 362 2931 Cl
490 2907 542 2932 20
571 2891 640 2943 ac]
663 2898 705 2931 et
726 2892 770 2930 K
892 2907 940 2932 21
973 2894 1111 2943 adque
1133 2891 1296 2932 KMU:
1325 2898 1452 2943 atque
1471 2898 1599 2941 atque
1622 2892 1664 2930 D
1685 2893 1785 2943 (non
1805 2892 1861 2944 F)

112 2947 336 2995 conprimit
362 2947 547 2987 BFTU:
590 2947 855 2996 conpraemit
884 2949 1034 3000 (com-)
1060 2946 1253 2986 ClDKM
1270 2947 1420 2997 (Basil.
1446 2947 1477 2985 F
1499 2946 1561 2985 111
1584 2958 1632 2995 ¹5
1655 2946 1754 2995 lsol.
1777 2948 1803 2984 6
1824 2959 1855 2986 r.

111 3012 264 3040 —saec.
283 3000 375 3052 viii)
517 3014 570 3040 22
600 3001 732 3052 quod]
755 3002 852 3051 quia
875 3002 910 3041 C
1042 3015 1094 3051 23
1123 3014 1196 3040 eos
1217 3014 1297 3041 om.
1325 3002 1365 3040 Β
1477 3014 1690 3039 remorare
1710 3000 1755 3038 K
1771 3015 1779 3040 :
1811 3013 1859 3040 se

111 3065 344 3094 memorare
366 3055 408 3092 D
540 3069 592 3106 24
621 3057 784 3095 veniret
808 3055 857 3095 C¹
986 3069 1037 3106 25
1069 3057 1109 3094 in
1127 3070 1209 3095 om.
1238 3057 1275 3095 T
1400 3069 1449 3105 27
1483 3069 1550 3095 en.
1576 3055 1690 3105 long.
1711 3055 1752 3093 Β
