2176 3424
1061 121 1335 170 ISIDORI

328 249 535 310 Apiago,
571 251 706 311 quod
740 251 884 299 flores
921 250 1025 298 eius
1066 268 1184 314 apes
1221 254 1433 302 maxime
1468 261 1723 316 appetunt.
1797 255 2058 303 Portulaca

248 327 303 374 81
329 331 695 390 Rosmarinum,
715 348 865 394 quam
883 330 1047 380 Latini
1071 332 1135 381 ab
1155 334 1331 382 effectu
1353 334 1556 383 herbam
1578 335 1838 383 salutarem
1866 344 2043 384 vocant
2063 354 2072 383 :

327 410 443 459 folia
478 412 694 461 fenuculi.
731 412 907 461 similia
942 423 1091 476 atque
1127 431 1299 478 aspera
1324 424 1372 463 et
1405 417 1601 464 rotatim
1635 425 1790 465 terrae
1821 426 2071 479 prostrata.

239 498 303 544 82
326 492 588 542 Colocasia
615 492 823 560 [nomen
849 493 1071 561 herbae].
1136 499 1309 546 Menta
1329 498 1543 561 agrestis,
1563 515 1713 561 quam
1731 499 1909 548 Graeci
1935 502 2074 548 καλα-

323 577 505 638 μίνθην,
546 576 700 624 nostri
738 578 884 640 vulgo
925 587 1156 641 nepetam
1196 588 1509 637 vocaverunt,
1554 579 1749 629 maioris
1788 581 1976 629 virtutis
2025 590 2073 629 et
2100 598 2120 636 5

240 667 303 727 83
326 659 593 707 vehemens
620 660 670 707 in
695 661 870 708 calore.
924 660 1231 709 Genicularis
1257 661 1410 711 herba
1431 662 1754 711 substernitur
1778 663 1843 712 ob
1864 665 2076 727 scorpio-

326 756 447 787 num
474 739 571 788 vim
596 742 947 803 repellendam.
1021 741 1294 802 Gladiolus,
1323 745 1460 806 quod
1496 743 1557 792 sit
1581 743 1708 793 foliis
1739 745 1887 808 gladii
1913 745 2070 794 simili·

239 827 305 887 84
327 822 435 881 bus,
455 824 622 885 thyrso
641 822 858 883 cubitali,
877 824 1079 873 floribus
1100 825 1369 887 purpureis.
1420 827 1744 875 Verbascum.
1792 827 2072 891 Agaricum,

327 906 461 953 radix
478 904 588 954 vitis
603 905 760 954 albae.
818 907 1100 956 Calamites.
1157 909 1328 971 Lappa
1348 905 1525 973 [genus
1546 906 1765 975 herbae]
1822 911 2070 973 Lappago.

329 989 543 1050 Lapella.
585 991 819 1038 Beneola.
852 989 1100 1038 Orcibeta.
1133 987 1418 1055 [Satyrion]
1450 990 1846 1052 Myrobalanum.
1882 993 2073 1054 Aspho-
2099 1012 2148 1040 10

241 1077 307 1133 85
328 1071 483 1129 delus,
523 1086 673 1132 quam
714 1070 876 1120 Latini
911 1088 939 1120 a
975 1073 1140 1120 colore
1177 1071 1428 1120 albucium
1464 1081 1656 1121 vocant.
1736 1074 1896 1133 Scilla,
1935 1075 2072 1136 quod

327 1167 515 1200 nocens
541 1151 632 1212 sit;
671 1155 734 1202 de
760 1170 857 1216 qua
891 1153 1172 1217 superstitio
1208 1154 1464 1217 gentilium
1497 1154 1617 1204 dicit
1642 1156 1791 1218 qu0d3
1821 1156 1861 1203 si
1886 1154 2072 1219 integra

235 1245 303 1291 86
325 1235 390 1282 ad
437 1233 589 1283 limen
637 1236 979 1298 suspendatur,
1023 1235 1190 1284 omnia
1238 1237 1367 1284 mala
1408 1238 1555 1299 fugat.
1647 1236 1996 1300 Chamaepitys
2043 1254 2072 1286 a

327 1316 528 1364 Graecis
570 1316 703 1365 dicta
742 1319 879 1379 quod
921 1327 1076 1366 terrae
1114 1319 1379 1367 adhaereat
1410 1327 1458 1367 et
1497 1320 1700 1368 odorem
1737 1319 1838 1381 pini
1872 1320 2068 1368 habeat.

327 1399 476 1446 Hanc
516 1397 678 1446 Latini
720 1398 1132 1448 cucurbitularem
1176 1409 1368 1459 vocant,
1414 1401 1550 1463 quod
1593 1417 1649 1449 ex
1690 1409 1827 1463 parte
1865 1402 2069 1449 odorem
2102 1421 2144 1461 ¹5

323 1479 609 1529 cucurbitae
646 1482 832 1529 referat.
906 1481 1250 1545 Staphysagria
1285 1482 1500 1531 nascitur
1538 1480 1637 1549 [in]
1675 1482 1796 1532 locis
1831 1484 2067 1532 amoenis.

240 1567 302 1626 87
325 1564 573 1625 Asplenos
609 1561 742 1611 dicta
771 1565 908 1625 quod
941 1565 1163 1626 splenem
1200 1565 1422 1625 auferat3
1458 1566 1558 1614 sive
1588 1564 1974 1628 scolopendrios,
2011 1581 2071 1614 eo

324 1645 461 1707 quod
486 1643 602 1693 folia
626 1644 778 1707 ipsius
804 1646 1133 1707 scolopendro
1157 1645 1356 1694 animali
1383 1647 1479 1695 sint
1505 1647 1694 1696 similia.
1767 1647 1998 1696 Nascitur
2023 1651 2071 1696 in

235 1730 299 1776 88
325 1725 541 1775 humidis
567 1728 727 1789 petris.
790 1728 978 1775 Volvus
1003 1729 1278 1791 appellatus
1304 1730 1441 1791 quod
1467 1728 1527 1777 sit
1553 1729 1688 1778 radix
1713 1729 1817 1779 eius
1841 1730 2070 1780 volubilis

324 1818 371 1857 et
396 1810 621 1858 rotunda.
695 1810 931 1858 Stoechas
968 1809 1019 1858 in
1057 1809 1228 1859 insulis
1262 1811 1624 1860 Stoechadibus
1654 1811 1896 1870 nascitur3
1935 1815 2069 1863 unde
2095 1837 2146 1864 20

230 1893 299 1953 89
323 1900 370 1940 et
395 1899 721 1954 nuncupatur.
784 1890 1101 1954 Cyclaminos
1127 1892 1317 1941 Graece
1343 1891 1475 1941 dicta
1493 1910 1522 1940 a
1542 1895 1760 1955 quodam
1786 1893 1870 1956 qui
1892 1896 2070 1958 Cyclos

323 1982 525 2022 vocatus
550 1982 641 2033 est,
660 1972 745 2036 qui
770 1972 955 2036 primus
980 1973 1181 2023 virtutes
1202 1975 1347 2023 huius
1373 1974 1554 2024 herbae
1574 1974 1759 2024 invenit
1776 1994 1789 2036 3
1814 1975 1915 2025 sive
1933 1981 2070 2040 quod

383 2118 399 2143 1
432 2104 594 2154 Apiaco
616 2104 706 2142 DK
720 2121 728 2144 ε
759 2119 855 2145 -con
875 2106 963 2145 edd.
1178 2106 1254 2144 ssos
1274 2106 1324 2144 ei.
1347 2118 1458 2155 apex
1485 2106 1522 2144 T
1723 2106 1937 2147 Porcilaca
1957 2109 2069 2148 codd.

323 2171 348 2208 3
378 2159 574 2198 feniculis
594 2158 640 2197 K
726 2160 829 2209 fort.
854 2160 981 2199 simili
1067 2162 1245 2199 notatim
1267 2160 1310 2198 D
1435 2175 1459 2210 4
1490 2173 1646 2199 nomen
1668 2161 1767 2199 erbe
1796 2161 1854 2200 T:
1883 2175 1964 2201 om.
1981 2162 2072 2202 DK

327 2213 440 2265 καλ.]
479 2213 689 2252 calamitin
724 2214 835 2255 codd.
1033 2227 1057 2264 5
1088 2215 1275 2265 nepitam
1308 2215 1354 2253 K
1542 2217 1568 2253 6
1596 2215 1650 2255 ob
1685 2229 1767 2257 om.
1801 2215 1849 2254 K
1879 2216 1983 2268 (non
2019 2219 2070 2269 C)

327 2281 349 2318 7
379 2269 490 2318 quod
511 2268 580 2308 fol.
605 2269 696 2308 sim.
719 2269 831 2318 glad.
853 2269 900 2307 K
1039 2271 1065 2307 8
1094 2270 1221 2309 Verb.
1237 2274 1334 2320 post
1351 2268 1470 2308 albae
1491 2269 1538 2307 K
1671 2284 1697 2320 9
1726 2284 1863 2320 genus
1884 2272 1983 2311 erbe
2011 2273 2068 2312 T:

324 2337 407 2362 om.
432 2322 524 2360 DK
692 2336 741 2362 10
771 2325 977 2374 Lappella
997 2325 1039 2362 D
1174 2324 1366 2363 Veneola
1385 2323 1496 2363 DT:
1524 2338 1607 2364 om.
1625 2324 1672 2362 K
1807 2325 1994 2365 Satirion
2023 2327 2067 2365 T:

326 2377 516 2416 om.DK
668 2377 903 2417 Asfodillos
932 2379 990 2418 T:
1019 2378 1258 2418 Asfolidum
1280 2380 1353 2418 K:
1383 2378 1598 2418 Asfodilos
1620 2380 1663 2416 D
1850 2394 1893 2419 11
1928 2381 2068 2420 Scella

326 2435 394 2483 (ex
413 2432 541 2471 Scilla
562 2436 608 2470 ut
626 2432 728 2483 vid.)
758 2433 795 2470 T
903 2447 951 2483 13
982 2435 1229 2483 Camipetos
1255 2433 1314 2472 T:
1345 2434 1600 2483 Camipedos
1620 2435 1688 2473 K:
1720 2434 2005 2485 Cammipetus
2025 2436 2068 2474 D

328 2500 375 2536 14
406 2494 448 2526 et
469 2488 536 2526 od.
559 2488 616 2537 pi.
639 2488 704 2526 ha.
727 2501 807 2526 om.
841 2487 878 2525 T
1112 2491 1162 2527 16
1192 2489 1439 2538 Stafisagria
1459 2489 1531 2526 D:
1562 2489 1823 2539 Istafisagria
1850 2489 1908 2529 T:
1939 2490 2063 2530 Stafi·

323 2541 461 2581 sacria
481 2541 526 2580 K
673 2543 715 2580 in
736 2543 828 2582 hab.
860 2543 917 2581 T:
947 2557 1030 2582 om.
1049 2543 1141 2582 DK
1293 2543 1443 2582 aminis
1457 2543 1500 2580 D
1697 2557 1742 2592 17
1774 2545 1879 2594 Asp.
1895 2575 1904 2584 .
1927 2575 1935 2583 .
1954 2576 1962 2584 .
1981 2546 2064 2584 auf.

315 2601 415 2647 post
431 2595 584 2635 similia
605 2597 694 2635 KN
714 2599 815 2648 (non
835 2598 936 2646 EF)
960 2599 1025 2649 (cf.
1047 2598 1106 2637 ad
1127 2602 1146 2645 ξ
1168 2599 1222 2647 56
1240 2598 1386 2649 supra)
1707 2599 1895 2648 Splenos
1914 2599 2065 2638 FKT:

323 2652 508 2702 Splenus
529 2650 638 2689 DE:
670 2652 822 2702 plenus
843 2652 890 2689 N
1022 2653 1319 2702 scolopendios
1336 2652 1449 2691 codd.
1637 2654 1687 2691 18
1717 2654 1976 2704 colopendro
2005 2653 2065 2693 T:

323 2706 584 2756 scolopendo
605 2707 651 2745 K
665 2720 674 2744 z
704 2707 989 2757 scoloprendo
1009 2707 1094 2748 D22
1122 2708 1362 2757 scoprendo
1383 2706 1443 2745 D1
1635 2707 1726 2746 sim.
1745 2708 1844 2747 item
1863 2709 1990 2759 (idem
2002 2707 2066 2758 N)

326 2767 369 2800 et
416 2774 481 2811 sp.
522 2761 616 2811 dic.,
658 2764 723 2801 etc.
762 2762 852 2800 KN
1114 2774 1163 2812 19
1191 2761 1301 2812 Vol.,
1342 2762 1410 2801 i.e.
1451 2761 1614 2800 Bulbus
1845 2762 2064 2812 volubilis]

326 2816 492 2855 mobilis
510 2814 555 2854 D
706 2829 759 2854 20
789 2817 996 2855 rotundus
1016 2817 1127 2856 codd.
1229 2816 1405 2856 Stoecas
1425 2816 1494 2855 D:
1526 2816 1713 2856 Istoecas
1741 2816 1802 2856 T:
1831 2817 2004 2856 Stoetas
2021 2816 2069 2854 K

326 2870 593 2910 stoecadibus
614 2870 683 2908 D:
714 2871 999 2910 istoecadibus
1028 2871 1085 2909 T:
1115 2871 1301 2910 stocadis
1321 2871 1367 2909 K
1503 2871 1603 2910 inde
1623 2871 1670 2909 K
1848 2885 1897 2909 21
1927 2871 2065 2910 Cicla—

326 2925 465 2964 minos
485 2924 597 2965 codd.
621 2925 741 2978 (mus
760 2925 823 2976 D)
937 2926 1067 2966 ciclos
1085 2925 1196 2965 codd.
1308 2938 1360 2964 22
1391 2926 1432 2967 h.
1455 2927 1525 2965 he.
1549 2925 1628 2965 vir.
1645 2925 1689 2964 D
1807 2926 1974 2965 virtutis
1993 2927 2039 2964 K
2057 2940 2066 2965 ε

325 2985 428 3019 —tem
448 2979 539 3019 DT
