2228 3444
446 190 1079 238 ETYMOLOGIARVM
1121 191 1249 237 LIB.
1291 191 1358 236 ΙΙ.
1400 188 1520 248 xxiv,
1549 200 1639 236 xxv

155 314 439 363 caelestium
480 313 797 376 siderumque
838 315 1014 376 figuras
1041 314 1404 376 contemplatur
1429 329 1617 371 omnes,
1646 322 1693 360 et
1719 311 1907 360 habitu-

155 395 296 445 dines
327 397 575 444 stellarum
611 394 739 443 circa
764 412 816 444 se
842 404 889 443 et
914 396 1043 443 circa
1077 404 1255 443 terram
1289 393 1557 457 indagabili
1587 392 1774 441 ratione
1804 410 1906 455 per-

155 478 339 525 currit..
389 479 541 526 Porro
578 475 783 525 actualis
809 475 1000 536 dicitur,
1035 493 1162 539 quae
1193 492 1267 525 res
1302 474 1576 539 propositas
1615 473 1904 537 operationi·
1929 473 1989 519 16

157 559 247 606 bus
273 557 372 606 suis
398 558 621 622 explicat.
696 558 850 608 Cuius
877 567 1038 621 partes
1065 567 1179 606 sunt
1205 567 1315 618 tres,
1344 556 1560 617 moralis,
1576 555 1907 619 dispensativa

110 662 130 700 5
155 648 203 688 et
219 638 388 688 civilis.
430 639 634 688 Moralis
651 639 842 699 dicitur,
857 657 943 702 per
959 656 1107 702 quam
1126 656 1234 688 mos
1252 638 1448 688 vivendi
1469 641 1707 687 honestus
1723 637 1907 700 adpeti-

155 731 244 781 tur,
273 730 321 769 et
347 721 568 770 instituta
592 722 656 770 ad
682 720 911 770 virtutem
938 720 1194 770 tendentia
1218 730 1581 784 praeparantur.
1644 721 1908 782 Dispensa-

155 801 252 850 tiva
272 801 461 861 dicitur,
481 820 595 851 cum
613 802 1003 852 domesticarum
1020 820 1181 851 rerum
1202 802 1448 865 sapienter
1473 803 1597 850 ordo
1613 800 1905 864 disponitur.

157 883 326 934 Civilis
352 884 543 945 dicitur,
571 902 656 948 per
682 886 1001 948 quamtotius
1028 884 1235 933 civitatis
1261 884 1442 932 utilitas
1467 883 1849 933 administratur.

291 969 376 1014 DE
402 969 644 1016 IsAGoo1s
670 970 986 1016 PORPHYRII.
1061 969 1181 1015 Post
1201 966 1552 1030 Philosophiae
1579 965 1906 1024 definitioneS,
1933 966 2058 1006 XXV

86 1067 134 1094 10
157 1049 207 1095 in
224 1047 403 1110 quibus
419 1049 707 1111 generaliter
723 1048 891 1097 omnia
907 1048 1236 1108 continentur,
1255 1065 1388 1096 nunc
1407 1050 1638 1110 Isagogas
1656 1045 1911 1110 Porphyrii

156 1129 489 1192 expediamus.
554 1133 761 1194 Isagoga
780 1133 965 1194 quippe
982 1133 1184 1191 Graece,
1206 1131 1380 1178 Latine
1398 1129 1698 1179 introductio
1717 1130 1907 1189 dicitur,

157 1229 328 1262 eorum
372 1212 558 1262 scilicet
597 1215 682 1276 qui
726 1213 1100 1275 Philosophiam
1144 1212 1386 1275 incipiunt
1411 1232 1419 1261 :
1468 1214 1726 1261 continens
1770 1211 1820 1259 in
1860 1229 1911 1260 se

157 1294 630 1343 demonstrationem
665 1294 931 1357 primarum
967 1294 1213 1343 rationum
1247 1296 1310 1343 de
1345 1293 1566 1356 qualibet
1597 1311 1647 1342 re
1683 1293 1802 1356 quid
1834 1293 1908 1353 sit,

157 1392 343 1439 suaque
369 1386 499 1425 certa
518 1393 576 1424 ac
602 1376 912 1425 substantiali
930 1376 1221 1425 definitione
1241 1377 1528 1425 declaretur.
1598 1377 1728 1424 Nam
1747 1378 1910 1438 posito
1932 1386 1963 1420 2

87 1474 132 1514 15
156 1459 316 1520 primo
350 1474 541 1521 genere,
571 1460 754 1507 deinde
788 1460 977 1522 species
1009 1468 1055 1507 et
1080 1457 1189 1517 alia,
1218 1475 1345 1520 quae
1367 1457 1527 1506 vicina
1552 1474 1659 1506 esse
1685 1467 1906 1520 possunt,

157 1539 500 1603 subiungimus
539 1558 596 1589 ac
639 1540 861 1589 discretis
901 1539 1340 1588 communionibus
1380 1555 1677 1602 separamus,
1720 1538 1909 1588 tamdiu

158 1623 528 1685 interponentes
561 1621 875 1682 differentias,
911 1638 1172 1685 quousque
1203 1623 1266 1670 ad
1297 1620 1549 1684 proprium
1582 1622 1686 1669 eius
1716 1622 1780 1669 de
1810 1638 1910 1683 quo

157 1706 437 1767 quaerimus
458 1705 647 1767 signata
663 1704 766 1753 eius
784 1705 1097 1766 expressione
1113 1704 1472 1766 perveniamus,
1485 1711 1537 1750 ut
1554 1712 1672 1766 puta
1691 1721 1700 1751 z
1738 1704 1911 1751 Homo

158 1795 231 1834 est
247 1786 427 1834 animal
443 1786 693 1845 rationale,
714 1787 934 1845 mortale,
956 1795 1218 1844 terrenum,
1237 1784 1392 1848 bipes,
1411 1784 1510 1832 risu
1527 1801 1695 1847 capax.
1739 1785 1911 1832 Genus
1936 1798 1965 1843 3

86 1882 136 1909 20
157 1867 340 1916 animal
366 1885 479 1916 cum
506 1869 693 1916 dictum
721 1877 809 1927 est,
843 1867 1118 1915 substantia
1144 1866 1359 1915 hominis
1386 1867 1634 1915 declarata
1662 1876 1748 1914 est.
1823 1868 1912 1914 Est

157 1951 289 1999 enim
315 1953 379 1999 ad
405 1949 658 1999 hominem
684 1966 840 2013 genus
865 1949 1062 2008 animal,
1092 1950 1177 1997 sed
1209 1950 1324 2011 quia
1348 1950 1445 1996 late
1478 1947 1692 2010 patebat,
1719 1947 1912 1996 adiecta

160 2041 232 2080 est
253 2031 454 2095 species,
479 2042 725 2080 terrenum
748 2050 757 2079 ε
795 2032 893 2079 iam
914 2033 1169 2079 exclusum
1195 2040 1268 2078 est
1289 2031 1339 2078 id
1366 2031 1503 2094 quod
1522 2039 1606 2077 aut
1625 2030 1910 2078 aethereum

157 2123 242 2161 aut
269 2113 529 2161 humidum
565 2110 963 2178 [suspicabatur]
1028 2111 1318 2159 Differentia
1350 2128 1480 2170 vero,
1516 2120 1569 2158 ut
1598 2110 1752 2173 bipes,
1785 2128 1912 2174 quae

158 2204 356 2258 propter
393 2194 625 2243 animalia
666 2193 825 2256 posita
868 2203 941 2242 est
983 2210 1110 2255 quae
1154 2192 1318 2241 multis
1366 2191 1578 2255 pedibus
1621 2192 1910 2241 innituntur.

89 2289 135 2329 25
162 2278 290 2324 Item
307 2277 556 2336 rationale,
584 2285 784 2338 propter
810 2276 891 2322 illa
916 2292 1043 2337 quae
1063 2274 1251 2323 ratione
1272 2283 1476 2337 egeant:
1515 2275 1720 2323 mortale
1745 2283 1910 2323 autem

219 2419 235 2442 1
269 2406 455 2443 siderum
477 2411 602 2455 atque
625 2404 693 2453 fig.
728 2403 781 2441 T:
814 2402 999 2441 siderum
1028 2403 1095 2451 fig.
1121 2403 1167 2440 K
1278 2415 1358 2441 om.
1383 2403 1459 2440 sed
1490 2402 1526 2439 T
1685 2417 1709 2441 2
1740 2404 1913 2452 indaga-

162 2460 257 2498 vilis
274 2460 320 2498 K
479 2471 504 2508 3
534 2472 639 2509 quae
668 2471 737 2496 res
759 2487 768 2496 .
796 2487 805 2497 .
827 2488 836 2497 .
859 2457 1012 2496 dicitur
1041 2470 1122 2495 om.
1152 2458 1336 2507 (propter
1356 2457 1609 2508 homoeotel.)
1630 2458 1757 2495 AKL
1779 2472 1787 2496 :
1818 2459 1910 2498 hab.

162 2513 366 2552 BCDTU
501 2513 718 2563 proposita
744 2512 1090 2562 superationibus
1127 2511 1282 2562 T(non
1308 2511 1373 2560 U)
1542 2526 1565 2560 4
1596 2513 1781 2562 explicat
1811 2511 1910 2550 BC:

163 2569 376 2619 explicare
398 2568 616 2607 contendit
635 2567 747 2605 DU:
781 2566 995 2616 explicare
1017 2567 1289 2604 contenditur
1318 2566 1354 2603 T
1517 2579 1566 2604 10
1595 2580 1706 2605 nunc
1725 2597 1734 2606 .
1755 2597 1764 2605 .
1785 2598 1792 2606 .
1815 2580 1907 2616 exp.

163 2637 247 2664 om.
266 2623 320 2660 L1
455 2635 503 2671 13
526 2624 638 2673 quod
656 2622 710 2661 sit
724 2622 769 2659 K
899 2634 947 2670 14
976 2634 1050 2659 sua
1073 2634 1180 2671 quae
1198 2621 1278 2659 BC
1385 2621 1453 2671 ac]
1477 2621 1584 2659 hanc
1605 2621 1654 2659 C1
1767 2622 1913 2659 defini-

165 2679 282 2717 tione
296 2677 484 2716 ABCT:
515 2677 677 2716 ratione
699 2677 745 2714 K
838 2676 1076 2714 declaratur
1094 2675 1192 2714 CK:
1224 2688 1339 2713 -rans
1360 2674 1557 2713 Sclzwarz
1658 2688 1753 2714 nam
1776 2675 1913 2725 posito

164 2746 294 2782 usque
312 2731 370 2770 ad
386 2731 498 2770 xxvi.
536 2745 560 2782 3
582 2731 672 2769 eius
693 2731 985 2769 definitionem
1005 2734 1097 2779 post
1116 2729 1229 2768 xxvi.
1258 2742 1307 2767 10
1327 2730 1469 2778 posita
1489 2734 1587 2768 sunt
1607 2730 1654 2767 K
1751 2729 1910 2780 posito]

165 2787 396 2837 prepositio
426 2786 462 2824 T
603 2797 650 2835 15
682 2785 763 2824 alia
783 2785 915 2836 quae]
936 2785 1099 2834 aliquae
1119 2784 1161 2821 Α
1309 2786 1359 2821 16
1388 2783 1752 2822 communionibus
1773 2783 1913 2822 BCT:

165 2841 566 2880 commonitionibus
580 2841 620 2878 Α
638 2855 646 2878 ;
669 2840 959 2878 communibus
974 2839 1020 2876 K
1131 2852 1177 2887 17
1210 2839 1423 2888 propriam
1443 2844 1490 2876 ut
1502 2838 1582 2877 vid.
1610 2838 1666 2876 T:
1688 2838 1855 2887 propria
1872 2839 1918 2876 K

169 2898 218 2934 18
247 2897 413 2945 signata
431 2897 520 2934 eius
538 2907 635 2944 exp.
654 2894 742 2932 AB
763 2909 772 2932 ε
793 2895 958 2943 signata
977 2906 1075 2943 exp.
1096 2893 1151 2931 C:
1172 2893 1292 2942 signa
1309 2894 1398 2931 eius
1415 2906 1517 2943 exp.
1542 2892 1602 2930 T:
1622 2893 1744 2941 signa
1760 2905 1855 2941 exp.
1872 2892 1918 2930 K

171 2963 218 3000 19
248 2951 357 2990 risus
379 2950 457 2989 CK
563 2949 648 2988 An.
669 2962 704 2987 c.
725 2949 764 2988 d.
788 2962 823 2988 e.
842 2949 882 2986 A
905 2962 914 2987 ε
945 2949 1093 2987 Genus
1115 2961 1148 2986 c.
1169 2948 1208 2986 d.
1229 2961 1266 2986 e.
1287 2961 1354 2986 an.
1381 2947 1439 2985 T:
1469 2948 1550 2986 An.
1575 2960 1608 2985 c.
1635 2948 1674 2986 d.
1699 2960 1734 2985 e.
1762 2959 1857 2984 esse
1873 2945 1920 2984 K

167 3018 220 3043 20
248 3004 526 3044 subsistentia
547 3004 592 3042 K
738 3017 787 3042 21
820 3004 1037 3041 hominum
1054 3002 1101 3040 K
1222 3014 1274 3039 22
1303 3014 1477 3040 aereum
1494 3002 1539 3039 K
1647 3014 1698 3050 23
1728 3000 1915 3051 suspica-

167 3058 288 3098 batur
307 3060 400 3099 hab.
439 3059 501 3098 T:
543 3072 626 3098 om.
656 3057 780 3096 BCK
887 3057 970 3107 bip.
1008 3058 1122 3108 quod
1156 3055 1196 3094 Β
1359 3069 1411 3106 24
1442 3056 1624 3106 positum
1668 3055 1705 3092 T
1807 3055 1916 3107 quod

167 3113 261 3153 mul.
282 3114 323 3152 Β
485 3124 537 3162 25
566 3113 636 3152 illa
657 3111 770 3163 quod
791 3111 831 3150 Β
