<?xml version="1.0" encoding="UTF-8"?>
<!DOCTYPE html PUBLIC "-//W3C//DTD XHTML 1.0 Transitional//EN"
    "http://www.w3.org/TR/xhtml1/DTD/xhtml1-transitional.dtd">
<html xmlns="http://www.w3.org/1999/xhtml" xml:lang="en" lang="en">
 <head>
  <title>
</title>
<meta http-equiv="Content-Type" content="text/html;charset=utf-8" />
  <meta name='ocr-system' content='tesseract 3.04.00' />
  <meta name='ocr-capabilities' content='ocr_page ocr_carea ocr_par ocr_line ocrx_word'/>
</head>
<body>
  <div class='ocr_page' id='page_1' title='image "./isidori01isiduoft/isidori01isiduoft_0043.png"; bbox 0 0 2228 3444; ppageno 0'>
   <div class='ocr_carea' id='block_1_1' title="bbox 499 147 1554 207">
    <p class='ocr_par' dir='ltr' id='par_1_1' title="bbox 499 147 1554 207">
     <span class='ocr_line' id='line_1_1' title="bbox 499 147 1554 207; baseline -0.005 -8"><span class='ocrx_word' id='word_1_1' title='bbox 499 151 1129 200; x_wconf 76' lang='lat' dir='ltr'><strong>ETYMOLOGIARVM</strong></span> <span class='ocrx_word' id='word_1_2' title='bbox 1171 151 1296 196; x_wconf 83' lang='lat' dir='ltr'>LIB.</span> <span class='ocrx_word' id='word_1_3' title='bbox 1341 150 1378 195; x_wconf 90' lang='lat' dir='ltr'>I.</span> <span class='ocrx_word' id='word_1_4' title='bbox 1419 148 1468 207; x_wconf 78' lang='lat' dir='ltr'>ii,</span> <span class='ocrx_word' id='word_1_5' title='bbox 1505 147 1554 195; x_wconf 88' lang='lat' dir='ltr'>iii</span> 
     </span>
    </p>
   </div>
   <div class='ocr_carea' id='block_1_2' title="bbox 88 271 1967 2545">
    <p class='ocr_par' dir='ltr' id='par_1_2' title="bbox 161 271 1901 578">
     <span class='ocr_line' id='line_1_2' title="bbox 161 271 1901 340; baseline -0.004 -15"><span class='ocrx_word' id='word_1_6' title='bbox 161 279 279 327; x_wconf 89' lang='lat' dir='ltr'>tales</span> <span class='ocrx_word' id='word_1_7' title='bbox 318 278 450 340; x_wconf 85' lang='grc' dir='ltr'>ἱερὰς,</span> <span class='ocrx_word' id='word_1_8' title='bbox 487 276 752 338; x_wconf 85' lang='grc' dir='ltr'>πανδήμους</span> <span class='ocrx_word' id='word_1_9' title='bbox 788 275 1020 335; x_wconf 79' lang='lat' dir='ltr'>vulgares.</span> <span class='ocrx_word' id='word_1_10' title='bbox 1109 273 1408 321; x_wconf 86' lang='lat' dir='ltr'>Graecarum</span> <span class='ocrx_word' id='word_1_11' title='bbox 1448 271 1714 320; x_wconf 86' lang='lat' dir='ltr'>litterarum</span> <span class='ocrx_word' id='word_1_12' title='bbox 1759 289 1901 320; x_wconf 89' lang='lat' dir='ltr'>usum</span> 
     </span>
     <span class='ocr_line' id='line_1_3' title="bbox 161 351 1714 422; baseline -0.005 -15"><span class='ocrx_word' id='word_1_13' title='bbox 161 358 303 422; x_wconf 88' lang='lat' dir='ltr'>primi</span> <span class='ocrx_word' id='word_1_14' title='bbox 330 357 604 407; x_wconf 81' lang='lat' dir='ltr'>Phoenices</span> <span class='ocrx_word' id='word_1_15' title='bbox 630 356 923 404; x_wconf 90' lang='lat' dir='ltr'>invenerunt</span> <span class='ocrx_word' id='word_1_16' title='bbox 945 373 958 414; x_wconf 79' lang='lat'><em>3</em></span> <span class='ocrx_word' id='word_1_17' title='bbox 993 355 1126 402; x_wconf 93' lang='lat' dir='ltr'>unde</span> <span class='ocrx_word' id='word_1_18' title='bbox 1147 362 1195 402; x_wconf 91' lang='lat' dir='ltr'>et</span> <span class='ocrx_word' id='word_1_19' title='bbox 1222 356 1452 401; x_wconf 90' lang='lat' dir='ltr'>Lucanus</span> <span class='ocrx_word' id='word_1_20' title='bbox 1480 351 1546 417; x_wconf 84' lang='lat'>(3,</span> <span class='ocrx_word' id='word_1_21' title='bbox 1569 352 1714 417; x_wconf 88' lang='lat'>220):</span> 
     </span>
     <span class='ocr_line' id='line_1_4' title="bbox 396 433 1543 500; baseline -0.006 -12"><span class='ocrx_word' id='word_1_22' title='bbox 396 438 670 488; x_wconf 81' lang='lat' dir='ltr'>Phoenices</span> <span class='ocrx_word' id='word_1_23' title='bbox 707 435 865 500; x_wconf 87' lang='lat' dir='ltr'>primi,</span> <span class='ocrx_word' id='word_1_24' title='bbox 903 437 1062 483; x_wconf 91' lang='lat' dir='ltr'>famae</span> <span class='ocrx_word' id='word_1_25' title='bbox 1099 434 1138 483; x_wconf 87' lang='lat' dir='ltr'>si</span> <span class='ocrx_word' id='word_1_26' title='bbox 1176 433 1401 494; x_wconf 88' lang='lat' dir='ltr'>creditur,</span> <span class='ocrx_word' id='word_1_27' title='bbox 1439 433 1543 482; x_wconf 91' lang='lat' dir='ltr'>ausi</span> 
     </span>
     <span class='ocr_line' id='line_1_5' title="bbox 397 514 1573 578; baseline -0.005 -10"><span class='ocrx_word' id='word_1_28' title='bbox 397 535 678 568; x_wconf 80' lang='lat' dir='ltr'>mansuram</span> <span class='ocrx_word' id='word_1_29' title='bbox 715 516 920 566; x_wconf 88' lang='lat' dir='ltr'>rudibus</span> <span class='ocrx_word' id='word_1_30' title='bbox 957 532 1131 564; x_wconf 91' lang='lat' dir='ltr'>vocem</span> <span class='ocrx_word' id='word_1_31' title='bbox 1170 515 1359 578; x_wconf 85' lang='lat' dir='ltr'>signare</span> <span class='ocrx_word' id='word_1_32' title='bbox 1396 514 1573 578; x_wconf 86' lang='lat' dir='ltr'>figuris.</span> 
     </span>
    </p>

    <p class='ocr_par' dir='ltr' id='par_1_3' title="bbox 113 595 1961 978">
     <span class='ocr_line' id='line_1_6' title="bbox 113 595 1961 672; baseline -0.004 -21"><span class='ocrx_word' id='word_1_33' title='bbox 113 630 136 672; x_wconf 83' lang='lat'>5</span> <span class='ocrx_word' id='word_1_34' title='bbox 165 602 299 651; x_wconf 90' lang='lat' dir='ltr'>Hinc</span> <span class='ocrx_word' id='word_1_35' title='bbox 332 611 405 651; x_wconf 89' lang='lat' dir='ltr'>est</span> <span class='ocrx_word' id='word_1_36' title='bbox 441 603 577 664; x_wconf 89' lang='lat' dir='ltr'>quod</span> <span class='ocrx_word' id='word_1_37' title='bbox 615 610 662 649; x_wconf 93' lang='lat' dir='ltr'>et</span> <span class='ocrx_word' id='word_1_38' title='bbox 700 597 984 648; x_wconf 92' lang='lat' dir='ltr'>Phoeniceo</span> <span class='ocrx_word' id='word_1_39' title='bbox 1022 599 1187 646; x_wconf 91' lang='lat' dir='ltr'>colore</span> <span class='ocrx_word' id='word_1_40' title='bbox 1220 597 1457 646; x_wconf 89' lang='lat' dir='ltr'>librorum</span> <span class='ocrx_word' id='word_1_41' title='bbox 1492 597 1652 660; x_wconf 88' lang='lat' dir='ltr'>capita</span> <span class='ocrx_word' id='word_1_42' title='bbox 1689 595 1905 645; x_wconf 89' lang='lat' dir='ltr'>scribun-</span> <span class='ocrx_word' id='word_1_43' title='bbox 1928 607 1961 653; x_wconf 86' lang='lat'>6</span> 
     </span>
     <span class='ocr_line' id='line_1_7' title="bbox 160 679 1904 747; baseline -0.004 -14"><span class='ocrx_word' id='word_1_44' title='bbox 160 694 248 743; x_wconf 87' lang='lat' dir='ltr'>tur,</span> <span class='ocrx_word' id='word_1_45' title='bbox 289 683 405 747; x_wconf 89' lang='lat' dir='ltr'>quia</span> <span class='ocrx_word' id='word_1_46' title='bbox 439 683 503 731; x_wconf 89' lang='lat' dir='ltr'>ab</span> <span class='ocrx_word' id='word_1_47' title='bbox 539 680 656 746; x_wconf 88' lang='lat' dir='ltr'>ipsis</span> <span class='ocrx_word' id='word_1_48' title='bbox 695 681 881 729; x_wconf 82' lang='lat' dir='ltr'>litterae</span> <span class='ocrx_word' id='word_1_49' title='bbox 919 679 1113 727; x_wconf 90' lang='lat' dir='ltr'>initium</span> <span class='ocrx_word' id='word_1_50' title='bbox 1151 679 1442 728; x_wconf 88' lang='lat' dir='ltr'>habuerunt.</span> <span class='ocrx_word' id='word_1_51' title='bbox 1517 679 1738 730; x_wconf 83' lang='lat' dir='ltr'>Cadmus</span> <span class='ocrx_word' id='word_1_52' title='bbox 1776 681 1904 742; x_wconf 86' lang='lat' dir='ltr'>Age-</span> 
     </span>
     <span class='ocr_line' id='line_1_8' title="bbox 159 760 1906 816; baseline -0.005 -1"><span class='ocrx_word' id='word_1_53' title='bbox 159 765 290 816; x_wconf 89' lang='lat' dir='ltr'>noris</span> <span class='ocrx_word' id='word_1_54' title='bbox 324 765 451 814; x_wconf 91' lang='lat' dir='ltr'>filius</span> <span class='ocrx_word' id='word_1_55' title='bbox 479 767 691 814; x_wconf 86' lang='lat' dir='ltr'>Graecas</span> <span class='ocrx_word' id='word_1_56' title='bbox 725 763 907 811; x_wconf 86' lang='lat' dir='ltr'>litteras</span> <span class='ocrx_word' id='word_1_57' title='bbox 933 779 961 810; x_wconf 91' lang='lat' dir='ltr'>a</span> <span class='ocrx_word' id='word_1_58' title='bbox 996 760 1246 810; x_wconf 89' lang='lat' dir='ltr'>Phoenice</span> <span class='ocrx_word' id='word_1_59' title='bbox 1280 760 1329 808; x_wconf 89' lang='lat' dir='ltr'>in</span> <span class='ocrx_word' id='word_1_60' title='bbox 1361 760 1619 809; x_wconf 86' lang='lat' dir='ltr'>Graeciam</span> <span class='ocrx_word' id='word_1_61' title='bbox 1650 762 1823 809; x_wconf 92' lang='lat' dir='ltr'>decem</span> <span class='ocrx_word' id='word_1_62' title='bbox 1859 769 1906 808; x_wconf 91' lang='lat' dir='ltr'>et</span> 
     </span>
     <span class='ocr_line' id='line_1_9' title="bbox 161 845 1901 912; baseline -0.004 -16"><span class='ocrx_word' id='word_1_63' title='bbox 161 858 349 912; x_wconf 91' lang='lat' dir='ltr'>septem</span> <span class='ocrx_word' id='word_1_64' title='bbox 402 846 588 910; x_wconf 87' lang='lat' dir='ltr'>primus</span> <span class='ocrx_word' id='word_1_65' title='bbox 635 845 826 904; x_wconf 78' lang='lat' dir='ltr'>attulit3</span> <span class='ocrx_word' id='word_1_66' title='bbox 884 847 1901 892; x_wconf 76' lang='lat' dir='ltr'>A.B.P.A.E.Z.I.K.A.M.N.O.H.P.C.T.&lt;1&gt;.</span> 
     </span>
     <span class='ocr_line' id='line_1_10' title="bbox 164 924 1906 978; baseline -0.003 0"><span class='ocrx_word' id='word_1_67' title='bbox 164 931 259 978; x_wconf 91' lang='lat' dir='ltr'>His</span> <span class='ocrx_word' id='word_1_68' title='bbox 311 930 600 978; x_wconf 89' lang='lat' dir='ltr'>Palamedes</span> <span class='ocrx_word' id='word_1_69' title='bbox 649 926 867 975; x_wconf 90' lang='lat' dir='ltr'>Troiano</span> <span class='ocrx_word' id='word_1_70' title='bbox 917 927 1048 974; x_wconf 88' lang='lat' dir='ltr'>bello</span> <span class='ocrx_word' id='word_1_71' title='bbox 1097 934 1191 973; x_wconf 85' lang='lat' dir='ltr'>tres</span> <span class='ocrx_word' id='word_1_72' title='bbox 1240 924 1420 973; x_wconf 90' lang='lat' dir='ltr'>adiecit</span> <span class='ocrx_word' id='word_1_73' title='bbox 1469 929 1528 972; x_wconf 91' lang='lat' dir='ltr'>H.</span> <span class='ocrx_word' id='word_1_74' title='bbox 1559 930 1616 973; x_wconf 93' lang='lat' dir='ltr'>X.</span> <span class='ocrx_word' id='word_1_75' title='bbox 1644 929 1698 972; x_wconf 89' lang='grc' dir='ltr'>Ω.</span> <span class='ocrx_word' id='word_1_76' title='bbox 1790 927 1906 972; x_wconf 89' lang='lat' dir='ltr'>Post</span> 
     </span>
    </p>

    <p class='ocr_par' dir='ltr' id='par_1_4' title="bbox 88 1005 1957 1399">
     <span class='ocr_line' id='line_1_11' title="bbox 88 1005 1957 1078; baseline -0.004 -17"><span class='ocrx_word' id='word_1_77' title='bbox 88 1043 140 1072; x_wconf 75' lang='lat'>10</span> <span class='ocrx_word' id='word_1_78' title='bbox 162 1029 309 1075; x_wconf 86' lang='lat' dir='ltr'>quem</span> <span class='ocrx_word' id='word_1_79' title='bbox 337 1010 615 1060; x_wconf 88' lang='lat' dir='ltr'>Simonides</span> <span class='ocrx_word' id='word_1_80' title='bbox 644 1008 855 1058; x_wconf 92' lang='lat' dir='ltr'>Melicus</span> <span class='ocrx_word' id='word_1_81' title='bbox 882 1016 976 1056; x_wconf 89' lang='lat' dir='ltr'>tres</span> <span class='ocrx_word' id='word_1_82' title='bbox 1002 1006 1120 1055; x_wconf 91' lang='lat' dir='ltr'>alias</span> <span class='ocrx_word' id='word_1_83' title='bbox 1146 1006 1325 1056; x_wconf 89' lang='lat' dir='ltr'>adiecit</span> <span class='ocrx_word' id='word_1_84' title='bbox 1349 1012 1405 1054; x_wconf 79' lang='grc' dir='ltr'>Ψ.</span> <span class='ocrx_word' id='word_1_85' title='bbox 1426 1008 1477 1057; x_wconf 84' lang='grc' dir='ltr'>Ξ.</span> <span class='ocrx_word' id='word_1_86' title='bbox 1501 1012 1552 1054; x_wconf 84' lang='grc' dir='ltr'>Θ.</span> <span class='ocrx_word' id='word_1_87' title='bbox 1627 1009 1670 1054; x_wconf 87' lang='lat' dir='ltr'>Y</span> <span class='ocrx_word' id='word_1_88' title='bbox 1696 1005 1905 1054; x_wconf 89' lang='lat' dir='ltr'>litteram</span> <span class='ocrx_word' id='word_1_89' title='bbox 1929 1030 1957 1078; x_wconf 94' lang='lat'><strong>7</strong></span> 
     </span>
     <span class='ocr_line' id='line_1_12' title="bbox 163 1087 1902 1157; baseline -0.004 -15"><span class='ocrx_word' id='word_1_90' title='bbox 163 1095 460 1157; x_wconf 88' lang='lat' dir='ltr'>Pythagoras</span> <span class='ocrx_word' id='word_1_91' title='bbox 498 1091 690 1141; x_wconf 89' lang='lat' dir='ltr'>Samius</span> <span class='ocrx_word' id='word_1_92' title='bbox 727 1092 791 1139; x_wconf 89' lang='lat' dir='ltr'>ad</span> <span class='ocrx_word' id='word_1_93' title='bbox 828 1091 1108 1152; x_wconf 88' lang='lat' dir='ltr'>exemplum</span> <span class='ocrx_word' id='word_1_94' title='bbox 1146 1088 1274 1137; x_wconf 89' lang='lat' dir='ltr'>vitae</span> <span class='ocrx_word' id='word_1_95' title='bbox 1311 1090 1557 1137; x_wconf 87' lang='lat' dir='ltr'>humanae</span> <span class='ocrx_word' id='word_1_96' title='bbox 1588 1087 1773 1151; x_wconf 89' lang='lat' dir='ltr'>primus</span> <span class='ocrx_word' id='word_1_97' title='bbox 1808 1089 1902 1136; x_wconf 87' lang='lat' dir='ltr'>for-</span> 
     </span>
     <span class='ocr_line' id='line_1_13' title="bbox 160 1168 1904 1237; baseline -0.004 -14"><span class='ocrx_word' id='word_1_98' title='bbox 160 1174 338 1234; x_wconf 85' lang='lat' dir='ltr'>mavit;</span> <span class='ocrx_word' id='word_1_99' title='bbox 380 1173 517 1223; x_wconf 88' lang='lat' dir='ltr'>cuius</span> <span class='ocrx_word' id='word_1_100' title='bbox 552 1173 736 1237; x_wconf 85' lang='lat' dir='ltr'>virgula</span> <span class='ocrx_word' id='word_1_101' title='bbox 770 1170 1011 1220; x_wconf 89' lang='lat' dir='ltr'>subterior</span> <span class='ocrx_word' id='word_1_102' title='bbox 1047 1170 1255 1233; x_wconf 89' lang='lat' dir='ltr'>primam</span> <span class='ocrx_word' id='word_1_103' title='bbox 1293 1179 1503 1218; x_wconf 89' lang='lat' dir='ltr'>aetatem</span> <span class='ocrx_word' id='word_1_104' title='bbox 1542 1169 1795 1232; x_wconf 85' lang='lat' dir='ltr'>significat,</span> <span class='ocrx_word' id='word_1_105' title='bbox 1836 1168 1904 1216; x_wconf 83' lang='lat' dir='ltr'>in-</span> 
     </span>
     <span class='ocr_line' id='line_1_14' title="bbox 160 1249 1899 1319; baseline -0.005 -14"><span class='ocrx_word' id='word_1_106' title='bbox 160 1266 342 1306; x_wconf 91' lang='lat' dir='ltr'>certam</span> <span class='ocrx_word' id='word_1_107' title='bbox 369 1255 552 1319; x_wconf 87' lang='lat' dir='ltr'>quippe</span> <span class='ocrx_word' id='word_1_108' title='bbox 578 1264 626 1304; x_wconf 89' lang='lat' dir='ltr'>et</span> <span class='ocrx_word' id='word_1_109' title='bbox 651 1271 778 1317; x_wconf 88' lang='lat' dir='ltr'>quae</span> <span class='ocrx_word' id='word_1_110' title='bbox 804 1254 968 1302; x_wconf 88' lang='lat' dir='ltr'>adhuc</span> <span class='ocrx_word' id='word_1_111' title='bbox 995 1268 1045 1300; x_wconf 93' lang='lat' dir='ltr'>se</span> <span class='ocrx_word' id='word_1_112' title='bbox 1072 1268 1164 1300; x_wconf 90' lang='lat' dir='ltr'>nec</span> <span class='ocrx_word' id='word_1_113' title='bbox 1190 1250 1316 1299; x_wconf 90' lang='lat' dir='ltr'>vitiis</span> <span class='ocrx_word' id='word_1_114' title='bbox 1343 1267 1435 1299; x_wconf 90' lang='lat' dir='ltr'>nec</span> <span class='ocrx_word' id='word_1_115' title='bbox 1462 1250 1721 1298; x_wconf 90' lang='lat' dir='ltr'>virtutibus</span> <span class='ocrx_word' id='word_1_116' title='bbox 1748 1249 1899 1299; x_wconf 91' lang='lat' dir='ltr'>dedit.</span> 
     </span>
     <span class='ocr_line' id='line_1_15' title="bbox 162 1331 1904 1399; baseline -0.005 -12"><span class='ocrx_word' id='word_1_117' title='bbox 162 1338 355 1387; x_wconf 89' lang='lat' dir='ltr'>Bivium</span> <span class='ocrx_word' id='word_1_118' title='bbox 389 1346 569 1397; x_wconf 89' lang='lat' dir='ltr'>autem,</span> <span class='ocrx_word' id='word_1_119' title='bbox 603 1337 740 1399; x_wconf 90' lang='lat' dir='ltr'>quod</span> <span class='ocrx_word' id='word_1_120' title='bbox 774 1343 1008 1398; x_wconf 86' lang='lat' dir='ltr'>superest,</span> <span class='ocrx_word' id='word_1_121' title='bbox 1046 1334 1110 1381; x_wconf 90' lang='lat' dir='ltr'>ab</span> <span class='ocrx_word' id='word_1_122' title='bbox 1143 1331 1478 1382; x_wconf 89' lang='lat' dir='ltr'>adolescentia</span> <span class='ocrx_word' id='word_1_123' title='bbox 1514 1331 1715 1395; x_wconf 87' lang='lat' dir='ltr'>incipit:</span> <span class='ocrx_word' id='word_1_124' title='bbox 1766 1331 1904 1380; x_wconf 90' lang='lat' dir='ltr'>cuius</span> 
     </span>
    </p>

    <p class='ocr_par' dir='ltr' id='par_1_5' title="bbox 90 1412 1906 1647">
     <span class='ocr_line' id='line_1_16' title="bbox 90 1412 1906 1488; baseline -0.006 -18"><span class='ocrx_word' id='word_1_125' title='bbox 90 1447 138 1488; x_wconf 86' lang='lat'>15</span> <span class='ocrx_word' id='word_1_126' title='bbox 159 1422 327 1471; x_wconf 86' lang='lat' dir='ltr'>dextra</span> <span class='ocrx_word' id='word_1_127' title='bbox 360 1437 469 1484; x_wconf 88' lang='lat' dir='ltr'>pars</span> <span class='ocrx_word' id='word_1_128' title='bbox 506 1420 658 1467; x_wconf 87' lang='lat' dir='ltr'>ardua</span> <span class='ocrx_word' id='word_1_129' title='bbox 689 1427 775 1478; x_wconf 90' lang='lat' dir='ltr'>est,</span> <span class='ocrx_word' id='word_1_130' title='bbox 813 1418 901 1465; x_wconf 91' lang='lat' dir='ltr'>sed</span> <span class='ocrx_word' id='word_1_131' title='bbox 930 1417 994 1464; x_wconf 92' lang='lat' dir='ltr'>ad</span> <span class='ocrx_word' id='word_1_132' title='bbox 1027 1415 1224 1463; x_wconf 89' lang='lat' dir='ltr'>beatam</span> <span class='ocrx_word' id='word_1_133' title='bbox 1255 1414 1405 1462; x_wconf 90' lang='lat' dir='ltr'>vitam</span> <span class='ocrx_word' id='word_1_134' title='bbox 1436 1415 1676 1463; x_wconf 89' lang='lat' dir='ltr'>tendens:</span> <span class='ocrx_word' id='word_1_135' title='bbox 1714 1412 1906 1461; x_wconf 87' lang='lat' dir='ltr'>sinistra</span> 
     </span>
     <span class='ocr_line' id='line_1_17' title="bbox 159 1493 1902 1562; baseline -0.006 -11"><span class='ocrx_word' id='word_1_136' title='bbox 159 1502 359 1562; x_wconf 90' lang='lat' dir='ltr'>facilior,</span> <span class='ocrx_word' id='word_1_137' title='bbox 399 1502 486 1550; x_wconf 91' lang='lat' dir='ltr'>sed</span> <span class='ocrx_word' id='word_1_138' title='bbox 524 1502 588 1549; x_wconf 93' lang='lat' dir='ltr'>ad</span> <span class='ocrx_word' id='word_1_139' title='bbox 625 1500 788 1548; x_wconf 90' lang='lat' dir='ltr'>labem</span> <span class='ocrx_word' id='word_1_140' title='bbox 828 1498 1179 1559; x_wconf 88' lang='lat' dir='ltr'>interitumque</span> <span class='ocrx_word' id='word_1_141' title='bbox 1219 1497 1486 1545; x_wconf 91' lang='lat' dir='ltr'>deducens.</span> <span class='ocrx_word' id='word_1_142' title='bbox 1578 1497 1655 1543; x_wconf 93' lang='lat' dir='ltr'>De</span> <span class='ocrx_word' id='word_1_143' title='bbox 1694 1511 1792 1558; x_wconf 85' lang='lat' dir='ltr'>qua</span> <span class='ocrx_word' id='word_1_144' title='bbox 1834 1493 1902 1542; x_wconf 84' lang='lat' dir='ltr'>sic</span> 
     </span>
     <span class='ocr_line' id='line_1_18' title="bbox 163 1582 683 1647; baseline -0.006 -14"><span class='ocrx_word' id='word_1_145' title='bbox 163 1583 355 1634; x_wconf 89' lang='lat' dir='ltr'>Persius</span> <span class='ocrx_word' id='word_1_146' title='bbox 380 1583 446 1632; x_wconf 89' lang='lat' dir='ltr'>ait</span> <span class='ocrx_word' id='word_1_147' title='bbox 479 1582 544 1647; x_wconf 85' lang='lat'>(3,</span> <span class='ocrx_word' id='word_1_148' title='bbox 566 1582 649 1646; x_wconf 84' lang='lat'>56)</span> <span class='ocrx_word' id='word_1_149' title='bbox 675 1600 683 1630; x_wconf 92' lang='lat'>:</span> 
     </span>
    </p>

    <p class='ocr_par' dir='ltr' id='par_1_6' title="bbox 399 1659 1627 1809">
     <span class='ocr_line' id='line_1_19' title="bbox 401 1659 1602 1726; baseline -0.007 -12"><span class='ocrx_word' id='word_1_150' title='bbox 401 1667 466 1714; x_wconf 87' lang='lat' dir='ltr'>Et</span> <span class='ocrx_word' id='word_1_151' title='bbox 502 1663 591 1713; x_wconf 89' lang='lat' dir='ltr'>tibi</span> <span class='ocrx_word' id='word_1_152' title='bbox 629 1680 726 1726; x_wconf 87' lang='lat' dir='ltr'>qua</span> <span class='ocrx_word' id='word_1_153' title='bbox 763 1661 954 1711; x_wconf 87' lang='lat' dir='ltr'>Samios</span> <span class='ocrx_word' id='word_1_154' title='bbox 992 1659 1195 1709; x_wconf 86' lang='lat' dir='ltr'>deduxit</span> <span class='ocrx_word' id='word_1_155' title='bbox 1233 1659 1390 1708; x_wconf 85' lang='lat' dir='ltr'>littera</span> <span class='ocrx_word' id='word_1_156' title='bbox 1427 1676 1602 1718; x_wconf 84' lang='lat' dir='ltr'>ramos,</span> 
     </span>
     <span class='ocr_line' id='line_1_20' title="bbox 399 1740 1627 1809; baseline -0.006 -14"><span class='ocrx_word' id='word_1_157' title='bbox 399 1754 678 1809; x_wconf 84' lang='lat' dir='ltr'>surgentem</span> <span class='ocrx_word' id='word_1_158' title='bbox 716 1745 887 1793; x_wconf 85' lang='lat' dir='ltr'>dextro</span> <span class='ocrx_word' id='word_1_159' title='bbox 925 1741 1213 1791; x_wconf 89' lang='lat' dir='ltr'>monstravit</span> <span class='ocrx_word' id='word_1_160' title='bbox 1248 1740 1403 1790; x_wconf 91' lang='lat' dir='ltr'>limite</span> <span class='ocrx_word' id='word_1_161' title='bbox 1440 1742 1627 1789; x_wconf 90' lang='lat' dir='ltr'>callem.</span> 
     </span>
    </p>

    <p class='ocr_par' dir='ltr' id='par_1_7' title="bbox 91 1822 1960 2209">
     <span class='ocr_line' id='line_1_21' title="bbox 91 1822 1960 1892; baseline -0.005 -13"><span class='ocrx_word' id='word_1_162' title='bbox 91 1859 143 1889; x_wconf 83' lang='lat'>20</span> <span class='ocrx_word' id='word_1_163' title='bbox 165 1829 401 1892; x_wconf 82' lang='lat' dir='ltr'>Quinque</span> <span class='ocrx_word' id='word_1_164' title='bbox 426 1837 591 1877; x_wconf 87' lang='lat' dir='ltr'>autem</span> <span class='ocrx_word' id='word_1_165' title='bbox 618 1843 724 1875; x_wconf 90' lang='lat' dir='ltr'>esse</span> <span class='ocrx_word' id='word_1_166' title='bbox 748 1827 878 1889; x_wconf 88' lang='lat' dir='ltr'>apud</span> <span class='ocrx_word' id='word_1_167' title='bbox 909 1827 1124 1874; x_wconf 89' lang='lat' dir='ltr'>Graecos</span> <span class='ocrx_word' id='word_1_168' title='bbox 1143 1822 1370 1886; x_wconf 84' lang='lat' dir='ltr'>mysticas</span> <span class='ocrx_word' id='word_1_169' title='bbox 1395 1822 1590 1871; x_wconf 91' lang='lat' dir='ltr'>litteras.</span> <span class='ocrx_word' id='word_1_170' title='bbox 1666 1822 1827 1869; x_wconf 90' lang='lat' dir='ltr'>Prima</span> <span class='ocrx_word' id='word_1_171' title='bbox 1851 1826 1903 1879; x_wconf 88' lang='grc' dir='ltr'>Υ,</span> <span class='ocrx_word' id='word_1_172' title='bbox 1931 1824 1960 1870; x_wconf 92' lang='lat'>8</span> 
     </span>
     <span class='ocr_line' id='line_1_22' title="bbox 164 1904 1907 1975; baseline -0.006 -15"><span class='ocrx_word' id='word_1_173' title='bbox 164 1927 290 1975; x_wconf 84' lang='lat' dir='ltr'>quae</span> <span class='ocrx_word' id='word_1_174' title='bbox 310 1912 578 1959; x_wconf 90' lang='lat' dir='ltr'>humanam</span> <span class='ocrx_word' id='word_1_175' title='bbox 595 1909 745 1957; x_wconf 90' lang='lat' dir='ltr'>vitam</span> <span class='ocrx_word' id='word_1_176' title='bbox 766 1907 1021 1971; x_wconf 84' lang='lat' dir='ltr'>significat,</span> <span class='ocrx_word' id='word_1_177' title='bbox 1044 1908 1107 1956; x_wconf 94' lang='lat' dir='ltr'>de</span> <span class='ocrx_word' id='word_1_178' title='bbox 1127 1923 1224 1969; x_wconf 87' lang='lat' dir='ltr'>qua</span> <span class='ocrx_word' id='word_1_179' title='bbox 1244 1922 1375 1954; x_wconf 92' lang='lat' dir='ltr'>nunc</span> <span class='ocrx_word' id='word_1_180' title='bbox 1396 1904 1620 1954; x_wconf 86' lang='lat' dir='ltr'>diximus.</span> <span class='ocrx_word' id='word_1_181' title='bbox 1678 1904 1907 1952; x_wconf 87' lang='lat' dir='ltr'>Secunda</span> 
     </span>
     <span class='ocr_line' id='line_1_23' title="bbox 162 1985 1905 2057; baseline -0.006 -14"><span class='ocrx_word' id='word_1_182' title='bbox 162 2000 215 2054; x_wconf 83' lang='grc' dir='ltr'>Θ,</span> <span class='ocrx_word' id='word_1_183' title='bbox 242 2011 369 2057; x_wconf 87' lang='lat' dir='ltr'>quae</span> <span class='ocrx_word' id='word_1_184' title='bbox 396 2002 604 2041; x_wconf 89' lang='lat' dir='ltr'>mortem</span> <span class='ocrx_word' id='word_1_185' title='bbox 633 1987 937 2056; x_wconf 65' lang='lat' dir='ltr'>[significat]</span> <span class='ocrx_word' id='word_1_186' title='bbox 1013 1990 1141 2037; x_wconf 87' lang='lat' dir='ltr'>Nam</span> <span class='ocrx_word' id='word_1_187' title='bbox 1169 1989 1356 2037; x_wconf 91' lang='lat' dir='ltr'>iudices</span> <span class='ocrx_word' id='word_1_188' title='bbox 1394 1987 1603 2036; x_wconf 84' lang='lat' dir='ltr'>eandem</span> <span class='ocrx_word' id='word_1_189' title='bbox 1631 1985 1839 2033; x_wconf 90' lang='lat' dir='ltr'>litteram</span> <span class='ocrx_word' id='word_1_190' title='bbox 1866 1990 1905 2031; x_wconf 85' lang='grc' dir='ltr'>Θ</span> 
     </span>
     <span class='ocr_line' id='line_1_24' title="bbox 162 2067 1907 2139; baseline -0.006 -14"><span class='ocrx_word' id='word_1_191' title='bbox 162 2076 484 2139; x_wconf 89' lang='lat' dir='ltr'>adponebant</span> <span class='ocrx_word' id='word_1_192' title='bbox 507 2075 571 2122; x_wconf 92' lang='lat' dir='ltr'>ad</span> <span class='ocrx_word' id='word_1_193' title='bbox 598 2089 768 2121; x_wconf 91' lang='lat' dir='ltr'>eorum</span> <span class='ocrx_word' id='word_1_194' title='bbox 794 2070 1008 2130; x_wconf 85' lang='lat' dir='ltr'>nomina,</span> <span class='ocrx_word' id='word_1_195' title='bbox 1039 2086 1163 2133; x_wconf 90' lang='lat' dir='ltr'>quos</span> <span class='ocrx_word' id='word_1_196' title='bbox 1198 2068 1440 2133; x_wconf 90' lang='lat' dir='ltr'>supplicio</span> <span class='ocrx_word' id='word_1_197' title='bbox 1473 2067 1769 2116; x_wconf 87' lang='lat' dir='ltr'>afficiebant.</span> <span class='ocrx_word' id='word_1_198' title='bbox 1843 2068 1907 2114; x_wconf 94' lang='lat' dir='ltr'>Et</span> 
     </span>
     <span class='ocr_line' id='line_1_25' title="bbox 163 2149 1908 2209; baseline -0.006 -3"><span class='ocrx_word' id='word_1_199' title='bbox 163 2156 340 2207; x_wconf 91' lang='lat' dir='ltr'>dicitur</span> <span class='ocrx_word' id='word_1_200' title='bbox 366 2158 527 2205; x_wconf 88' lang='lat' dir='ltr'>Theta</span> <span class='ocrx_word' id='word_1_201' title='bbox 553 2155 644 2202; x_wconf 83' lang='grc' dir='ltr'>ἀπὸ</span> <span class='ocrx_word' id='word_1_202' title='bbox 667 2158 748 2203; x_wconf 84' lang='grc' dir='ltr'>τοῦ</span> <span class='ocrx_word' id='word_1_203' title='bbox 779 2154 989 2209; x_wconf 82' lang='grc' dir='ltr'>θανάτου,</span> <span class='ocrx_word' id='word_1_204' title='bbox 1016 2151 1067 2201; x_wconf 88' lang='lat' dir='ltr'>id</span> <span class='ocrx_word' id='word_1_205' title='bbox 1103 2162 1176 2200; x_wconf 88' lang='lat' dir='ltr'>est</span> <span class='ocrx_word' id='word_1_206' title='bbox 1206 2169 1235 2199; x_wconf 87' lang='lat' dir='ltr'>a</span> <span class='ocrx_word' id='word_1_207' title='bbox 1270 2159 1437 2199; x_wconf 90' lang='lat' dir='ltr'>morte.</span> <span class='ocrx_word' id='word_1_208' title='bbox 1509 2150 1657 2198; x_wconf 87' lang='lat' dir='ltr'>Vnde</span> <span class='ocrx_word' id='word_1_209' title='bbox 1687 2158 1734 2197; x_wconf 92' lang='lat' dir='ltr'>et</span> <span class='ocrx_word' id='word_1_210' title='bbox 1760 2149 1908 2197; x_wconf 88' lang='lat' dir='ltr'>habet</span> 
     </span>
    </p>

    <p class='ocr_par' dir='ltr' id='par_1_8' title="bbox 91 2232 1825 2307">
     <span class='ocr_line' id='line_1_26' title="bbox 91 2232 1825 2307; baseline -0.006 -19"><span class='ocrx_word' id='word_1_211' title='bbox 91 2265 110 2294; x_wconf 81' lang='lat'><em>2</em></span> <span class='ocrx_word' id='word_1_212' title='bbox 118 2265 140 2307; x_wconf 85' lang='lat'>5</span> <span class='ocrx_word' id='word_1_213' title='bbox 165 2256 250 2303; x_wconf 90' lang='lat' dir='ltr'>per</span> <span class='ocrx_word' id='word_1_214' title='bbox 275 2239 494 2287; x_wconf 90' lang='lat' dir='ltr'>medium</span> <span class='ocrx_word' id='word_1_215' title='bbox 520 2238 687 2296; x_wconf 90' lang='lat' dir='ltr'>telum,</span> <span class='ocrx_word' id='word_1_216' title='bbox 716 2234 766 2284; x_wconf 91' lang='lat' dir='ltr'>id</span> <span class='ocrx_word' id='word_1_217' title='bbox 793 2244 865 2283; x_wconf 92' lang='lat' dir='ltr'>est</span> <span class='ocrx_word' id='word_1_218' title='bbox 890 2233 1059 2282; x_wconf 90' lang='lat' dir='ltr'>mortis</span> <span class='ocrx_word' id='word_1_219' title='bbox 1086 2233 1291 2296; x_wconf 87' lang='lat' dir='ltr'>signum.</span> <span class='ocrx_word' id='word_1_220' title='bbox 1369 2235 1446 2281; x_wconf 91' lang='lat' dir='ltr'>De</span> <span class='ocrx_word' id='word_1_221' title='bbox 1472 2248 1570 2294; x_wconf 90' lang='lat' dir='ltr'>qua</span> <span class='ocrx_word' id='word_1_222' title='bbox 1594 2232 1795 2294; x_wconf 86' lang='lat' dir='ltr'>quidam</span> <span class='ocrx_word' id='word_1_223' title='bbox 1817 2249 1825 2278; x_wconf 92' lang='lat'>:</span> 
     </span>
    </p>

    <p class='ocr_par' dir='ltr' id='par_1_9' title="bbox 164 2313 1967 2545">
     <span class='ocr_line' id='line_1_27' title="bbox 480 2313 1667 2368; baseline -0.004 -1"><span class='ocrx_word' id='word_1_224' title='bbox 480 2320 526 2368; x_wconf 94' lang='lat' dir='ltr'>O</span> <span class='ocrx_word' id='word_1_225' title='bbox 564 2319 775 2366; x_wconf 89' lang='lat' dir='ltr'>multum</span> <span class='ocrx_word' id='word_1_226' title='bbox 811 2324 927 2365; x_wconf 88' lang='lat' dir='ltr'>ante</span> <span class='ocrx_word' id='word_1_227' title='bbox 963 2315 1080 2364; x_wconf 86' lang='lat' dir='ltr'>alias</span> <span class='ocrx_word' id='word_1_228' title='bbox 1120 2314 1285 2363; x_wconf 87' lang='lat' dir='ltr'>infelix</span> <span class='ocrx_word' id='word_1_229' title='bbox 1320 2313 1478 2362; x_wconf 88' lang='lat' dir='ltr'>littera</span> <span class='ocrx_word' id='word_1_230' title='bbox 1514 2315 1667 2362; x_wconf 89' lang='lat' dir='ltr'>theta.</span> 
     </span>
     <span class='ocr_line' id='line_1_28' title="bbox 164 2394 1967 2464; baseline -0.005 -14"><span class='ocrx_word' id='word_1_231' title='bbox 164 2403 332 2451; x_wconf 89' lang='lat' dir='ltr'>Tertia</span> <span class='ocrx_word' id='word_1_232' title='bbox 379 2406 415 2449; x_wconf 88' lang='lat' dir='ltr'>T</span> <span class='ocrx_word' id='word_1_233' title='bbox 463 2403 667 2464; x_wconf 87' lang='lat' dir='ltr'>figuram</span> <span class='ocrx_word' id='word_1_234' title='bbox 717 2400 1062 2448; x_wconf 87' lang='lat' dir='ltr'>demonstrans</span> <span class='ocrx_word' id='word_1_235' title='bbox 1114 2394 1409 2444; x_wconf 89' lang='lat' dir='ltr'>Dominicae</span> <span class='ocrx_word' id='word_1_236' title='bbox 1458 2394 1627 2454; x_wconf 89' lang='lat' dir='ltr'>crucis,</span> <span class='ocrx_word' id='word_1_237' title='bbox 1679 2394 1812 2442; x_wconf 91' lang='lat' dir='ltr'>unde</span> <span class='ocrx_word' id='word_1_238' title='bbox 1860 2401 1908 2441; x_wconf 92' lang='lat' dir='ltr'>et</span> <span class='ocrx_word' id='word_1_239' title='bbox 1932 2405 1967 2454; x_wconf 85' lang='lat'><em>9</em></span> 
     </span>
     <span class='ocr_line' id='line_1_29' title="bbox 167 2475 1910 2545; baseline -0.005 -12"><span class='ocrx_word' id='word_1_240' title='bbox 167 2484 416 2533; x_wconf 87' lang='lat' dir='ltr'>Hebraice</span> <span class='ocrx_word' id='word_1_241' title='bbox 464 2481 659 2545; x_wconf 83' lang='lat' dir='ltr'>signum</span> <span class='ocrx_word' id='word_1_242' title='bbox 695 2480 1050 2543; x_wconf 90' lang='lat' dir='ltr'>interpretatur.</span> <span class='ocrx_word' id='word_1_243' title='bbox 1126 2479 1203 2527; x_wconf 92' lang='lat' dir='ltr'>De</span> <span class='ocrx_word' id='word_1_244' title='bbox 1240 2494 1338 2540; x_wconf 88' lang='lat' dir='ltr'>qua</span> <span class='ocrx_word' id='word_1_245' title='bbox 1372 2476 1559 2526; x_wconf 91' lang='lat' dir='ltr'>dictum</span> <span class='ocrx_word' id='word_1_246' title='bbox 1598 2484 1670 2524; x_wconf 92' lang='lat' dir='ltr'>est</span> <span class='ocrx_word' id='word_1_247' title='bbox 1706 2475 1756 2523; x_wconf 90' lang='lat' dir='ltr'>in</span> <span class='ocrx_word' id='word_1_248' title='bbox 1795 2477 1910 2524; x_wconf 87' lang='lat' dir='ltr'>Eze-</span> 
     </span>
    </p>
   </div>
   <div class='ocr_carea' id='block_1_3' title="bbox 166 2603 1910 3096">
    <p class='ocr_par' dir='ltr' id='par_1_10' title="bbox 166 2603 1910 3096">
     <span class='ocr_line' id='line_1_30' title="bbox 223 2603 1906 2662; baseline -0.007 -10"><span class='ocrx_word' id='word_1_249' title='bbox 223 2627 241 2653; x_wconf 93' lang='lat'>1</span> <span class='ocrx_word' id='word_1_250' title='bbox 265 2610 507 2662; x_wconf 87' lang='grc' dir='ltr'>πανδήμους]</span> <span class='ocrx_word' id='word_1_251' title='bbox 523 2626 588 2651; x_wconf 80' lang='grc' dir='ltr'>-ος</span> <span class='ocrx_word' id='word_1_252' title='bbox 603 2612 688 2661; x_wconf 80' lang='grc' dir='ltr'>αβγ</span> <span class='ocrx_word' id='word_1_253' title='bbox 792 2622 815 2647; x_wconf 86' lang='lat'>2</span> <span class='ocrx_word' id='word_1_254' title='bbox 846 2609 1104 2647; x_wconf 89' lang='lat' dir='ltr'>invenerunt</span> <span class='ocrx_word' id='word_1_255' title='bbox 1126 2637 1135 2646; x_wconf 89' lang='lat'>.</span> <span class='ocrx_word' id='word_1_256' title='bbox 1158 2637 1167 2647; x_wconf 92' lang='lat'>.</span> <span class='ocrx_word' id='word_1_257' title='bbox 1190 2635 1199 2644; x_wconf 91' lang='lat'>.</span> <span class='ocrx_word' id='word_1_258' title='bbox 1227 2605 1464 2645; x_wconf 84' lang='lat' dir='ltr'>Phoenices</span> <span class='ocrx_word' id='word_1_259' title='bbox 1485 2618 1564 2644; x_wconf 74' lang='lat' dir='ltr'>orn.</span> <span class='ocrx_word' id='word_1_260' title='bbox 1591 2603 1641 2644; x_wconf 83' lang='lat' dir='ltr'>Cl</span> <span class='ocrx_word' id='word_1_261' title='bbox 1726 2617 1751 2654; x_wconf 84' lang='lat'><strong>3</strong></span> <span class='ocrx_word' id='word_1_262' title='bbox 1783 2603 1906 2653; x_wconf 86' lang='lat' dir='ltr'>primi</span> 
     </span>
     <span class='ocr_line' id='line_1_31' title="bbox 166 2658 1908 2717; baseline -0.007 -9"><span class='ocrx_word' id='word_1_263' title='bbox 166 2669 301 2708; x_wconf 81' lang='lat' dir='ltr'>famae</span> <span class='ocrx_word' id='word_1_264' title='bbox 321 2667 361 2706; x_wconf 85' lang='lat' dir='ltr'><em>A</em></span> <span class='ocrx_word' id='word_1_265' title='bbox 383 2682 392 2707; x_wconf 92' lang='lat'><strong>:</strong></span> <span class='ocrx_word' id='word_1_266' title='bbox 421 2666 564 2717; x_wconf 88' lang='lat' dir='ltr'>magni</span> <span class='ocrx_word' id='word_1_267' title='bbox 586 2665 720 2704; x_wconf 88' lang='lat' dir='ltr'>famae</span> <span class='ocrx_word' id='word_1_268' title='bbox 741 2664 787 2702; x_wconf 92' lang='lat' dir='ltr'><em>K</em></span> <span class='ocrx_word' id='word_1_269' title='bbox 801 2678 810 2703; x_wconf 90' lang='lat'>:</span> <span class='ocrx_word' id='word_1_270' title='bbox 858 2663 981 2714; x_wconf 87' lang='lat' dir='ltr'>primi</span> <span class='ocrx_word' id='word_1_271' title='bbox 1021 2661 1162 2711; x_wconf 86' lang='lat' dir='ltr'>magni</span> <span class='ocrx_word' id='word_1_272' title='bbox 1182 2660 1263 2700; x_wconf 90' lang='lat' dir='ltr'>BC</span> <span class='ocrx_word' id='word_1_273' title='bbox 1268 2661 1304 2699; x_wconf 91' lang='lat' dir='ltr'><em>T</em></span> <span class='ocrx_word' id='word_1_274' title='bbox 1306 2659 1405 2699; x_wconf 84' lang='lat' dir='ltr'>UW</span> <span class='ocrx_word' id='word_1_275' title='bbox 1416 2661 1483 2710; x_wconf 86' lang='lat' dir='ltr'>(ex</span> <span class='ocrx_word' id='word_1_276' title='bbox 1511 2659 1652 2708; x_wconf 88' lang='lat' dir='ltr'>magni</span> <span class='ocrx_word' id='word_1_277' title='bbox 1685 2658 1908 2711; x_wconf 85' lang='lat' dir='ltr'>(suprascr.</span> 
     </span>
     <span class='ocr_line' id='line_1_32' title="bbox 167 2712 1909 2774; baseline -0.007 -12"><span class='ocrx_word' id='word_1_278' title='bbox 167 2722 306 2774; x_wconf 89' lang='lat' dir='ltr'>primi)</span> <span class='ocrx_word' id='word_1_279' title='bbox 326 2723 369 2761; x_wconf 83' lang='lat' dir='ltr'>in</span> <span class='ocrx_word' id='word_1_280' title='bbox 392 2722 601 2773; x_wconf 85' lang='lat' dir='ltr'>archetypo</span> <span class='ocrx_word' id='word_1_281' title='bbox 618 2721 650 2772; x_wconf 72' lang='lat'>2)</span> <span class='ocrx_word' id='word_1_282' title='bbox 738 2719 799 2758; x_wconf 90' lang='lat' dir='ltr'>sic</span> <span class='ocrx_word' id='word_1_283' title='bbox 815 2731 872 2758; x_wconf 85' lang='lat' dir='ltr'>cr.</span> <span class='ocrx_word' id='word_1_284' title='bbox 898 2718 940 2757; x_wconf 92' lang='lat' dir='ltr'><em>U</em></span> <span class='ocrx_word' id='word_1_285' title='bbox 948 2718 1051 2770; x_wconf 87' lang='lat' dir='ltr'>(non</span> <span class='ocrx_word' id='word_1_286' title='bbox 1074 2715 1132 2754; x_wconf 90' lang='lat' dir='ltr'><em>W</em></span> <span class='ocrx_word' id='word_1_287' title='bbox 1136 2717 1151 2768; x_wconf 87' lang='lat'><em>)</em></span> <span class='ocrx_word' id='word_1_288' title='bbox 1239 2721 1310 2755; x_wconf 89' lang='lat' dir='ltr'>aut</span> <span class='ocrx_word' id='word_1_289' title='bbox 1329 2716 1366 2754; x_wconf 86' lang='lat' dir='ltr'>si</span> <span class='ocrx_word' id='word_1_290' title='bbox 1394 2715 1432 2754; x_wconf 87' lang='lat' dir='ltr'><em>T</em></span> <span class='ocrx_word' id='word_1_291' title='bbox 1443 2715 1546 2766; x_wconf 87' lang='lat' dir='ltr'>(non</span> <span class='ocrx_word' id='word_1_292' title='bbox 1567 2713 1690 2761; x_wconf 82' lang='lat' dir='ltr'>UW)</span> <span class='ocrx_word' id='word_1_293' title='bbox 1801 2724 1826 2762; x_wconf 88' lang='lat'>5</span> <span class='ocrx_word' id='word_1_294' title='bbox 1847 2712 1909 2750; x_wconf 86' lang='lat' dir='ltr'>in-</span> 
     </span>
     <span class='ocr_line' id='line_1_33' title="bbox 167 2766 1908 2821; baseline -0.007 -4"><span class='ocrx_word' id='word_1_295' title='bbox 167 2777 408 2817; x_wconf 88' lang='lat' dir='ltr'>scribuntur</span> <span class='ocrx_word' id='word_1_296' title='bbox 429 2776 480 2815; x_wconf 89' lang='lat' dir='ltr'>C:</span> <span class='ocrx_word' id='word_1_297' title='bbox 505 2789 556 2814; x_wconf 60' lang='lat' dir='ltr'>m</span> <span class='ocrx_word' id='word_1_298' title='bbox 572 2773 873 2814; x_wconf 83' lang='lat' dir='ltr'>scribunturK</span> <span class='ocrx_word' id='word_1_299' title='bbox 889 2787 899 2812; x_wconf 71' lang='grc' dir='ltr'><strong><em>ε</em></strong></span> <span class='ocrx_word' id='word_1_300' title='bbox 929 2772 1166 2811; x_wconf 86' lang='lat' dir='ltr'>scribantur</span> <span class='ocrx_word' id='word_1_301' title='bbox 1186 2771 1224 2811; x_wconf 92' lang='lat' dir='ltr'><em>T</em></span> <span class='ocrx_word' id='word_1_302' title='bbox 1237 2769 1369 2821; x_wconf 85' lang='lat' dir='ltr'>Sang.</span> <span class='ocrx_word' id='word_1_303' title='bbox 1392 2773 1490 2808; x_wconf 86' lang='lat' dir='ltr'>extr.</span> <span class='ocrx_word' id='word_1_304' title='bbox 1593 2781 1614 2817; x_wconf 92' lang='lat'><strong>7</strong></span> <span class='ocrx_word' id='word_1_305' title='bbox 1637 2781 1661 2807; x_wconf 88' lang='lat' dir='ltr'>a</span> <span class='ocrx_word' id='word_1_306' title='bbox 1679 2766 1758 2807; x_wconf 87' lang='lat' dir='ltr'>CK</span> <span class='ocrx_word' id='word_1_307' title='bbox 1776 2781 1785 2806; x_wconf 76' lang='grc' dir='ltr'>ε</span> <span class='ocrx_word' id='word_1_308' title='bbox 1816 2779 1839 2805; x_wconf 89' lang='lat' dir='ltr'>e</span> <span class='ocrx_word' id='word_1_309' title='bbox 1860 2766 1908 2806; x_wconf 86' lang='lat' dir='ltr'>T:</span> 
     </span>
     <span class='ocr_line' id='line_1_34' title="bbox 167 2822 1908 2882; baseline -0.007 -10"><span class='ocrx_word' id='word_1_310' title='bbox 167 2838 210 2872; x_wconf 84' lang='lat' dir='ltr'>et</span> <span class='ocrx_word' id='word_1_311' title='bbox 229 2831 287 2872; x_wconf 83' lang='grc' dir='ltr'>Β1</span> <span class='ocrx_word' id='word_1_312' title='bbox 379 2845 406 2882; x_wconf 90' lang='lat'><strong>9</strong></span> <span class='ocrx_word' id='word_1_313' title='bbox 428 2831 509 2870; x_wconf 91' lang='lat' dir='ltr'>His</span> <span class='ocrx_word' id='word_1_314' title='bbox 523 2861 534 2871; x_wconf 94' lang='lat'>.</span> <span class='ocrx_word' id='word_1_315' title='bbox 561 2859 570 2868; x_wconf 90' lang='lat'>.</span> <span class='ocrx_word' id='word_1_316' title='bbox 595 2861 603 2869; x_wconf 95' lang='lat'>.</span> <span class='ocrx_word' id='word_1_317' title='bbox 626 2833 672 2868; x_wconf 87' lang='grc' dir='ltr'>Ω.</span> <span class='ocrx_word' id='word_1_318' title='bbox 694 2841 776 2868; x_wconf 89' lang='lat' dir='ltr'>om.</span> <span class='ocrx_word' id='word_1_319' title='bbox 797 2827 855 2866; x_wconf 84' lang='grc' dir='ltr'>Βι</span> <span class='ocrx_word' id='word_1_320' title='bbox 955 2831 1002 2866; x_wconf 90' lang='lat' dir='ltr'>H.</span> <span class='ocrx_word' id='word_1_321' title='bbox 1021 2831 1066 2866; x_wconf 90' lang='lat' dir='ltr'>X.</span> <span class='ocrx_word' id='word_1_322' title='bbox 1087 2829 1132 2864; x_wconf 87' lang='grc' dir='ltr'>Ω.</span> <span class='ocrx_word' id='word_1_323' title='bbox 1152 2856 1160 2864; x_wconf 95' lang='grc'><strong>.</strong></span> <span class='ocrx_word' id='word_1_324' title='bbox 1180 2856 1188 2865; x_wconf 92' lang='grc'><strong>.</strong></span> <span class='ocrx_word' id='word_1_325' title='bbox 1207 2855 1215 2864; x_wconf 93' lang='grc'><strong>.</strong></span> <span class='ocrx_word' id='word_1_326' title='bbox 1234 2825 1388 2864; x_wconf 86' lang='lat' dir='ltr'>adiecit</span> <span class='ocrx_word' id='word_1_327' title='bbox 1404 2837 1487 2863; x_wconf 87' lang='lat' dir='ltr'>om.</span> <span class='ocrx_word' id='word_1_328' title='bbox 1511 2822 1570 2862; x_wconf 86' lang='grc' dir='ltr'>Τ1</span> <span class='ocrx_word' id='word_1_329' title='bbox 1668 2822 1766 2861; x_wconf 84' lang='lat' dir='ltr'>Post</span> <span class='ocrx_word' id='word_1_330' title='bbox 1782 2834 1908 2870; x_wconf 91' lang='lat' dir='ltr'>quem</span> 
     </span>
     <span class='ocr_line' id='line_1_35' title="bbox 167 2875 1905 2926; baseline -0.007 0"><span class='ocrx_word' id='word_1_331' title='bbox 167 2894 307 2926; x_wconf 83' lang='lat' dir='ltr'>autem</span> <span class='ocrx_word' id='word_1_332' title='bbox 323 2887 415 2926; x_wconf 85' lang='lat' dir='ltr'>sim.</span> <span class='ocrx_word' id='word_1_333' title='bbox 432 2885 473 2924; x_wconf 89' lang='grc' dir='ltr'><em>Β</em></span> <span class='ocrx_word' id='word_1_334' title='bbox 600 2897 649 2922; x_wconf 92' lang='lat'>10</span> <span class='ocrx_word' id='word_1_335' title='bbox 671 2883 850 2922; x_wconf 86' lang='lat' dir='ltr'>Melicus</span> <span class='ocrx_word' id='word_1_336' title='bbox 863 2880 986 2921; x_wconf 84' lang='lat' dir='ltr'>Arev.</span> <span class='ocrx_word' id='word_1_337' title='bbox 1010 2895 1018 2920; x_wconf 76' lang='grc' dir='ltr'><strong><em>ε</em></strong></span> <span class='ocrx_word' id='word_1_338' title='bbox 1047 2880 1169 2920; x_wconf 83' lang='lat' dir='ltr'>miles</span> <span class='ocrx_word' id='word_1_339' title='bbox 1190 2880 1268 2921; x_wconf 86' lang='lat' dir='ltr'>BC</span> <span class='ocrx_word' id='word_1_340' title='bbox 1274 2879 1352 2918; x_wconf 90' lang='lat' dir='ltr'>TU</span> <span class='ocrx_word' id='word_1_341' title='bbox 1356 2877 1413 2915; x_wconf 86' lang='lat' dir='ltr'><em>W</em></span> <span class='ocrx_word' id='word_1_342' title='bbox 1423 2892 1431 2917; x_wconf 90' lang='lat'><strong>:</strong></span> <span class='ocrx_word' id='word_1_343' title='bbox 1461 2891 1544 2917; x_wconf 82' lang='lat' dir='ltr'>om.</span> <span class='ocrx_word' id='word_1_344' title='bbox 1576 2876 1617 2914; x_wconf 90' lang='lat' dir='ltr'><em>A</em></span> <span class='ocrx_word' id='word_1_345' title='bbox 1637 2892 1644 2915; x_wconf 74' lang='grc' dir='ltr'>ε</span> <span class='ocrx_word' id='word_1_346' title='bbox 1676 2877 1718 2914; x_wconf 85' lang='lat' dir='ltr'>in</span> <span class='ocrx_word' id='word_1_347' title='bbox 1736 2875 1779 2914; x_wconf 89' lang='lat' dir='ltr'><em>K</em></span> <span class='ocrx_word' id='word_1_348' title='bbox 1791 2877 1818 2913; x_wconf 91' lang='lat'><strong>6</strong></span> <span class='ocrx_word' id='word_1_349' title='bbox 1833 2876 1905 2914; x_wconf 79' lang='lat' dir='ltr'><em>litt.</em></span> 
     </span>
     <span class='ocr_line' id='line_1_36' title="bbox 167 2929 1907 2986; baseline -0.008 -5"><span class='ocrx_word' id='word_1_350' title='bbox 167 2955 306 2981; x_wconf 79' lang='lat' dir='ltr'>erasae</span> <span class='ocrx_word' id='word_1_351' title='bbox 387 2939 535 2980; x_wconf 84' lang='lat' dir='ltr'>adiecit</span> <span class='ocrx_word' id='word_1_352' title='bbox 548 2937 654 2978; x_wconf 84' lang='lat' dir='ltr'>AK1</span> <span class='ocrx_word' id='word_1_353' title='bbox 671 2942 719 2977; x_wconf 80' lang='lat' dir='ltr'>ut</span> <span class='ocrx_word' id='word_1_354' title='bbox 729 2937 808 2977; x_wconf 77' lang='lat' dir='ltr'>vid.</span> <span class='ocrx_word' id='word_1_355' title='bbox 831 2951 838 2975; x_wconf 95' lang='lat'><strong>:</strong></span> <span class='ocrx_word' id='word_1_356' title='bbox 875 2936 1037 2976; x_wconf 85' lang='lat' dir='ltr'>addidit</span> <span class='ocrx_word' id='word_1_357' title='bbox 1059 2935 1215 2986; x_wconf 85' lang='lat' dir='ltr'>(-ded-)</span> <span class='ocrx_word' id='word_1_358' title='bbox 1229 2932 1410 2973; x_wconf 84' lang='lat' dir='ltr'><em>BCUW</em></span> <span class='ocrx_word' id='word_1_359' title='bbox 1498 2934 1558 2982; x_wconf 77' lang='grc' dir='ltr'>ψξ</span> <span class='ocrx_word' id='word_1_360' title='bbox 1572 2934 1593 2969; x_wconf 93' lang='grc' dir='ltr'><strong><em>θ</em></strong></span> <span class='ocrx_word' id='word_1_361' title='bbox 1608 2931 1702 2970; x_wconf 89' lang='lat' dir='ltr'>CT:</span> <span class='ocrx_word' id='word_1_362' title='bbox 1732 2933 1794 2980; x_wconf 74' lang='grc' dir='ltr'>ξψ</span> <span class='ocrx_word' id='word_1_363' title='bbox 1807 2931 1830 2967; x_wconf 87' lang='grc' dir='ltr'><em>θ</em></span> <span class='ocrx_word' id='word_1_364' title='bbox 1843 2929 1884 2968; x_wconf 90' lang='grc' dir='ltr'><em>Β</em></span> <span class='ocrx_word' id='word_1_365' title='bbox 1900 2944 1907 2968; x_wconf 86' lang='lat'>:</span> 
     </span>
     <span class='ocr_line' id='line_1_37' title="bbox 167 2984 1910 3046; baseline -0.008 -11"><span class='ocrx_word' id='word_1_366' title='bbox 167 2996 316 3046; x_wconf 79' lang='grc' dir='ltr'><em>ξθψΚ</em></span> <span class='ocrx_word' id='word_1_367' title='bbox 427 3008 475 3044; x_wconf 87' lang='lat'>¹3</span> <span class='ocrx_word' id='word_1_368' title='bbox 503 3007 551 3033; x_wconf 87' lang='lat' dir='ltr'>se</span> <span class='ocrx_word' id='word_1_369' title='bbox 570 2993 706 3032; x_wconf 92' lang='lat' dir='ltr'>adhuc</span> <span class='ocrx_word' id='word_1_370' title='bbox 721 2992 762 3031; x_wconf 87' lang='lat' dir='ltr'><strong><em>B</em></strong></span> <span class='ocrx_word' id='word_1_371' title='bbox 882 3005 935 3031; x_wconf 85' lang='lat'>20</span> <span class='ocrx_word' id='word_1_372' title='bbox 962 2995 1063 3040; x_wconf 85' lang='lat' dir='ltr'>aput</span> <span class='ocrx_word' id='word_1_373' title='bbox 1083 3002 1238 3039; x_wconf 85' lang='lat' dir='ltr'>gregos</span> <span class='ocrx_word' id='word_1_374' title='bbox 1259 2988 1305 3026; x_wconf 92' lang='lat' dir='ltr'><em>K</em></span> <span class='ocrx_word' id='word_1_375' title='bbox 1416 3001 1466 3025; x_wconf 80' lang='lat'>22</span> <span class='ocrx_word' id='word_1_376' title='bbox 1500 2990 1676 3025; x_wconf 83' lang='lat' dir='ltr'>mortem</span> <span class='ocrx_word' id='word_1_377' title='bbox 1698 2984 1910 3034; x_wconf 80' lang='lat' dir='ltr'>siguificat</span> 
     </span>
     <span class='ocr_line' id='line_1_38' title="bbox 174 3042 1294 3096; baseline -0.007 -7"><span class='ocrx_word' id='word_1_378' title='bbox 174 3049 278 3089; x_wconf 84' lang='lat' dir='ltr'>TU:</span> <span class='ocrx_word' id='word_1_379' title='bbox 311 3055 485 3089; x_wconf 87' lang='lat' dir='ltr'>mortem</span> <span class='ocrx_word' id='word_1_380' title='bbox 505 3047 674 3086; x_wconf 80' lang='lat' dir='ltr'><em>ABCK</em></span> <span class='ocrx_word' id='word_1_381' title='bbox 784 3057 836 3095; x_wconf 85' lang='lat'>25</span> <span class='ocrx_word' id='word_1_382' title='bbox 867 3044 1036 3096; x_wconf 81' lang='lat' dir='ltr'>mortis]</span> <span class='ocrx_word' id='word_1_383' title='bbox 1060 3056 1223 3083; x_wconf 90' lang='lat' dir='ltr'>morsus</span> <span class='ocrx_word' id='word_1_384' title='bbox 1246 3042 1294 3081; x_wconf 63' lang='grc' dir='ltr'>(ΣΙ</span> 
     </span>
    </p>
   </div>
  </div>
 </body>
</html>
