2176 3424
996 88 1271 171 ⁷ISIDOR1

263 248 437 306 Cham,
477 265 604 310 quae
645 266 674 297 a
711 249 896 299 Sidone
933 267 1092 314 usque
1134 254 1198 302 ad
1239 254 1545 303 Gaditanum
1586 255 1764 304 fretum
1802 271 2003 304 omnem

167 334 235 380 26
263 328 583 378 meridianam
610 340 798 394 partem
825 340 1008 381 tenent.
1086 336 1214 383 Item
1240 335 1395 384 tribus
1415 337 1627 386 filiorum
1649 339 1823 386 Iafeth.
1898 336 2008 384 Filii

259 410 404 473 igitur
439 414 615 475 Iaphet
649 423 839 477 septem
869 415 1219 466 nominantur:
1258 419 1459 480 Gomer,
1486 435 1544 468 ex
1577 436 1678 482 quo
1711 421 1928 478 Galatae,
1956 417 2008 467 id

175 509 238 558 27
259 502 332 540 est
358 492 501 543 Galli.
576 496 774 559 Magog‚
796 513 825 544 a
845 513 945 559 quo
970 497 1264 547 arbitrantur
1290 501 1494 563 Scythas
1520 509 1568 550 et
1595 501 1788 550 Gothos
1808 501 2008 548 traxisse

171 581 235 628 28
257 573 510 638 originem.
586 577 772 637 Madai,
800 596 829 626 a
853 596 954 642 quo
975 581 1156 629 Medos
1181 580 1385 631 existere
1404 591 1591 646 putant.
1667 584 1834 641 Iavan,
1859 599 1889 630 a
1908 598 2008 644 quo
2034 605 2056 645 5

166 676 236 722 29
262 658 422 717 Iones,
452 657 535 721 qui
570 668 618 707 et
653 661 842 709 Graeci.
917 663 1066 710 Vnde
1092 671 1139 711 et
1165 680 1298 712 mare
1327 663 1542 712 Ionium.
1617 664 1830 723 Thubal,
1853 681 1882 712 a
1907 680 2007 726 quo

261 739 406 798 Iberi,
430 739 514 802 qui
535 749 583 788 et
610 742 825 805 Hispani
844 761 855 803 3
892 742 1006 791 licet
1032 743 1233 806 quidam
1263 762 1320 794 ex
1341 762 1401 794 eo
1428 756 1476 794 et
1503 747 1656 795 Italos
1682 745 2004 810 suspicentur.

166 841 235 888 30
260 823 489 880 Mosoch,
520 839 577 870 ex
616 839 716 885 quo
751 825 1092 888 Cappadoces.
1167 828 1315 876 Vnde
1348 837 1396 876 et
1427 827 1542 876 urbs
1575 829 1709 892 apud
1742 844 1827 876 eos
1852 844 2009 890 usque

179 925 236 970 31
260 905 410 952 hodie
438 905 643 953 Mazaca
669 905 860 955 dicitur.
932 907 1122 967 Thiras,
1151 925 1209 957 ex
1242 926 1342 972 quo
1375 911 1594 959 Thraces
1616 929 1629 972 3
1666 927 1876 973 quorum
1907 927 2009 958 non

173 1007 237 1054 32
259 985 374 1033 satis
406 986 705 1036 inmutatum
744 989 1044 1038 vocabulum
1082 1000 1170 1050 est,
1204 993 1342 1054 quasi
1381 991 1594 1040 Tiraces.
1669 991 1778 1040 Filii
1806 994 2006 1050 Gomer,
2038 1010 2086 1038 10

259 1076 465 1131 nepotes
520 1071 710 1133 Iaphet.
792 1073 1065 1132 Aschanaz,
1115 1089 1144 1121 a
1197 1091 1295 1136 quo
1343 1076 1608 1135 Sarmatae,
1659 1092 1784 1138 quos
1833 1075 2009 1123 Graeci

171 1167 235 1213 33
262 1149 516 1213 Rheginos
548 1162 740 1201 vocant.
817 1153 1053 1216 Riphath,
1086 1172 1115 1203 a
1148 1172 1249 1218 quo
1284 1158 1642 1220 Paphlagones.
1716 1159 1951 1216 Gotorna‚
1981 1173 2010 1204 a

172 1254 236 1300 34
261 1248 360 1293 quo
395 1242 509 1280 sunt
541 1235 770 1297 Phryges.
849 1235 955 1283 Filii
990 1238 1142 1284 Iavan
1174 1236 1321 1296 Elisa,
1349 1255 1378 1286 a
1404 1237 1583 1301 quibus
1610 1237 1785 1287 Graeci
1813 1237 2005 1297 Elisaei‚

260 1315 344 1376 qui
372 1325 610 1364 vocantur
641 1318 890 1366 Aeolides,
966 1320 1114 1367 Vnde
1148 1328 1195 1367 et
1229 1319 1396 1383 lingua
1429 1319 1599 1383 quinta
1635 1321 1822 1369 Graece
1849 1321 2010 1370 Αἰολίς

171 1413 236 1462 35
258 1398 543 1459 appellatur.
632 1398 848 1459 Tharsis,
892 1417 920 1447 a
963 1417 1064 1463 quo
1109 1400 1304 1461 Cilices,
1347 1411 1399 1449 ut
1444 1403 1686 1464 Iosephus
1735 1400 2007 1450 arbitratur.
2038 1416 2084 1456 15

166 1487 234 1545 36
258 1481 406 1527 Vnde
433 1490 484 1528 et
519 1481 805 1544 metropolis
832 1481 1001 1530 civitas
1028 1499 1200 1531 eorum
1227 1485 1447 1531 Tharsus
1474 1483 1664 1532 dicitur.
1740 1482 1953 1541 Cethim,
1981 1500 2010 1530 a

259 1577 359 1623 quo
386 1561 515 1622 Citii,
539 1562 590 1611 id
612 1573 685 1612 est
707 1563 888 1627 Cyprii,
910 1581 939 1612 a
956 1563 1136 1627 quibus
1165 1566 1420 1628 hodieque
1448 1565 1562 1613 urbs
1584 1564 1770 1615 Citium
1791 1563 2010 1613 nomina-

173 1663 236 1712 37
258 1652 349 1690 tur.
425 1646 698 1706 Dodanim,
734 1662 763 1693 a
805 1663 904 1708 quo
943 1646 1146 1695 Rhodii.
1224 1649 1368 1695 Haec
1406 1656 1520 1695 sunt
1555 1656 1726 1710 gentes
1762 1648 1825 1696 de
1862 1645 2009 1709 stirpe

259 1727 449 1788 Iaphet‚
490 1743 617 1789 quae
653 1744 682 1774 a
719 1729 886 1776 Tauro
924 1737 1095 1777 monte
1137 1729 1202 1777 ad
1241 1727 1529 1791 aquilonem
1566 1728 1782 1777 mediam
1819 1738 2008 1791 partem

257 1807 407 1856 Asiae
458 1818 507 1856 et
544 1825 746 1857 omnem
786 1812 1038 1872 Europam
1077 1826 1234 1872 usque
1270 1812 1334 1858 ad
1372 1811 1630 1859 Oceanum
1683 1809 2007 1858 Brittanicum
2032 1823 2084 1850 20

258 1888 529 1952 possident,
558 1890 762 1939 nomina
788 1900 836 1939 et
860 1890 981 1940 locis
1009 1901 1056 1939 et
1081 1890 1310 1954 gentibus
1337 1893 1669 1954 relinquentes
1691 1909 1704 1951 3
1740 1892 1803 1940 de
1828 1889 2007 1953 quibus

263 1981 438 2035 postea
477 1973 719 2020 inmutata
757 1981 871 2021 sunt
910 1974 1132 2036 plurima,
1174 1982 1335 2021 cetera
1372 1982 1664 2036 permanent
1701 1981 1753 2020 ut
1797 1974 2004 2019 fuerunt.

173 2064 236 2121 38
262 2056 391 2102 Nam
436 2056 699 2102 multarum
743 2056 963 2118 gentium
1007 2055 1250 2104 vocabula
1288 2056 1464 2118 partim
1508 2063 1807 2113 manserunt,
1848 2053 1916 2101 ita
1957 2061 2008 2101 ut

259 2135 509 2198 hodieque
535 2146 768 2199 appareat
794 2138 929 2185 unde
949 2138 1141 2186 fuerant
1162 2138 1393 2197 derivata,
1413 2136 1539 2185 sicut
1557 2153 1614 2184 ex
1635 2139 1789 2184 Assur
1807 2134 2005 2198 Assyrii,

258 2234 315 2266 ex
351 2218 526 2267 Heber
560 2217 781 2266 Hebraei
803 2237 811 2266 :
850 2218 1027 2282 partim
1058 2236 1174 2268 vero
1199 2217 1434 2282 temporis
1461 2227 1704 2267 vetustate
1729 2217 1795 2266 ita
1820 2226 2007 2265 mutata
2033 2229 2079 2268 25

258 2309 384 2358 sunt,
425 2310 478 2348 ut
520 2299 599 2348 vix
638 2299 868 2348 homines
913 2302 1187 2349 doctissimi
1227 2299 1595 2363 antiquissimas
1637 2299 1864 2348 historias
1906 2316 2007 2362 per-

258 2391 543 2442 scrutantes,
563 2398 656 2430 nec
681 2383 922 2442 omnium,
945 2384 1033 2431 sed
1058 2382 1333 2446 aliquarum
1359 2399 1417 2430 ex
1437 2381 1539 2430 istis
1557 2380 1766 2444 origines
1784 2379 2004 2444 gentium

167 2488 235 2535 39
259 2473 528 2530 potuerunt
549 2466 773 2527 reperire.
835 2466 966 2513 Nam
984 2466 1121 2528 quod
1138 2482 1196 2513 ex
1222 2465 1324 2512 filio
1342 2465 1519 2522 Cham,
1538 2462 1623 2526 qui
1647 2471 1850 2511 vocatur
1876 2464 2005 2510 Mes-

260 2547 393 2607 raim,
407 2545 636 2610 Aegyptii
656 2555 770 2595 sunt
787 2546 955 2606 exorti,
973 2548 1108 2595 nulla
1133 2546 1213 2594 hic
1236 2554 1432 2594 resonat
1458 2543 1593 2608 origo
1618 2545 1861 2604 vocabuli,
1880 2545 2004 2592 sicut

314 2692 338 2717 2
367 2677 475 2716 tenit
497 2676 547 2715 Cl
712 2676 841 2729 Item]
865 2677 999 2726 Igitur
1019 2675 1066 2714 K
1243 2689 1269 2725 3
1303 2676 1431 2726 igitur
1451 2689 1535 2714 om.
1559 2674 1606 2712 K
1622 2675 1723 2726 (non
1747 2673 1860 2714 Ovet.
1879 2675 2001 2722 extr.)

260 2747 283 2783 5
315 2733 521 2783 existere]
547 2732 699 2771 extiire
721 2736 769 2770 ut
786 2732 866 2770 vid.
893 2732 980 2782 (vix
999 2731 1164 2777 extare)
1194 2729 1231 2768 T
1246 2733 1348 2782 (non
1372 2730 1480 2769 Ovet.
1505 2731 1624 2781 extr.)
1742 2729 1946 2779 putabant
1973 2728 2010 2766 T

258 2792 285 2827 6
314 2788 405 2840 qui]
423 2787 523 2836 quid
538 2786 584 2824 K
654 2799 676 2835 7
708 2792 749 2824 et
766 2800 823 2825 ex
838 2800 888 2826 eo
904 2786 995 2826 Ital.
1014 2785 1060 2827 K
1138 2787 1164 2823 8
1184 2784 1259 2836 ex]
1276 2799 1300 2823 a
1316 2784 1363 2823 K
1440 2799 1467 2835 9
1487 2784 1562 2836 ex]
1585 2783 1667 2823 aK
1748 2797 1797 2823 12
1817 2784 2003 2823 Coturna
2062 2797 2063 2800 ¹

259 2844 304 2882 K
429 2855 478 2891 14
498 2854 626 2892 grece
646 2841 754 2879 eolis
776 2842 1017 2893 (greceoles
1036 2839 1096 2890 K)
1118 2839 1228 2879 codd.
1356 2842 1406 2879 16
1427 2853 1512 2880 eor.
1539 2839 1615 2878 civ.
1641 2838 1679 2877 T
1803 2851 1850 2888 17
1872 2838 2002 2876 hodie

261 2899 362 2937 urbs
385 2897 435 2936 Cl
523 2910 572 2946 19
600 2909 708 2945 quae
729 2896 773 2946 a]
795 2898 895 2946 quia
915 2896 1002 2934 BT
1078 2908 1127 2933 21
1151 2895 1228 2934 loc.
1250 2908 1275 2933 a
1295 2901 1411 2944 gent.
1435 2894 1561 2933 Bern.
1585 2898 1679 2933 extr.
1767 2907 1818 2932 22
1839 2893 2002 2932 inmuta

267 2953 304 2992 T
423 2965 473 3000 24
506 2951 604 2990 odie
624 2963 720 3001 app.
752 2951 789 2989 T
894 2952 1064 2990 fuerunt
1083 2949 1163 2988 BC
1289 2961 1340 2998 25
1370 2954 1482 2988 muta
1509 2949 1547 2988 T
1705 2962 1756 2998 27
1789 2947 2001 2999 omnium]

261 3008 474 3047 hominum
502 3006 538 3044 T
695 3006 748 3044 28
782 3006 889 3044 Nam
907 3019 990 3056 quo
1008 3004 1077 3043 K:
1101 3004 1294 3054 Namque
1309 3004 1433 3043 Bern.
1451 3008 1549 3042 extr.
1690 3002 1917 3042 vocabatur
1931 3002 1972 3041 Β
1993 3015 2002 3039 :

259 3063 486 3102 vacabatur
515 3061 640 3100 Bern.
662 3065 760 3100 extr.
927 3074 980 3110 29
1011 3059 1136 3098 nullis
1155 3090 1163 3098 .
1188 3089 1196 3098 .
1221 3089 1230 3098 .
1259 3058 1474 3098 vocabolis
1497 3057 1542 3096 K
1734 3068 1738 3071 ·
