2176 3424
469 140 1101 189 ETYMOLOGIARVM
1141 141 1268 188 LIB.
1311 141 1456 188 VIII.
1498 141 1542 188 xi

139 270 386 334 Sagittam,
409 270 523 334 quia
544 286 682 318 amor
707 287 789 318 cor
808 271 1029 318 vulnerat
1048 288 1059 329 ;
1097 272 1268 330 facem,
1289 269 1404 334 quia
1423 269 1710 321 inflammat.
1774 276 1876 323 Pan
1898 275 1954 322 81

136 352 306 401 dicunt
343 352 534 412 Graeci,
572 351 734 400 Latini
783 351 1049 411 Silvanum,
1089 353 1239 400 deum
1283 351 1593 414 rusticorum,
1630 370 1779 416 quem
1823 358 1874 405 in

133 443 334 484 naturae
351 434 729 484 ,similitudinem
757 435 1086 483 formaverunt
1108 452 1119 494 3
1157 435 1290 483 unde
1315 443 1364 483 et
1391 436 1494 482 Pan
1520 435 1681 484 dictus
1707 446 1794 497 est,
1823 440 1872 487 id

133 526 206 566 est
222 533 384 565 omne.
443 516 657 579 Fingunt
676 515 809 564 enim
830 533 943 564 eum
961 532 1019 563 ex
1038 516 1294 564 universali
1316 517 1674 566 elementorum
1693 519 1870 582 specie.

84 618 106 657 5
133 599 303 647 Habet
335 598 465 647 enim
501 614 684 647 cornua
717 597 767 645 in
800 597 1172 646 similitudinem
1206 598 1454 647 radiorum
1489 599 1604 648 solis
1635 609 1683 649 et
1711 602 1871 651 lunae.
1897 610 1960 658 82

133 680 430 730 Distinctam
458 680 661 729 maculis
686 679 836 728 habet
861 681 1054 743 pellem,
1084 689 1282 744 propter
1308 683 1428 729 caeli
1456 681 1629 732 sidera.
1704 683 1874 733 Rubet

131 763 235 810 eius
272 760 419 810 facies
448 763 511 810 ad
544 760 916 810 similitudinem
950 761 1174 810 aetheris.
1249 761 1486 811 Fistulam
1521 773 1710 827 septem
1745 767 1872 814 cala-

131 861 324 892 morum
360 853 529 907 gestat,
562 852 761 906 propter
799 842 1106 892 harmoniam
1142 845 1277 904 caeli,
1315 843 1366 892 in
1400 861 1498 907 qua
1531 855 1721 909 septem
1759 857 1873 896 sunt

131 926 238 975 soni
263 935 310 974 et
337 934 524 988 septem
551 924 834 974 discrimina
853 942 1046 974 vocum.
1121 925 1338 975 Villosus
1359 936 1445 987 est,
1465 928 1581 990 quia
1597 931 1740 978 tellus
1757 947 1873 979 con·
1897 935 1961 993 83

59 1025 107 1054 10
130 1007 301 1056 vestita
327 1016 399 1056 est
420 1007 829 1070 †agitventibus†.
904 1010 1020 1055 Pars
1046 1009 1151 1056 eius
1177 1007 1375 1056 inferior
1400 1010 1547 1058 foeda
1573 1019 1658 1070 est,
1677 1021 1875 1075 propter

128 1089 323 1138 arbores
344 1098 391 1138 et
416 1090 538 1138 feras
566 1098 618 1137 ut
643 1090 875 1152 pecudes.
950 1091 1189 1152 Caprinas
1216 1093 1423 1154 ungulas
1449 1092 1614 1152 habet,
1634 1103 1686 1142 ut
1713 1093 1875 1143 solidi-

128 1180 278 1219 tatem
317 1181 470 1219 terrae
507 1172 749 1232 ostendat,
790 1187 938 1234 quem
975 1173 1147 1220 volunt
1183 1190 1344 1221 rerum
1395 1183 1443 1222 et
1485 1174 1635 1223 totius
1672 1186 1874 1226 naturae

128 1254 277 1301 deum
298 1271 312 1315 3
338 1255 470 1302 unde
488 1256 592 1301 Pan
608 1253 747 1316 quasi
768 1253 934 1302 omnia
955 1253 1140 1303 dicunt.
1214 1255 1306 1304 Isis
1332 1255 1498 1319 lingua
1518 1259 1873 1322 Aegyptiorum
1900 1262 1965 1323 84

128 1344 251 1383 terra
276 1337 560 1398 appellatur,
582 1352 730 1398 quam
753 1335 856 1383 Isin
874 1337 1046 1383 volunt
1066 1351 1187 1385 esse.
1265 1337 1376 1385 Fuit
1401 1347 1566 1387 autem
1591 1339 1683 1388 Isis
1710 1341 1875 1404 regina

35 1423 38 1434 ²
57 1431 103 1472 15
128 1417 494 1480 Aegyptiorum,
511 1417 708 1465 Inachis
726 1417 850 1480 regis
862 1417 972 1477 filia,
985 1435 1111 1481 quae
1127 1420 1190 1468 de
1208 1419 1416 1468 Graecia
1425 1423 1627 1470 veniens
1649 1425 1877 1487 Aegypti-

129 1516 182 1547 os
199 1498 380 1547 litteras
398 1499 580 1559 docuit,
600 1509 647 1547 et
664 1508 812 1547 terras
829 1501 990 1548 colere
1007 1500 1215 1549 instituit
1226 1519 1238 1560 3
1264 1511 1462 1564 propter
1478 1505 1615 1565 quod
1635 1514 1681 1553 et
1698 1514 1874 1554 terram

130 1582 232 1628 eius
258 1580 458 1629 nomine
477 1582 859 1644 appellaverunt.
922 1581 1115 1645 Serapis
1136 1582 1360 1631 omnium
1383 1586 1625 1634 maximus
1648 1588 1876 1650 Aegypti—
1900 1586 1962 1645 85

130 1678 269 1710 orum
287 1663 421 1711 deus.
497 1665 611 1725 Ipse
638 1672 709 1711 est
736 1662 858 1725 Apis
884 1680 964 1711 rex
985 1664 1293 1727 Argivorum,
1322 1666 1405 1728 qui
1424 1667 1631 1715 navibus
1658 1676 1873 1718 transve-

128 1753 234 1791 ctus
255 1745 304 1791 in
321 1746 618 1807 Aegyptum,
638 1761 750 1792 cum
776 1743 962 1793 ibidem
991 1754 1212 1795 mortuus
1238 1746 1421 1808 fuisset,
1443 1750 1637 1812 Serapis
1662 1753 1876 1814 appella-

55 1845 105 1872 20
128 1835 205 1874 tus
243 1835 314 1874 est
333 1844 345 1886 3
381 1835 638 1889 propterea
674 1827 789 1888 quia
826 1843 950 1886 arca,
991 1828 1040 1875 in
1079 1845 1176 1891 qua
1213 1839 1435 1878 mortuus
1473 1831 1685 1893 ponitur,
1726 1851 1875 1896 quam

128 1908 486 1970 sarcophagum
504 1916 695 1967 vocant,
708 1909 850 1971 σορὸς
866 1908 1044 1957 dicitur
1064 1910 1266 1970 Graece,
1281 1919 1328 1959 et
1344 1910 1413 1959 ibi
1431 1928 1544 1959 eum
1562 1914 1782 1962 venerari
1803 1933 1876 1963 se-

127 1991 319 2052 pultum
350 1998 632 2052 coeperunt,
665 1989 950 2051 priusquam
985 1993 1227 2053 templum
1267 1991 1371 2040 eius
1406 2003 1533 2041 esset
1564 1995 1871 2046 instructum.

126 2072 276 2118 Velut
302 2072 442 2134 σορὸς
477 2079 525 2119 et
550 2072 686 2133 Apis,
715 2071 910 2134 Sorapis
936 2073 1109 2134 primo,
1138 2072 1322 2122 deinde
1347 2090 1446 2122 una
1470 2076 1629 2124 littera
1657 2093 1876 2126 commu-

127 2160 227 2200 tata
242 2152 432 2216 Serapis
453 2152 613 2201 dictus
639 2160 725 2201 est.
798 2152 920 2215 Apis
946 2152 1035 2201 fuit
1058 2155 1192 2216 apud
1219 2155 1488 2219 Aegyptios
1514 2165 1680 2207 taurus
1707 2161 1874 2224 Serapi
1899 2164 1968 2214 86

53 2258 72 2285 2
81 2257 102 2298 5
129 2243 453 2294 consecratus,
483 2243 530 2283 et
563 2234 626 2282 ab
660 2251 720 2283 eo
754 2234 820 2283 ita
853 2235 1246 2298 cognominatus,
1275 2253 1424 2299 quem
1446 2240 1699 2302 Aegyptus
1725 2243 1875 2290 instar

127 2316 343 2364 numinis
376 2316 585 2374 colebat,
613 2332 672 2364 eo
706 2317 842 2378 quod
876 2317 939 2364 de
971 2316 1144 2365 futuris
1179 2318 1316 2366 daret
1342 2321 1588 2381 quaedam
1615 2322 1874 2372 manifesta

126 2398 275 2461 signa.
350 2398 631 2461 Apparebat
657 2399 788 2446 enim
816 2397 865 2446 in
888 2400 1140 2461 Menphis.
1213 2401 1378 2460 Quem
1404 2411 1604 2450 centum
1631 2403 1872 2454 antistites

181 2541 204 2564 2
233 2540 358 2576 grece
379 2527 507 2565 latine
530 2526 574 2564 K
698 2539 723 2576 3
753 2527 909 2566 dictum
942 2526 986 2563 K
1112 2540 1136 2577 5
1167 2541 1295 2568 cornu
1318 2529 1364 2566 K
1383 2530 1486 2581 (non
1507 2531 1569 2583 A)
1701 2535 1726 2572 8
1756 2542 1864 2585 sept.

126 2583 211 2621 sint
232 2582 280 2620 C1
396 2595 445 2620 10
474 2582 585 2631 agita
601 2595 639 2622 v,
654 2581 695 2619 A
722 2595 730 2620 τ
761 2581 916 2631 agitata
932 2595 971 2621 v.
992 2582 1138 2634 C(non
1161 2583 1222 2636 D)
1308 2597 1363 2622 an
1384 2599 1408 2623 a
1427 2586 1699 2629 viventibus?
1785 2590 1870 2629 feta

126 2637 181 2675 Β1
289 2649 333 2675 11
357 2636 535 2686 ungules
558 2637 594 2675 T
700 2636 767 2688 ut]
783 2643 825 2675 et
843 2637 892 2675 Cl
1007 2651 1054 2675 12
1073 2638 1321 2678 ostenderet
1343 2639 1380 2677 T
1489 2654 1535 2690 14
1557 2655 1679 2691 quam
1693 2673 1703 2684 .
1720 2674 1728 2682 .
1745 2674 1753 2683 .
1773 2657 1869 2684 esse

127 2705 208 2732 om.
233 2690 278 2728 K
296 2691 396 2742 (non
411 2690 473 2739 A)
572 2702 620 2740 15
641 2691 878 2740 egiptorum
901 2691 938 2730 T
1025 2692 1163 2730 inachi
1185 2691 1275 2733 dett.
1294 2693 1446 2746 (sedqf.
1465 2695 1496 2735 1.
1514 2708 1579 2735 111.
1596 2698 1638 2746 5)
1756 2701 1806 2737 16
1826 2700 1866 2738 in

128 2746 204 2786 litt.
228 2746 277 2785 Cl
387 2747 431 2792 ἐξ
452 2746 560 2795 85-9
588 2759 670 2784 om.
692 2744 795 2785 KM.
861 2745 1203 2785 ContuliABCT
1311 2761 1358 2797 17
1389 2751 1615 2790 maximum
1637 2751 1786 2802 T(n0n
1805 2754 1864 2804 U)

131 2801 180 2838 18
202 2806 490 2840 transsecutus
507 2801 549 2838 A
635 2801 678 2838 in
694 2805 819 2850 aepto
833 2801 874 2838 Β
952 2814 1005 2840 20
1026 2807 1203 2851 propter
1214 2802 1311 2852 quia
1334 2802 1373 2841 T
1455 2805 1559 2857 qua]
1582 2819 1629 2844 co
1654 2807 1697 2857 (i.
1713 2821 1742 2846 e.
1758 2808 1864 2858 quo)

135 2855 172 2893 T
285 2867 410 2904 quam
430 2868 510 2894 om.
534 2855 575 2892 A
709 2867 757 2892 21
781 2856 891 2895 foros
913 2856 979 2907 (ex
997 2869 1062 2895 so-
1078 2859 1111 2905 2>
1132 2857 1174 2894 A
1198 2871 1207 2895 ε
1237 2868 1381 2896 sacros
1400 2858 1443 2897 Β
1570 2861 1624 2899 ibi
1646 2874 1742 2899 eum
1765 2861 1866 2902 CU:

130 2908 336 2947 ibidemA
358 2909 430 2962 (Β1
453 2923 494 2949 n.
513 2909 562 2960 l.)
585 2924 594 2949 ε
624 2909 786 2948 ibicum
808 2910 846 2949 T
949 2923 1000 2959 23
1025 2910 1203 2949 sorosA
1222 2923 1233 2951 t
1261 2923 1385 2950 soror
1397 2913 1536 2953 BC1T
1641 2921 1683 2954 et
1703 2916 1868 2965 apiscor

130 2963 251 3012 aphis
278 2963 335 3004 T:
364 2965 439 3004 sed
459 2964 550 3014 apis
571 2964 735 3014 sorapis
758 2964 917 3016 <-aph-)
938 2965 979 3002 A
987 2965 1079 3003 ΒΟ
1225 2967 1358 3014 prima
1378 2967 1420 3006 A
1593 2982 1644 3017 24
1674 2970 1753 3010 dic.
1778 2972 1864 3023 est]

130 3018 281 3057 dicitur
299 3018 340 3056 A
465 3031 518 3068 25
547 3025 636 3058 star
654 3020 822 3059 numnis
841 3020 882 3057 A
905 3033 914 3059 ε
943 3020 1034 3069 inly
1055 3026 1121 3058 tar
1140 3021 1324 3060 nominis
1345 3021 1395 3060 Cl
1505 3035 1554 3072 27
1577 3023 1619 3062 in
1642 3026 1800 3064 mensis
1820 3027 1861 3064 A

961 3147 1033 3178 22
