2176 3424
1057 132 1332 180 ISIDORI

318 267 381 314 Et
417 264 468 313 in
505 264 793 328 proverbio:
841 263 971 325 ‘Qui
1010 262 1239 311 inimicus
1275 272 1361 323 est,
1391 262 1540 312 etiam
1578 261 1628 310 in
1671 263 1833 325 scirpo
1876 264 2067 311 nodum

222 346 292 406 98
317 345 536 410 quaerit.’
599 348 762 395 Fucus
788 361 944 409 genus
970 344 1152 394 herbae
1178 354 1250 394 est
1276 346 1339 394 de
1366 361 1464 407 qua
1487 343 1722 407 tinguitur
1747 343 1909 401 vestis,
1935 343 2068 393 dicta

317 428 434 492 quia
460 428 694 478 mentitur
717 429 934 477 alienum
961 428 1192 476 colorem.
1242 428 1390 475 Vnde
1411 435 1458 475 et
1477 426 1721 489 Vergilius
1739 424 1868 491 (Ecl.
1890 442 1933 486 4,
1953 424 2069 490 42):

794 509 965 558 Discet
1002 507 1196 558 mentiri
1233 509 1346 557 lana
1382 510 1587 557 colores.

219 610 294 657 99
323 594 446 656 Alga
487 593 702 640 nascitur
743 593 795 639 in
836 591 992 654 aquis,
1032 590 1208 654 segetis
1247 589 1430 638 similis.
1521 592 1597 638 Ita
1634 589 1850 652 denique
1886 605 2071 638 nomen
2097 606 2118 646 5

321 675 529 737 sumpsit
566 674 628 722 ab
662 675 826 736 algore
859 689 1019 736 aquae
1037 691 1048 734 ;
1085 674 1161 721 vel
1195 674 1334 735 quod
1365 671 1530 735 alliget
1563 673 1728 735 pedes,
1766 670 1881 734 quia
1913 687 2074 720 crassa

200 775 298 811 100
322 766 409 817 est,
438 756 564 804 foliis
589 772 771 819 aquam
797 773 855 805 ex
880 764 1016 819 parte
1042 753 1400 817 superantibus,
1463 755 1589 802 Vlva
1613 762 1661 802 et
1687 754 1865 816 typhus
1892 754 2074 802 herbae

325 836 494 905 [quae]
545 837 674 886 circa
728 839 889 887 fontes
939 845 987 887 et
1035 838 1241 900 paludes
1290 834 1572 898 stagnisque
1622 843 1905 885 nascuntur.
2001 837 2075 882 Ex

324 920 504 984 quibus
539 921 664 980 ulva,
693 919 744 969 id
778 928 851 969 est
883 922 992 983 alga
1028 920 1187 968 mollis
1222 926 1269 967 et
1303 917 1679 980 quodammodo
1716 919 1908 979 fungus,
1945 915 2078 966 dicta

216 1011 301 1047 101
323 1002 387 1052 ab
412 1002 610 1066 uligine.
682 1003 888 1065 Typhus
915 1018 1043 1060 vero,
1073 1017 1199 1064 quae
1225 1017 1276 1049 se
1302 1000 1365 1048 ab
1390 1015 1519 1062 aqua
1545 999 1695 1047 inflat.
1756 1000 1904 1048 Vnde
1930 998 2077 1047 etiam
2106 1013 2154 1041 10

324 1083 701 1133 ambitiosorum
728 1093 775 1132 et
802 1082 893 1132 sibi
915 1085 1199 1147 placentum
1220 1082 1479 1131 hominum
1501 1091 1665 1130 tumor
1684 1082 1863 1143 typhus
1883 1078 2074 1128 dicitur.

207 1176 303 1213 102
327 1168 485 1218 Carex
533 1167 685 1215 herba
733 1174 876 1214 acuta
925 1174 973 1214 et
1020 1164 1295 1224 durissima,
1347 1173 1510 1228 sparto
1566 1162 1749 1212 similis.
1847 1164 1926 1211 De
1981 1177 2079 1224 qua

327 1247 570 1312 Vergilius
598 1247 797 1312 (Georg.
821 1264 863 1310 3,
887 1265 909 1294 2
919 1245 1033 1311 31):

871 1331 934 1378 Et
971 1328 1128 1378 carice
1165 1337 1332 1392 pastus
1369 1336 1526 1377 acuta.

211 1425 305 1483 103
329 1415 530 1478 Spartus
556 1413 712 1461 frutex
747 1410 965 1475 virgosus
1001 1412 1106 1460 sine
1140 1410 1282 1471 foliis,
1308 1410 1372 1459 ab
1402 1408 1663 1473 asperitate
1695 1415 1915 1457 vocatus.
1985 1408 2084 1454 Vo-
2110 1423 2158 1464 15

209 1512 306 1560 104
329 1494 518 1545 lumina
551 1493 683 1543 enim
715 1492 922 1553 funium,
952 1509 1081 1556 quae
1115 1510 1173 1542 ex
1207 1509 1266 1542 eo
1301 1493 1440 1551 fiunt,
1467 1507 1638 1554 aspera
1664 1498 1789 1539 sunt.
1865 1491 2081 1538 Gramen

330 1594 359 1626 a
385 1577 480 1626 situ
508 1574 671 1639 potius
698 1576 903 1635 dictum,
932 1576 1069 1638 quod
1102 1574 1325 1638 plurimis
1355 1590 1582 1637 agrorum
1609 1572 1699 1621 sit:
1738 1572 1871 1620 unde
1895 1580 1943 1620 et
1968 1587 2082 1619 eum

332 1658 509 1710 Graeci
553 1660 786 1724 ἄγρωστιν
822 1665 1134 1706 vocaverunt.
1209 1656 1346 1705 Licet
1383 1654 1544 1703 omnis
1581 1655 1733 1703 herba
1768 1669 1970 1716 gramen
2006 1667 2086 1701 vo-

333 1750 485 1800 cetur,
517 1740 581 1788 ab
616 1756 676 1788 eo
711 1740 846 1802 quod
879 1740 1179 1802 germinetur
1196 1756 1209 1798 ,·
1258 1737 1383 1787 sicut
1420 1737 1568 1786 robur
1604 1735 1766 1785 omnis
1803 1734 1921 1798 ligni
1957 1735 2083 1783 cutis

216 1830 310 1880 105
334 1833 382 1873 et
426 1820 630 1885 species,
671 1822 735 1869 ab
778 1837 838 1869 eo
875 1822 1012 1883 quod
1050 1822 1111 1868 sit
1148 1819 1441 1868 firmissima.
1529 1818 1652 1866 Filix
1687 1835 1715 1866 a
1752 1815 2084 1879 singularitate
2112 1835 2161 1864 20

335 1904 438 1955 folii
480 1903 626 1954 dicta.
721 1902 952 1966 Denique
995 1918 1052 1951 ex
1095 1918 1193 1950 una
1232 1901 1417 1964 virgula
1452 1900 1712 1950 altitudine
1749 1897 1951 1947 cubitali
1988 1915 2086 1946 una

335 1984 486 2034 scissa
511 1984 627 2033 folia
650 1983 880 2048 gignitur,
904 2001 979 2033 res
998 1983 1230 2047 inplicata
1250 1985 1381 2032 velut
1402 1982 1564 2046 pinna.
1626 1984 1812 2031 Avena.
1874 1979 2082 2029 Lolium.

218 2073 314 2119 106
339 2066 548 2127 Zizania,
582 2082 732 2129 quam
770 2075 948 2129 poetae
985 2082 1180 2128 semper
1216 2064 1382 2114 infelix
1419 2064 1591 2113 lolium
1629 2063 1814 2122 dicunt,
1854 2066 1990 2127 quod
2027 2061 2087 2111 sit

224 2168 317 2217 107
340 2148 514 2198 inutile
557 2157 605 2197 et
653 2148 991 2197 infecundum.
1089 2149 1311 2196 Faenum
1361 2146 1549 2196 dictum
1599 2147 1735 2208 quod
1782 2161 1842 2194 eo
1891 2147 2090 2194 flamma

340 2230 550 2279 nutritur
569 2249 581 2291 3
617 2235 716 2293 φῶς
749 2232 880 2280 enim
918 2231 1114 2278 flamma
1148 2238 1234 2279 est.
1311 2229 1627 2292 Manipulum
1661 2227 1872 2277 dicimus
1906 2229 2086 2276 fascem
2115 2245 2176 2285 25.

341 2312 499 2361 faeni:
537 2321 584 2361 et
610 2312 799 2361 dictum
828 2311 1135 2375 manipulum
1162 2312 1297 2374 quod
1323 2327 1525 2359 manum
1552 2309 1749 2373 inpleat.

403 2456 419 2480 1
453 2443 677 2492 proverbia
699 2442 799 2480 DE1
822 2446 868 2481 ut
882 2441 963 2481 vid.
991 2440 1093 2493 (non
1116 2440 1249 2488 CPU)
1395 2446 1450 2480 et.
1475 2440 1517 2478 in
1538 2469 1547 2479 .
1572 2470 1581 2479 .
1607 2469 1616 2479 .
1639 2440 1806 2489 quaerit
1826 2452 1906 2480 om.
1925 2438 1972 2477 K
1988 2438 2089 2489 (non

345 2497 445 2550 NP)
549 2511 574 2535 2
605 2498 747 2547 Fugus
770 2496 859 2535 DK
961 2509 985 2545 3
1017 2496 1274 2534 menti-:eantur
1302 2494 1340 2533 T
1439 2508 1463 2543 4
1495 2494 1592 2532 dicit
1611 2493 1722 2532 codd.
1760 2520 1771 2525 -
1809 2495 1987 2532 mentire
2008 2493 2096 2532 DT

345 2552 502 2591 coloris
526 2551 613 2590 DK
784 2564 808 2600 5
838 2551 943 2590 Alea
964 2550 1010 2588 K
1135 2550 1293 2600 segetis
1313 2549 1462 2588 similis
1482 2548 1591 2587 NT:
1620 2548 1828 2587 stantibus
1849 2547 1938 2586 DK
1956 2548 2091 2599 <varia

345 2607 453 2646 lectio
475 2607 517 2644 in
539 2606 749 2656 archetypo
766 2608 799 2658 2)
926 2618 947 2653 7
981 2605 1092 2644 Usta
1112 2604 1156 2642 D
1252 2605 1366 2654 tipus
1395 2603 1454 2643 T:
1486 2603 1598 2642 tibur
1618 2602 1664 2639 K
1683 2618 1690 2642 :
1721 2604 1832 2653 tipus
1851 2616 1900 2641 ex
1918 2602 2028 2642 tibus
2051 2603 2092 2640 D

347 2664 373 2701 8
403 2674 510 2712 quae
531 2674 610 2700 om.
636 2661 726 2698 DK
845 2666 886 2699 et
907 2660 948 2697 in
972 2659 1052 2710 pal.
1077 2658 1167 2697 DK
1339 2672 1365 2709 9
1394 2659 1492 2696 ulba
1514 2658 1555 2696 D
1712 2659 1822 2707 quod
1845 2658 2027 2696 admodo
2050 2656 2092 2694 D

354 2729 402 2755 10
429 2716 592 2765 Tiphus
614 2715 684 2754 K:
714 2716 846 2766 Tipus
867 2714 956 2752 DT
1098 2728 1138 2752 [Ι
1171 2713 1442 2752 ambiciosum
1470 2712 1512 2749 D
1627 2718 1670 2750 et
1689 2726 1771 2751 om.
1794 2711 1840 2749 K
1948 2712 2092 2761 tiphus

349 2771 418 2809 K:
450 2770 562 2820 tipus
581 2769 671 2808 DT
743 2783 789 2808 12
822 2769 951 2808 Carix
973 2768 1061 2807 DT
1134 2781 1179 2817 17
1210 2767 1412 2818 plurimus
1434 2767 1506 2806 D:
1534 2766 1760 2816 plurimum
1782 2765 1828 2804 K
1899 2767 1947 2804 18
1977 2765 2091 2817 ἀγμ]

350 2831 564 2875 agrestem
585 2823 696 2864 codd.
862 2833 925 2862 20'
947 2823 1068 2862 Felix
1089 2822 1231 2860 KMU
1388 2834 1437 2860 21
1469 2821 1582 2860 foliis
1609 2820 1647 2860 T
1767 2833 1852 2859 una
1874 2850 1884 2860 .
1907 2850 1917 2860 .
1941 2849 1951 2858 .
1974 2820 2088 2869 gign.

351 2894 434 2919 om.
462 2878 500 2917 T
515 2879 619 2930 <non
643 2877 699 2930 U)
922 2891 1049 2917 unum
1071 2877 1250 2916 scissum
1272 2876 1414 2915 solium
1438 2875 1534 2913 KM
1663 2888 1715 2913 22
1746 2874 1892 2926 pinna]
1914 2874 2091 2924 primam
2172 2896 2176 2898 -

353 2933 428 2973 M:
457 2947 597 2984 penna
617 2933 660 2971 D
937 2932 1087 2971 Avena
1108 2932 1208 2970 erba
1229 2931 1442 2970 seminalis
1463 2929 1620 2981 segetis
1639 2929 1804 2968 similis.
1865 2928 2090 2978 Vergilius.

353 2989 445 3026 Vrit
476 2989 589 3026 enim
620 2987 692 3026 livi
724 2986 816 3039 (sic)
848 3000 1039 3037 campum
1071 2999 1196 3034 seges
1227 2985 1308 3024 urit
1342 2998 1489 3026 avene.
1548 2985 1720 3034 ponitur
1750 2989 1792 3022 et
1827 2996 1901 3033 pro
1931 2984 2092 3022 calamo

353 3042 588 3082 alicotiens.
649 3042 810 3080 Lolium
827 3041 925 3079 erba
942 3039 1286 3079 amarissimisimi
1304 3040 1393 3088 (sic)
1410 3039 1580 3078 seminis
1603 3037 1750 3087 T(non
1772 3037 1828 3089 U>
1931 3050 1983 3087 23
2012 3050 2094 3087 qua

355 3110 423 3146 po,
449 3095 494 3135 K
629 3110 678 3145 24
711 3096 868 3134 Fenum
892 3095 980 3133 DT
1113 3097 1165 3132 26
1195 3094 1278 3132 feni
1302 3094 1390 3131 DT
1496 3105 1621 3132 manu
1644 3092 1689 3129 K
