2176 3424
409 136 1040 186 ETYMOLOGIARVM
1082 139 1210 186 LIB.
1251 139 1388 186 XVI.
1429 137 1604 186 xiii—xv

135 265 199 312 ad
224 281 561 328 repercussum
578 267 723 315 lunae
737 267 927 329 plenae.
1001 266 1185 316 Omnia
1201 276 1366 315 autem
1392 284 1571 330 genera
1595 269 1872 331 sculpturae

134 347 377 396 resistunt.
448 347 761 396 Alabandina
786 347 918 397 dicta
941 348 1004 397 ab
1031 348 1294 397 Alabanda
1317 347 1466 397 Asiae
1490 347 1702 412 regione,
1730 348 1870 398 cuius
1894 353 1929 399 6

130 429 268 477 color
301 430 364 478 ad
394 428 775 478 carchedoniam
802 431 948 488 vadit,
978 431 1066 479 sed
1098 446 1245 479 rarus.
1319 430 1632 480 Dracontites
1658 448 1717 480 ex
1742 447 1868 480 cere·
1890 446 1919 495 7

130 510 219 558 bro
257 510 483 560 draconis
523 510 717 560 eruitur.
794 512 936 572 Quae
979 511 1072 560 nisi
1111 511 1292 561 viventi
1336 513 1527 561 abscisa
1560 512 1722 572 fuerit,
1767 530 1871 562 non

83 609 103 648 5
128 592 502 656 ingemmescit3
563 595 698 642 unde
744 602 792 643 et
842 609 951 642 eam
994 594 1125 658 magi
1163 594 1523 644 dormientibus
1570 595 1870 645 draconibus

127 682 398 737 amputant.
472 676 702 723 Audaces
746 673 880 723 enim
927 674 1014 723 viri
1062 677 1315 740 explorant
1363 677 1636 725 draconum
1679 693 1869 740 specus,

127 765 359 818 spargunt
384 755 453 805 ibi
477 756 698 819 gramina
727 756 973 806 medicata
996 758 1060 807 ad
1086 757 1395 807 incitandum
1432 760 1705 808 draconum
1731 775 1873 822 sopo-

127 854 243 897 rem,
271 847 419 900 atque
443 837 510 886 ita
547 854 724 886 somno
750 838 920 902 sopitis
946 839 1106 902 capita
1137 842 1372 889 desecant
1397 849 1445 889 et
1469 858 1690 904 gemmas
1716 842 1872 890 detra-

127 921 264 968 hunt.
338 920 462 967 Sunt
494 929 659 969 autem
690 923 907 970 candore
937 922 1253 971 translucido.
1327 924 1433 970 Vsu
1465 939 1633 970 earum
1670 922 1872 972 orientis

55 1019 102 1048 ιο
126 1018 262 1064 reges
309 1001 571 1066 praecipue
617 1003 897 1066 gloriantur.
985 1002 1350 1067 Chrysoprasus
1394 1003 1718 1067 Aethiopicus
1765 1014 1839 1054 est
1859 1023 1872 1066 3
1897 1011 1927 1057 8

126 1100 274 1146 quem
300 1084 518 1148 lapidem
542 1087 625 1133 lux
645 1087 784 1144 celat,
807 1084 971 1148 prodit
990 1085 1277 1136 obscuritas.
1352 1088 1515 1135 Nocte
1540 1085 1673 1135 enim
1700 1086 1871 1150 igneus

126 1175 213 1226 est,
253 1167 333 1215 die
370 1183 559 1216 aureus.
647 1167 900 1231 Phlogites
934 1184 992 1217 ex
1023 1167 1224 1218 Persida
1256 1178 1344 1229 est,
1373 1177 1627 1218 ostentans
1658 1170 1783 1218 intra
1819 1187 1871 1220 se
1896 1181 1932 1228 9

126 1248 262 1311 quasi
299 1250 522 1297 flammas
564 1259 859 1310 aestuantes,
895 1265 1022 1312 quae
1063 1267 1166 1298 non
1209 1260 1398 1300 exeant.
1472 1250 1661 1314 Syrtitis
1698 1262 1871 1302 vocata
1894 1264 1953 1298 10

124 1330 358 1392 quoniam
386 1332 434 1378 in
460 1330 600 1380 litore
626 1331 838 1394 Syrtium
859 1331 1058 1381 inventa
1078 1334 1289 1395 primum
1317 1342 1405 1382 est.
1478 1335 1538 1381 In
1564 1343 1699 1396 parte
1716 1334 1869 1384 Luca-

48 1427 97 1467 15
123 1413 234 1461 niae
270 1414 405 1460 color
441 1412 585 1461 huius
616 1429 833 1473 croceus,
863 1413 993 1461 intus
1029 1416 1192 1462 stellas
1227 1414 1488 1463 continens
1522 1416 1792 1478 languidas,
1821 1425 1868 1464 et

123 1493 215 1541 sub
240 1493 413 1541 nubilo
438 1494 719 1543 renitentes.
794 1497 1118 1544 Hormiscion
1143 1497 1267 1544 inter
1289 1495 1585 1559 gratissimas
1618 1496 1867 1560 aspicitur,
1893 1511 1936 1544 11

121 1591 179 1623 ex
204 1574 348 1638 igneo
374 1577 539 1625 colore
566 1576 761 1625 radians
787 1593 906 1626 auro
932 1575 1261 1643 portante[m]
1285 1594 1452 1627 secum
1480 1578 1530 1626 in
1556 1578 1868 1628 extremitati·

120 1656 211 1705 bus
238 1656 502 1706 candidam
529 1659 704 1707 lucem.

255 1740 338 1786 DE
375 1754 574 1788 AVREIS.
648 1742 772 1789 Sunt
803 1742 1047 1803 quaedam
1077 1758 1383 1804 gemmarum
1413 1758 1591 1805 genera
1616 1759 1674 1791 ex
1700 1743 1864 1806 specie
1888 1753 1969 1794 XV

47 1836 97 1863 20
122 1821 430 1868 metallorum
448 1823 523 1870 vel
543 1821 762 1884 lapidum
784 1824 1147 1885 cognominata.
1189 1824 1456 1887 Chrysopis
1476 1841 1648 1872 aurum
1670 1834 1861 1874 tantum
1886 1842 1916 1877 2

117 1900 308 1950 videtur
333 1918 453 1950 esse.
526 1903 869 1966 Chrysolithus
894 1921 1014 1952 auro
1040 1904 1210 1953 similis
1237 1915 1309 1954 est
1335 1923 1449 1954 cum
1485 1906 1657 1954 marini
1683 1906 1860 1956 coloris

116 1981 449 2032 similitudine.
504 1986 658 2033 Hunc
677 1983 771 2051 [et]
795 1986 1060 2049 Aethiopia
1078 1986 1244 2050 gignit.
1302 1989 1671 2051 Chryselectrus
1689 1990 1858 2040 similis
1882 2000 1912 2046 3

114 2081 246 2124 aurO,
275 2067 362 2114 sed
389 2067 437 2114 in
463 2068 679 2115 colorem
714 2067 880 2116 electri
906 2084 1124 2131 vergens,
1154 2069 1397 2119 matutino
1427 2079 1619 2120 tantum
1653 2082 1855 2136 aspectu

114 2145 372 2207 iucundus,
415 2147 755 2211 rapacissimus
795 2148 996 2212 ignium,
1039 2159 1100 2209 et,
1145 2149 1184 2198 si
1227 2150 1360 2200 iuxta
1398 2152 1555 2213 fuerit,
1605 2156 1856 2204 celerrime

41 2246 91 2286 ²5
113 2229 402 2278 ardescens.
481 2230 849 2294 Chrysolampis
887 2248 943 2280 ex
980 2248 1100 2280 auro
1139 2241 1187 2281 et
1223 2234 1336 2296 igne
1366 2244 1540 2284 vocata
1558 2254 1571 2296 3
1605 2253 1751 2286 aurea
1785 2248 1857 2287 est
1879 2246 1911 2293 4

114 2309 246 2358 enim
284 2311 378 2371 die,
421 2320 469 2360 et
505 2320 657 2360 noctu
695 2311 849 2375 ignea.
926 2315 1076 2362 Hanc
1113 2314 1379 2378 Aethiopia
1414 2316 1580 2380 gignit.
1655 2321 1856 2368 Ammo·
1880 2333 1912 2382 5

165 2451 190 2476 2
219 2438 486 2479 Alabandina
509 2440 571 2489 (in
592 2452 642 2478 ex
659 2441 780 2489 corr.)
811 2439 868 2479 T:
898 2440 1184 2482 Alabandicus
1204 2442 1315 2483 Plin.
1332 2444 1387 2483 N.
1408 2444 1467 2484 H.
1492 2458 1557 2497 37,
1575 2459 1628 2496 92
1770 2448 1854 2487 ala-

111 2493 247 2532 bando
284 2493 384 2532 BC:
427 2494 634 2533 alabundo
675 2493 721 2531 K
936 2507 962 2544 3
992 2497 1282 2537 calcedonium
1317 2498 1403 2537 ΒΚ
1418 2515 1426 2539 ;
1466 2501 1741 2541 calcidoniam
1784 2502 1861 2541 CT

114 2548 378 2588 Dracontidis
397 2547 443 2586 K
576 2562 600 2598 5
630 2549 877 2599 ingemescit
896 2550 937 2588 Β
1021 2552 1151 2604 magi]
1172 2553 1358 2592 maxime
1375 2553 1422 2592 K
1559 2558 1585 2594 6
1616 2557 1791 2607 explora
1812 2557 1858 2596 K

111 2615 201 2652 spe.
226 2609 268 2643 et
288 2616 375 2652 spa.
398 2602 444 2640 K
596 2616 616 2652 7
649 2604 913 2643 invitandum
934 2604 980 2642 K
1133 2609 1157 2646 8
1187 2609 1398 2658 soporatis
1426 2609 1462 2647 T
1611 2625 1637 2661 9
1666 2625 1766 2650 usus
1787 2613 1848 2652 B:

112 2658 304 2707 husuque
332 2657 369 2696 T
435 2671 485 2696 10
513 2658 803 2709 Crisoprasius
826 2664 873 2698 ut
889 2659 971 2699 vid.
995 2659 1074 2700 El:
1107 2661 1392 2712 Crisoptasius
1416 2663 1468 2705 C:
1500 2664 1764 2716 Crisopatius
1784 2665 1853 2707 K:

113 2712 392 2752 Crisobtasius
418 2711 456 2750 T
654 2726 700 2751 12
731 2714 923 2763 Flogites
944 2713 1089 2755 BCT:
1120 2716 1308 2767 Fulgites
1329 2717 1374 2756 K
1540 2726 1733 2760 ostentas
1754 2720 1859 2759 B¹T

115 2779 164 2816 13
194 2774 313 2806 aestu
352 2767 579 2820 (expunct.)
616 2773 858 2808 aestuantes
895 2768 951 2807 C:
993 2783 1068 2809 aes
1103 2769 1148 2808 K
1340 2785 1449 2822 quae
1482 2787 1564 2813 non
1598 2789 1665 2816 ex.
1697 2789 1781 2815 om.
1810 2776 1857 2815 K

111 2821 285 2861 Sirtites
304 2821 402 2861 B¹C
408 2821 445 2860 T
594 2834 641 2872 15
671 2823 750 2863 col.
772 2825 865 2863 eius
888 2823 924 2862 C
1034 2824 1281 2876 elanguidas
1299 2827 1379 2866 BC
1538 2831 1586 2867 16
1616 2830 1850 2870 Ermiscion

112 2875 222 2915 codd.
325 2877 590 2926 gratissimus
618 2876 655 2915 T
755 2890 800 2928 17
833 2891 891 2919 ra.
911 2878 1007 2930 au.]
1029 2892 1124 2919 raro
1145 2879 1191 2918 K
1270 2883 1340 2921 vix
1357 2896 1502 2922 aurum
1609 2898 1663 2923 20
1690 2890 1851 2924 tantum

111 2943 196 2970 om.
224 2930 344 2983 C(cf.
369 2931 478 2970 Plin.
500 2931 554 2972 N.
576 2931 636 2972 H.
658 2943 725 2982 37,
750 2933 844 2986 156)
1003 2947 1055 2974 22
1084 2939 1127 2973 et
1145 2934 1237 2975 hab.
1261 2936 1368 2977 BT:
1397 2951 1481 2978 om.
1507 2936 1586 2977 CK
1710 2940 1850 2979 Crise-

111 2985 269 3025 lectrus
288 2985 370 3024 BC
381 3001 388 3026 :
419 2986 680 3026 Criselectus
699 2985 789 3026 ΚΤ
903 3000 954 3038 24
983 2989 1017 3026 si
1039 3003 1120 3029 om.
1146 2988 1250 3028 BlK
1368 3004 1419 3042 25
1449 2993 1718 3033 Crisolamsis
1735 2995 1846 3034 codd.

114 3039 240 3088 igneo
414 3042 467 3079 26
496 3046 619 3080 nocte
643 3041 678 3080 C
785 3042 893 3082 hanc
915 3050 956 3081 et
976 3043 1103 3083 Aeth.
1135 3043 1172 3082 T
