2228 3444
495 184 1124 238 ETYMOLOGIARVM
1164 192 1293 239 LIB.
1334 193 1374 239 Ι.
1412 193 1569 242 xxxvii

154 307 316 369 plures
335 316 450 356 sunt
469 308 672 371 species,
683 310 931 373 exquibus
948 311 1167 362 eminent
1178 323 1389 377 septem:
1415 315 1584 377 ironia,
1595 317 1902 382 antiphrasis,

153 387 391 452 aenigma,
409 389 798 453 charientismos,
817 393 1081 456 paroemia,
1104 411 1388 456 sarcasmos,
1408 406 1664 461 astysmos.
1740 402 1906 450 Ironia
1929 414 1994 462 23

153 479 226 518 est
258 471 502 520 sententia
542 489 628 536 per
665 473 1120 537 pronuntiationem
1162 478 1460 527 contrarium
1499 482 1688 531 habens
1723 482 1906 532 intelle-

152 560 301 600 ctum.
376 555 494 602 Hoc
523 553 657 603 enim
684 564 827 619 tropo
851 556 1028 607 callide
1057 568 1141 607 aut
1165 577 1251 623 per
1285 561 1668 623 accusationem,
1703 574 1786 612 aut
1820 582 1905 628 per

103 653 125 693 5
151 631 521 684 insultationem
547 638 734 700 aliquid
760 637 950 698 dicitur,
979 649 1032 689 ut
1058 651 1131 690 est
1156 641 1278 691 illud
1304 643 1460 707 (Virg.
1479 647 1603 694 Aen.
1629 663 1668 707 1,
1695 645 1807 711 140)
1829 666 1837 695 :

354 719 567 779 Vestras,
608 721 753 780 Eure,
793 721 971 770 domos
991 740 1004 783 3
1048 724 1129 771 illa
1165 741 1216 773 se
1254 724 1400 774 iactet
1435 726 1486 774 in
1522 729 1634 775 aula

351 802 552 860 Aeolus,
592 810 640 849 et
676 803 845 851 clauso
881 813 1142 853 ventorum
1181 823 1374 857 carcere
1410 818 1595 871 regnet.

150 881 214 927 Et
240 883 495 943 quomodo
520 886 645 942 aula,
674 883 714 931 si
738 901 903 934 carcer
929 889 1038 934 est?
1087 887 1299 937 Solvitur
1324 891 1456 938 enim
1483 892 1897 953 pronuntiatione.

149 963 279 1010 Nam
301 980 464 1013 carcer
482 965 820 1027 pronuntiatio
846 976 919 1016 est
940 983 949 1012 τ
990 968 1136 1018 iactet
1156 979 1206 1019 et
1223 973 1336 1019 aula
1355 971 1513 1020 ironia
1533 981 1606 1021 est
1623 992 1636 1034 3
1669 983 1718 1023 et
1738 983 1897 1022 totum

74 1060 123 1087 10
146 1060 231 1106 per
247 1045 540 1095 contrariam
556 1047 1011 1111 pronuntiationem
1027 1051 1348 1102 adnuntiatur
1362 1071 1450 1117 per
1463 1053 1649 1104 ironiae
1665 1055 1894 1119 speciem,

146 1141 272 1187 quae
298 1128 550 1177 laudando
583 1128 790 1178 deridet.
865 1130 1177 1195 Antiphrasis
1212 1143 1284 1182 est
1310 1151 1471 1184 sermo
1506 1153 1533 1185 e
1558 1137 1804 1187 contrario
1830 1137 1898 1186 in·
1921 1148 1987 1196 24

145 1209 462 1272 tellegendus,
492 1219 545 1258 ut
574 1213 770 1272 ‘lucus,'
794 1214 910 1275 quia
942 1223 1073 1262 caret
1098 1216 1259 1264 lucem
1286 1233 1372 1279 per
1404 1217 1607 1266 nimiam
1639 1236 1898 1269 nemorum

145 1290 370 1339 umbram
388 1310 402 1353 3
427 1301 475 1341 et
498 1295 727 1354 ‘manes‚'
747 1293 797 1343 id
816 1304 888 1343 est
909 1295 1051 1345 mites
1073 1299 1249 1361 (quum
1267 1298 1363 1347 sint
1374 1298 1592 1366 inmites)
1603 1310 1651 1349 et
1668 1302 1894 1361 modesti,

144 1389 257 1420 cum
288 1372 384 1422 sint
424 1374 662 1424 terribiles
704 1385 753 1425 et
792 1376 1016 1428 inmanes
1035 1397 1048 1440 3
1088 1389 1135 1428 et
1177 1383 1414 1430 ‘Parcas'
1445 1392 1493 1430 et
1530 1383 1897 1445 ‘Eumenides‚'

71 1468 116 1509 15
144 1456 319 1504 Furiae
345 1458 482 1519 quod
511 1457 632 1506 nulli
667 1468 870 1521 parcant
895 1461 971 1509 vel
997 1460 1325 1512 benefaciant.
1402 1466 1518 1512 Hoc
1542 1473 1686 1528 tropo
1706 1475 1755 1515 et
1779 1466 1895 1514 nani

141 1538 402 1587 Athlantes
413 1548 461 1587 et
477 1539 611 1588 caeci
619 1541 842 1590 videntes
853 1549 901 1590 et
910 1544 1056 1605 vulgo
1066 1543 1338 1607 Aethiopes
1345 1545 1895 1610 argenteiappellantur.

143 1620 279 1669 Inter
302 1619 511 1670 ironiam
535 1632 702 1671 autem
722 1632 771 1673 et
795 1623 1115 1688 antiphrasim
1142 1628 1238 1676 hoc
1256 1629 1418 1689 distat,
1447 1631 1585 1692 quod
1609 1629 1765 1679 ironia
1790 1649 1895 1694 pro·
1919 1646 1983 1695 25

141 1701 451 1752 nuntiatione
485 1706 589 1753 sola
613 1703 799 1754 indicat
833 1708 969 1769 quod
1003 1706 1218 1772 intellegi
1249 1712 1364 1770 vult,
1393 1710 1519 1759 sicut
1544 1729 1658 1760 cum
1684 1712 1895 1763 dicimus

142 1783 310 1832 omnia
334 1785 499 1848 agenti
519 1789 646 1836 male
670 1807 678 1835 :
721 1790 946 1837 ‘Bonum
973 1798 1059 1849 est,
1082 1792 1219 1854 quod
1245 1792 1363 1841 facis
1381 1795 1391 1815 ⁷
1409 1811 1423 1854 3
1458 1793 1752 1856 antiphrasis
1778 1813 1894 1845 vero

66 1881 117 1908 20
141 1881 243 1914 non
269 1883 391 1915 voce
429 1868 793 1931 pronuntiantis
825 1870 1066 1934 significat
1099 1874 1413 1934 contrarium,
1449 1877 1537 1924 sed
1570 1875 1670 1924 suis
1699 1886 1888 1926 tantum

140 1947 313 2008 verbis,
346 1966 556 2012 quorum
584 1951 719 2014 origo
746 1953 987 2003 contraria
1013 1963 1099 2003 est.
1179 1957 1420 2019 Aenigma
1452 1967 1526 2006 est
1556 1958 1779 2021 quaestio
1806 1960 1889 2008 ob-
1913 1964 1982 2010 26

138 2046 278 2078 scura
325 2047 452 2093 quae
498 2031 697 2082 difficile
744 2034 1052 2098 intellegitur,
1102 2037 1195 2085 nisi
1241 2038 1500 2101 aperiatur,
1549 2048 1602 2087 ut
1650 2049 1723 2088 est
1770 2040 1891 2091 illud

137 2111 314 2173 (Iudic.
334 2130 408 2172 14,
427 2113 507 2177 14)
522 2134 529 2162 :
560 2117 662 2163 ‘De
678 2118 975 2166 comedente
993 2117 1138 2166 exivit
1155 2118 1309 2180 cibus,
1324 2130 1371 2168 et
1389 2122 1452 2168 de
1469 2122 1593 2170 forte
1609 2138 1801 2184 egressa
1816 2134 1890 2171 est

137 2194 382 2254 dulcedo,'
403 2195 682 2258 significans
700 2215 758 2245 ex
769 2200 1018 2248 oreleonis
1036 2201 1201 2248 favum
1218 2210 1503 2250 extractum.
1564 2205 1699 2252 Inter
1714 2206 1889 2268 allego-

62 2294 112 2333 25
136 2274 255 2323 riam
281 2287 446 2326 autem
472 2286 520 2326 et
539 2278 766 2341 aenigma
790 2282 886 2329 hoc
911 2280 1126 2343 interest,
1152 2285 1289 2346 quod
1312 2283 1572 2347 allegoriae
1595 2287 1666 2333 vis
1692 2286 1888 2348 gemina

134 2367 205 2405 est
231 2367 278 2407 et
304 2360 396 2408 sub
430 2377 505 2409 res
530 2361 649 2409 alias
682 2361 816 2411 aliud
843 2363 1105 2426 figuraliter
1130 2363 1315 2414 indicat
1332 2384 1346 2426 3
1381 2366 1609 2430 aenigma
1633 2384 1747 2416 vero
1782 2386 1885 2417 sen-

133 2456 212 2488 sus
238 2450 429 2489 tantum
455 2443 693 2492 obscurus
719 2453 806 2504 est,
835 2454 883 2493 et
909 2462 995 2508 per
1014 2448 1255 2509 quasdam
1281 2446 1519 2511 imagines
1543 2450 1878 2498 adumbratus.

133 2522 523 2572 Charientismos
540 2534 612 2574 est
633 2535 816 2589 tropus,
845 2544 946 2590 quo
966 2529 1089 2576 dura
1108 2531 1244 2578 dictu
1263 2529 1444 2593 gratius
1464 2532 1788 2592 proferuntur,
1810 2530 1880 2579 uti
1906 2543 1967 2591 27

133 2619 247 2651 cum
267 2603 694 2670 interrogantibus,
719 2612 730 2634 ‘
748 2609 994 2673 numquid
1009 2627 1102 2659 nos
1128 2610 1390 2674 quaesierit
1409 2611 1584 2675 aliquis
1601 2614 1622 2660 Ρ
1638 2614 1648 2634 ’
1685 2629 1881 2676 respon-

58 2700 110 2739 30
133 2687 298 2735 detur:
335 2690 750 2739 ‘BonaFortuna.’
789 2691 1877 2757 Vndeintellegiturneminemnosquaesisse.

183 2820 210 2856 6
239 2818 371 2870 Eure]
408 2833 557 2858 eruere
597 2820 635 2859 T
768 2823 919 2860 domus
949 2821 1054 2860 A1B
1223 2836 1268 2861 11
1302 2824 1381 2863 An.
1417 2836 1557 2863 sermo
1585 2824 1686 2875 (om.
1719 2826 1801 2871 est)
1833 2826 1874 2862 A

131 2884 180 2909 12
211 2873 306 2924 per]
329 2885 406 2923 pre
427 2875 474 2924 (i.
489 2888 520 2913 e.
541 2876 660 2925 prae)
690 2875 728 2914 T
872 2889 920 2925 13
950 2890 1077 2926 quum
1094 2877 1178 2916 sint
1195 2877 1366 2917 inmites
1385 2892 1469 2917 om.
1494 2879 1677 2930 (propter
1690 2879 1875 2917 homoeo-

129 2926 187 2964 tel.
204 2929 237 2974 3)
258 2942 283 2965 α
305 2930 368 2978 (=
392 2929 532 2982 ΑΒΕ)
774 2943 821 2979 14
853 2944 1028 2981 parcaes
1052 2931 1087 2970 C
1318 2935 1368 2970 16
1397 2934 1567 2983 eziopes
1594 2933 1632 2972 T
1802 2946 1876 2982 ap-

127 2981 341 3029 pellantur
360 2983 507 3022 ABC:
534 2990 741 3023 vocantur
766 2984 804 3023 T
909 2999 958 3036 19
986 2987 1128 3026 omnia
1155 2986 1210 3024 T:
1244 2987 1405 3026 homini
1425 2988 1550 3027 ΑΒΕ
1656 3001 1709 3025 20
1737 2987 1873 3039 sign.]

127 3041 252 3074 vocat
278 3036 315 3074 T
503 3051 551 3076 21
584 3039 764 3090 Enigma
784 3053 854 3090 qu.
877 3040 980 3092 (om.
1001 3043 1084 3091 est)
1102 3041 1165 3078 Al
1385 3055 1437 3092 25
1467 3042 1698 3091 allegoriae
1717 3041 1842 3081 Arev.
1865 3057 1875 3082 :

126 3090 210 3129 -ria
227 3091 339 3132 codd.
531 3093 614 3145 vis]
636 3095 700 3133 vel
713 3094 778 3133 bis
935 3096 1146 3145 geminata
1166 3094 1209 3133 A
1430 3110 1481 3146 27
1512 3097 1786 3136 obumbratus
1801 3095 1843 3134 A
1865 3110 1874 3135 :

125 3144 402 3185 adumbratur
429 3146 465 3185 T
614 3151 681 3204 28ι
696 3149 758 3188 uti
779 3149 893 3188 AT:
926 3150 1058 3189 veluti
1082 3150 1138 3190 C:
1171 3156 1215 3189 ut
1234 3151 1275 3188 Β
1423 3164 1475 3201 29
1506 3151 1821 3201 respondentur
1843 3150 1881 3190 T
