<?xml version="1.0" encoding="UTF-8"?>
<!DOCTYPE html PUBLIC "-//W3C//DTD XHTML 1.0 Transitional//EN"
    "http://www.w3.org/TR/xhtml1/DTD/xhtml1-transitional.dtd">
<html xmlns="http://www.w3.org/1999/xhtml" xml:lang="en" lang="en">
 <head>
  <title>
</title>
<meta http-equiv="Content-Type" content="text/html;charset=utf-8" />
  <meta name='ocr-system' content='tesseract 3.04.00' />
  <meta name='ocr-capabilities' content='ocr_page ocr_carea ocr_par ocr_line ocrx_word'/>
</head>
<body>
  <div class='ocr_page' id='page_1' title='image "./isidori01isiduoft/isidori01isiduoft_0315.png"; bbox 0 0 2228 3444; ppageno 0'>
   <div class='ocr_carea' id='block_1_1' title="bbox 459 128 1616 187">
    <p class='ocr_par' dir='ltr' id='par_1_1' title="bbox 459 128 1616 187">
     <span class='ocr_line' id='line_1_1' title="bbox 459 128 1616 187; baseline -0.009 -2"><span class='ocrx_word' id='word_1_1' title='bbox 459 133 1091 185; x_wconf 82' lang='lat' dir='ltr'>ETYMOLOGIARVM</span> <span class='ocrx_word' id='word_1_2' title='bbox 1131 132 1259 179; x_wconf 92' lang='lat' dir='ltr'>LIB.</span> <span class='ocrx_word' id='word_1_3' title='bbox 1301 130 1448 178; x_wconf 93' lang='lat' dir='ltr'>VIII.</span> <span class='ocrx_word' id='word_1_4' title='bbox 1488 128 1547 187; x_wconf 89' lang='lat' dir='ltr'>iv,</span> <span class='ocrx_word' id='word_1_5' title='bbox 1588 144 1616 175; x_wconf 90' lang='lat' dir='ltr'><strong>v</strong></span> 
     </span>
    </p>
   </div>
   <div class='ocr_carea' id='block_1_2' title="bbox 98 254 2002 2541">
    <p class='ocr_par' dir='ltr' id='par_1_2' title="bbox 98 254 2002 2541">
     <span class='ocr_line' id='line_1_2' title="bbox 169 254 1969 331; baseline -0.008 -14"><span class='ocrx_word' id='word_1_6' title='bbox 169 267 251 331; x_wconf 91' lang='lat' dir='ltr'>qui</span> <span class='ocrx_word' id='word_1_7' title='bbox 279 267 522 316; x_wconf 91' lang='lat' dir='ltr'>mundum</span> <span class='ocrx_word' id='word_1_8' title='bbox 550 281 650 313; x_wconf 90' lang='lat' dir='ltr'>non</span> <span class='ocrx_word' id='word_1_9' title='bbox 677 281 705 312; x_wconf 90' lang='lat' dir='ltr'>a</span> <span class='ocrx_word' id='word_1_10' title='bbox 727 266 851 323; x_wconf 92' lang='lat' dir='ltr'>Deo,</span> <span class='ocrx_word' id='word_1_11' title='bbox 875 263 962 311; x_wconf 89' lang='lat' dir='ltr'>sed</span> <span class='ocrx_word' id='word_1_12' title='bbox 987 261 1049 310; x_wconf 92' lang='lat' dir='ltr'>ab</span> <span class='ocrx_word' id='word_1_13' title='bbox 1069 261 1254 324; x_wconf 83' lang='lat' dir='ltr'>angelis</span> <span class='ocrx_word' id='word_1_14' title='bbox 1279 260 1463 308; x_wconf 89' lang='lat' dir='ltr'>factum</span> <span class='ocrx_word' id='word_1_15' title='bbox 1489 266 1725 307; x_wconf 89' lang='lat' dir='ltr'>asserunt.</span> <span class='ocrx_word' id='word_1_16' title='bbox 1782 254 1912 304; x_wconf 90' lang='lat' dir='ltr'>Basi-</span> <span class='ocrx_word' id='word_1_17' title='bbox 1936 270 1969 318; x_wconf 92' lang='lat'>4</span> 
     </span>
     <span class='ocr_line' id='line_1_3' title="bbox 165 339 1911 410; baseline -0.007 -11"><span class='ocrx_word' id='word_1_18' title='bbox 165 349 334 399; x_wconf 90' lang='lat' dir='ltr'>lidiani</span> <span class='ocrx_word' id='word_1_19' title='bbox 353 366 382 398; x_wconf 92' lang='lat' dir='ltr'>a</span> <span class='ocrx_word' id='word_1_20' title='bbox 398 348 612 397; x_wconf 91' lang='lat' dir='ltr'>Basilide</span> <span class='ocrx_word' id='word_1_21' title='bbox 627 344 871 410; x_wconf 89' lang='lat' dir='ltr'>appellati,</span> <span class='ocrx_word' id='word_1_22' title='bbox 891 344 975 407; x_wconf 89' lang='lat' dir='ltr'>qui</span> <span class='ocrx_word' id='word_1_23' title='bbox 995 345 1119 392; x_wconf 90' lang='lat' dir='ltr'>inter</span> <span class='ocrx_word' id='word_1_24' title='bbox 1134 342 1344 405; x_wconf 88' lang='lat' dir='ltr'>reliquas</span> <span class='ocrx_word' id='word_1_25' title='bbox 1360 339 1692 404; x_wconf 81' lang='lat' dir='ltr'>blasphemias</span> <span class='ocrx_word' id='word_1_26' title='bbox 1712 355 1911 403; x_wconf 90' lang='lat' dir='ltr'>passum</span> 
     </span>
     <span class='ocr_line' id='line_1_4' title="bbox 169 420 1966 493; baseline -0.007 -12"><span class='ocrx_word' id='word_1_27' title='bbox 169 434 335 481; x_wconf 91' lang='lat' dir='ltr'>Iesum</span> <span class='ocrx_word' id='word_1_28' title='bbox 351 428 633 493; x_wconf 81' lang='lat' dir='ltr'>abnegavit.</span> <span class='ocrx_word' id='word_1_29' title='bbox 698 426 973 476; x_wconf 88' lang='lat' dir='ltr'>Nicolaitae</span> <span class='ocrx_word' id='word_1_30' title='bbox 998 425 1117 475; x_wconf 90' lang='lat' dir='ltr'>dicti</span> <span class='ocrx_word' id='word_1_31' title='bbox 1142 442 1171 473; x_wconf 89' lang='lat' dir='ltr'>a</span> <span class='ocrx_word' id='word_1_32' title='bbox 1191 426 1238 474; x_wconf 96' lang='lat' dir='ltr'>N</span> <span class='ocrx_word' id='word_1_33' title='bbox 1242 423 1413 483; x_wconf 88' lang='lat' dir='ltr'>ico1ao,</span> <span class='ocrx_word' id='word_1_34' title='bbox 1437 422 1651 472; x_wconf 91' lang='lat' dir='ltr'>diacono</span> <span class='ocrx_word' id='word_1_35' title='bbox 1677 420 1912 471; x_wconf 88' lang='lat' dir='ltr'>ecclesiae</span> <span class='ocrx_word' id='word_1_36' title='bbox 1934 433 1966 484; x_wconf 87' lang='grc'><strong>5</strong></span> 
     </span>
     <span class='ocr_line' id='line_1_5' title="bbox 169 504 1913 576; baseline -0.007 -12"><span class='ocrx_word' id='word_1_37' title='bbox 169 514 642 576; x_wconf 86' lang='lat' dir='ltr'>Hierosolymorum,</span> <span class='ocrx_word' id='word_1_38' title='bbox 670 510 754 574; x_wconf 84' lang='lat' dir='ltr'>qui</span> <span class='ocrx_word' id='word_1_39' title='bbox 787 526 900 559; x_wconf 92' lang='lat' dir='ltr'>cum</span> <span class='ocrx_word' id='word_1_40' title='bbox 931 510 1186 572; x_wconf 89' lang='lat' dir='ltr'>Stephano</span> <span class='ocrx_word' id='word_1_41' title='bbox 1220 515 1268 556; x_wconf 91' lang='lat' dir='ltr'>et</span> <span class='ocrx_word' id='word_1_42' title='bbox 1301 504 1473 555; x_wconf 90' lang='lat' dir='ltr'>ceteris</span> <span class='ocrx_word' id='word_1_43' title='bbox 1511 504 1807 554; x_wconf 89' lang='lat' dir='ltr'>constitutus</span> <span class='ocrx_word' id='word_1_44' title='bbox 1841 513 1913 553; x_wconf 90' lang='lat' dir='ltr'>est</span> 
     </span>
     <span class='ocr_line' id='line_1_6' title="bbox 123 585 1910 656; baseline -0.007 -11"><span class='ocrx_word' id='word_1_45' title='bbox 123 613 144 653; x_wconf 89' lang='lat'>5</span> <span class='ocrx_word' id='word_1_46' title='bbox 168 613 195 646; x_wconf 86' lang='lat' dir='ltr'>a</span> <span class='ocrx_word' id='word_1_47' title='bbox 215 599 360 644; x_wconf 91' lang='lat' dir='ltr'>Petro</span> <span class='ocrx_word' id='word_1_48' title='bbox 378 613 391 654; x_wconf 77' lang='lat'>,-</span> <span class='ocrx_word' id='word_1_49' title='bbox 427 595 511 656; x_wconf 88' lang='lat' dir='ltr'>qui</span> <span class='ocrx_word' id='word_1_50' title='bbox 536 601 734 656; x_wconf 90' lang='lat' dir='ltr'>propter</span> <span class='ocrx_word' id='word_1_51' title='bbox 759 589 1178 655; x_wconf 89' lang='lat' dir='ltr'>pulchritudinem</span> <span class='ocrx_word' id='word_1_52' title='bbox 1204 588 1487 652; x_wconf 87' lang='lat' dir='ltr'>relinquens</span> <span class='ocrx_word' id='word_1_53' title='bbox 1512 603 1729 645; x_wconf 89' lang='lat' dir='ltr'>uxorem,</span> <span class='ocrx_word' id='word_1_54' title='bbox 1756 594 1810 635; x_wconf 92' lang='lat' dir='ltr'>ut</span> <span class='ocrx_word' id='word_1_55' title='bbox 1829 585 1910 649; x_wconf 86' lang='lat' dir='ltr'>qui</span> 
     </span>
     <span class='ocr_line' id='line_1_7' title="bbox 168 669 1914 735; baseline -0.006 -9"><span class='ocrx_word' id='word_1_56' title='bbox 168 679 312 726; x_wconf 91' lang='lat' dir='ltr'>vellet</span> <span class='ocrx_word' id='word_1_57' title='bbox 349 692 457 725; x_wconf 90' lang='lat' dir='ltr'>eam</span> <span class='ocrx_word' id='word_1_58' title='bbox 496 684 722 733; x_wconf 88' lang='lat' dir='ltr'>uteretur,</span> <span class='ocrx_word' id='word_1_59' title='bbox 749 690 886 723; x_wconf 88' lang='lat' dir='ltr'>versa</span> <span class='ocrx_word' id='word_1_60' title='bbox 922 681 994 722; x_wconf 92' lang='lat' dir='ltr'>est</span> <span class='ocrx_word' id='word_1_61' title='bbox 1027 674 1077 720; x_wconf 93' lang='lat' dir='ltr'>in</span> <span class='ocrx_word' id='word_1_62' title='bbox 1113 681 1335 735; x_wconf 89' lang='lat' dir='ltr'>stuprum</span> <span class='ocrx_word' id='word_1_63' title='bbox 1369 669 1478 719; x_wconf 88' lang='lat' dir='ltr'>talis</span> <span class='ocrx_word' id='word_1_64' title='bbox 1508 669 1833 727; x_wconf 83' lang='lat' dir='ltr'>consuetudo,</span> <span class='ocrx_word' id='word_1_65' title='bbox 1860 678 1914 716; x_wconf 89' lang='lat' dir='ltr'>ut</span> 
     </span>
     <span class='ocr_line' id='line_1_8' title="bbox 167 752 1915 820; baseline -0.006 -13"><span class='ocrx_word' id='word_1_66' title='bbox 167 758 379 807; x_wconf 92' lang='lat' dir='ltr'>invicem</span> <span class='ocrx_word' id='word_1_67' title='bbox 413 757 641 820; x_wconf 90' lang='lat' dir='ltr'>coniugia</span> <span class='ocrx_word' id='word_1_68' title='bbox 674 764 1106 805; x_wconf 86' lang='lat' dir='ltr'>commutarentur.</span> <span class='ocrx_word' id='word_1_69' title='bbox 1183 755 1323 815; x_wconf 84' lang='lat' dir='ltr'>Quos</span> <span class='ocrx_word' id='word_1_70' title='bbox 1356 753 1606 800; x_wconf 89' lang='lat' dir='ltr'>Iohannes</span> <span class='ocrx_word' id='word_1_71' title='bbox 1644 752 1694 797; x_wconf 92' lang='lat' dir='ltr'>in</span> <span class='ocrx_word' id='word_1_72' title='bbox 1724 752 1915 813; x_wconf 88' lang='lat' dir='ltr'>Apoca-</span> 
     </span>
     <span class='ocr_line' id='line_1_9' title="bbox 168 831 1915 904; baseline -0.005 -16"><span class='ocrx_word' id='word_1_73' title='bbox 168 840 292 904; x_wconf 90' lang='lat' dir='ltr'>lypsi</span> <span class='ocrx_word' id='word_1_74' title='bbox 324 840 553 902; x_wconf 89' lang='lat' dir='ltr'>inprobat</span> <span class='ocrx_word' id='word_1_75' title='bbox 577 838 748 888; x_wconf 89' lang='lat' dir='ltr'>dicens</span> <span class='ocrx_word' id='word_1_76' title='bbox 775 836 839 904; x_wconf 89' lang='lat'>(2,</span> <span class='ocrx_word' id='word_1_77' title='bbox 861 837 942 902; x_wconf 85' lang='lat'>6):</span> <span class='ocrx_word' id='word_1_78' title='bbox 981 836 1104 886; x_wconf 87' lang='lat' dir='ltr'>‘Sed</span> <span class='ocrx_word' id='word_1_79' title='bbox 1135 836 1230 884; x_wconf 90' lang='lat' dir='ltr'>hoc</span> <span class='ocrx_word' id='word_1_80' title='bbox 1255 834 1422 893; x_wconf 90' lang='lat' dir='ltr'>habes,</span> <span class='ocrx_word' id='word_1_81' title='bbox 1451 834 1587 896; x_wconf 86' lang='lat' dir='ltr'>quod</span> <span class='ocrx_word' id='word_1_82' title='bbox 1614 831 1762 881; x_wconf 92' lang='lat' dir='ltr'>odisti</span> <span class='ocrx_word' id='word_1_83' title='bbox 1787 834 1915 880; x_wconf 89' lang='lat' dir='ltr'>facta</span> 
     </span>
     <span class='ocr_line' id='line_1_10' title="bbox 170 912 1974 983; baseline -0.007 -11"><span class='ocrx_word' id='word_1_84' title='bbox 170 921 555 972; x_wconf 89' lang='lat' dir='ltr'>Nicolaitarum.⁷</span> <span class='ocrx_word' id='word_1_85' title='bbox 627 919 853 970; x_wconf 87' lang='lat' dir='ltr'>Gnostici</span> <span class='ocrx_word' id='word_1_86' title='bbox 890 928 1087 983; x_wconf 92' lang='lat' dir='ltr'>propter</span> <span class='ocrx_word' id='word_1_87' title='bbox 1120 917 1459 967; x_wconf 87' lang='lat' dir='ltr'>excellentiam</span> <span class='ocrx_word' id='word_1_88' title='bbox 1498 915 1731 964; x_wconf 89' lang='lat' dir='ltr'>scientiae</span> <span class='ocrx_word' id='word_1_89' title='bbox 1768 929 1820 962; x_wconf 93' lang='lat' dir='ltr'>se</span> <span class='ocrx_word' id='word_1_90' title='bbox 1850 912 1916 960; x_wconf 90' lang='lat' dir='ltr'>ita</span> <span class='ocrx_word' id='word_1_91' title='bbox 1938 912 1974 960; x_wconf 87' lang='lat'>6</span> 
     </span>
     <span class='ocr_line' id='line_1_11' title="bbox 98 995 1914 1068; baseline -0.007 -14"><span class='ocrx_word' id='word_1_92' title='bbox 98 1018 148 1047; x_wconf 89' lang='lat'>10</span> <span class='ocrx_word' id='word_1_93' title='bbox 169 1005 413 1068; x_wconf 89' lang='lat' dir='ltr'>appellare</span> <span class='ocrx_word' id='word_1_94' title='bbox 431 1004 704 1052; x_wconf 89' lang='lat' dir='ltr'>voluerunt.</span> <span class='ocrx_word' id='word_1_95' title='bbox 766 1001 1000 1050; x_wconf 86' lang='lat' dir='ltr'>Animam</span> <span class='ocrx_word' id='word_1_96' title='bbox 1020 1010 1244 1050; x_wconf 88' lang='lat' dir='ltr'>naturam</span> <span class='ocrx_word' id='word_1_97' title='bbox 1267 999 1363 1048; x_wconf 91' lang='lat' dir='ltr'>Dei</span> <span class='ocrx_word' id='word_1_98' title='bbox 1383 1015 1490 1048; x_wconf 91' lang='lat' dir='ltr'>esse</span> <span class='ocrx_word' id='word_1_99' title='bbox 1515 997 1700 1056; x_wconf 92' lang='lat' dir='ltr'>dicunt,</span> <span class='ocrx_word' id='word_1_100' title='bbox 1723 995 1914 1045; x_wconf 93' lang='lat' dir='ltr'>bonum</span> 
     </span>
     <span class='ocr_line' id='line_1_12' title="bbox 170 1078 1968 1146; baseline -0.005 -12"><span class='ocrx_word' id='word_1_101' title='bbox 170 1094 217 1134; x_wconf 90' lang='lat' dir='ltr'>et</span> <span class='ocrx_word' id='word_1_102' title='bbox 237 1086 420 1133; x_wconf 91' lang='lat' dir='ltr'>malum</span> <span class='ocrx_word' id='word_1_103' title='bbox 444 1086 608 1132; x_wconf 92' lang='lat' dir='ltr'>Deum</span> <span class='ocrx_word' id='word_1_104' title='bbox 629 1083 727 1133; x_wconf 91' lang='lat' dir='ltr'>suis</span> <span class='ocrx_word' id='word_1_105' title='bbox 750 1083 1066 1146; x_wconf 85' lang='lat' dir='ltr'>dogmatibus</span> <span class='ocrx_word' id='word_1_106' title='bbox 1092 1083 1296 1146; x_wconf 90' lang='lat' dir='ltr'>fingunt.</span> <span class='ocrx_word' id='word_1_107' title='bbox 1361 1078 1730 1144; x_wconf 86' lang='lat' dir='ltr'>Carpocratiani</span> <span class='ocrx_word' id='word_1_108' title='bbox 1755 1095 1783 1126; x_wconf 89' lang='lat' dir='ltr'>a</span> <span class='ocrx_word' id='word_1_109' title='bbox 1803 1078 1916 1127; x_wconf 93' lang='lat' dir='ltr'>Car—</span> <span class='ocrx_word' id='word_1_110' title='bbox 1940 1088 1968 1136; x_wconf 94' lang='lat'><strong>7</strong></span> 
     </span>
     <span class='ocr_line' id='line_1_13' title="bbox 168 1158 1917 1230; baseline -0.005 -15"><span class='ocrx_word' id='word_1_111' title='bbox 168 1176 367 1230; x_wconf 90' lang='lat' dir='ltr'>poerate</span> <span class='ocrx_word' id='word_1_112' title='bbox 397 1167 613 1229; x_wconf 88' lang='lat' dir='ltr'>quodam</span> <span class='ocrx_word' id='word_1_113' title='bbox 644 1175 892 1226; x_wconf 87' lang='lat' dir='ltr'>vocantur,</span> <span class='ocrx_word' id='word_1_114' title='bbox 922 1164 1006 1228; x_wconf 88' lang='lat' dir='ltr'>qui</span> <span class='ocrx_word' id='word_1_115' title='bbox 1042 1164 1161 1214; x_wconf 85' lang='lat' dir='ltr'>dixit</span> <span class='ocrx_word' id='word_1_116' title='bbox 1187 1162 1438 1214; x_wconf 90' lang='lat' dir='ltr'>Christum</span> <span class='ocrx_word' id='word_1_117' title='bbox 1475 1161 1730 1210; x_wconf 90' lang='lat' dir='ltr'>hominem</span> <span class='ocrx_word' id='word_1_118' title='bbox 1768 1158 1917 1208; x_wconf 91' lang='lat' dir='ltr'>fuisse</span> 
     </span>
     <span class='ocr_line' id='line_1_14' title="bbox 170 1242 1972 1311; baseline -0.004 -14"><span class='ocrx_word' id='word_1_119' title='bbox 170 1258 375 1308; x_wconf 88' lang='lat' dir='ltr'>tantum,</span> <span class='ocrx_word' id='word_1_120' title='bbox 397 1257 445 1297; x_wconf 90' lang='lat' dir='ltr'>et</span> <span class='ocrx_word' id='word_1_121' title='bbox 464 1250 526 1297; x_wconf 93' lang='lat' dir='ltr'>de</span> <span class='ocrx_word' id='word_1_122' title='bbox 547 1257 754 1311; x_wconf 86' lang='lat' dir='ltr'>utroque</span> <span class='ocrx_word' id='word_1_123' title='bbox 781 1264 896 1296; x_wconf 84' lang='lat' dir='ltr'>sexu</span> <span class='ocrx_word' id='word_1_124' title='bbox 922 1246 1247 1310; x_wconf 89' lang='lat' dir='ltr'>progenitum.</span> <span class='ocrx_word' id='word_1_125' title='bbox 1303 1243 1610 1295; x_wconf 90' lang='lat' dir='ltr'>Cerinthiani</span> <span class='ocrx_word' id='word_1_126' title='bbox 1629 1261 1658 1293; x_wconf 92' lang='lat' dir='ltr'>a</span> <span class='ocrx_word' id='word_1_127' title='bbox 1677 1242 1917 1294; x_wconf 85' lang='lat' dir='ltr'>Cerintho</span> <span class='ocrx_word' id='word_1_128' title='bbox 1943 1251 1972 1297; x_wconf 91' lang='lat'>8</span> 
     </span>
     <span class='ocr_line' id='line_1_15' title="bbox 171 1326 1921 1394; baseline -0.004 -14"><span class='ocrx_word' id='word_1_129' title='bbox 171 1333 389 1394; x_wconf 88' lang='lat' dir='ltr'>quodam</span> <span class='ocrx_word' id='word_1_130' title='bbox 414 1331 699 1394; x_wconf 89' lang='lat' dir='ltr'>nuncupati.</span> <span class='ocrx_word' id='word_1_131' title='bbox 762 1329 833 1378; x_wconf 90' lang='lat' dir='ltr'>Hi</span> <span class='ocrx_word' id='word_1_132' title='bbox 855 1329 979 1378; x_wconf 91' lang='lat' dir='ltr'>inter</span> <span class='ocrx_word' id='word_1_133' title='bbox 999 1338 1160 1378; x_wconf 87' lang='lat' dir='ltr'>cetera</span> <span class='ocrx_word' id='word_1_134' title='bbox 1179 1327 1604 1376; x_wconf 89' lang='lat' dir='ltr'>circumcisionem</span> <span class='ocrx_word' id='word_1_135' title='bbox 1625 1326 1889 1375; x_wconf 91' lang='lat' dir='ltr'>observant</span> <span class='ocrx_word' id='word_1_136' title='bbox 1909 1342 1921 1384; x_wconf 77' lang='lat'><em>3</em></span> 
     </span>
     <span class='ocr_line' id='line_1_16' title="bbox 98 1409 1916 1478; baseline -0.003 -16"><span class='ocrx_word' id='word_1_137' title='bbox 98 1430 145 1470; x_wconf 89' lang='lat'>15</span> <span class='ocrx_word' id='word_1_138' title='bbox 171 1413 304 1463; x_wconf 89' lang='lat' dir='ltr'>mille</span> <span class='ocrx_word' id='word_1_139' title='bbox 322 1431 479 1463; x_wconf 91' lang='lat' dir='ltr'>annos</span> <span class='ocrx_word' id='word_1_140' title='bbox 498 1423 608 1478; x_wconf 92' lang='lat' dir='ltr'>post</span> <span class='ocrx_word' id='word_1_141' title='bbox 628 1411 1034 1461; x_wconf 90' lang='lat' dir='ltr'>resurrectionem</span> <span class='ocrx_word' id='word_1_142' title='bbox 1061 1411 1111 1458; x_wconf 92' lang='lat' dir='ltr'>in</span> <span class='ocrx_word' id='word_1_143' title='bbox 1130 1413 1380 1473; x_wconf 89' lang='lat' dir='ltr'>voluptate</span> <span class='ocrx_word' id='word_1_144' title='bbox 1400 1409 1558 1458; x_wconf 88' lang='lat' dir='ltr'>carnis</span> <span class='ocrx_word' id='word_1_145' title='bbox 1579 1411 1767 1458; x_wconf 91' lang='lat' dir='ltr'>futuros</span> <span class='ocrx_word' id='word_1_146' title='bbox 1787 1422 1916 1472; x_wconf 91' lang='lat' dir='ltr'>prae-</span> 
     </span>
     <span class='ocr_line' id='line_1_17' title="bbox 172 1491 1920 1555; baseline -0.004 -9"><span class='ocrx_word' id='word_1_147' title='bbox 172 1497 352 1546; x_wconf 91' lang='lat' dir='ltr'>dicant.</span> <span class='ocrx_word' id='word_1_148' title='bbox 413 1498 561 1546; x_wconf 91' lang='lat' dir='ltr'>Vnde</span> <span class='ocrx_word' id='word_1_149' title='bbox 586 1505 635 1546; x_wconf 92' lang='lat' dir='ltr'>et</span> <span class='ocrx_word' id='word_1_150' title='bbox 661 1497 850 1544; x_wconf 85' lang='lat' dir='ltr'>Graece</span> <span class='ocrx_word' id='word_1_151' title='bbox 876 1494 1158 1553; x_wconf 87' lang='lat' dir='ltr'>Chiliastae,</span> <span class='ocrx_word' id='word_1_152' title='bbox 1188 1492 1362 1541; x_wconf 88' lang='lat' dir='ltr'>Latine</span> <span class='ocrx_word' id='word_1_153' title='bbox 1390 1491 1595 1541; x_wconf 91' lang='lat' dir='ltr'>Miliasti</span> <span class='ocrx_word' id='word_1_154' title='bbox 1620 1501 1734 1540; x_wconf 89' lang='lat' dir='ltr'>sunt</span> <span class='ocrx_word' id='word_1_155' title='bbox 1759 1492 1920 1555; x_wconf 90' lang='lat' dir='ltr'>appel·</span> 
     </span>
     <span class='ocr_line' id='line_1_18' title="bbox 172 1574 1979 1640; baseline -0.003 -13"><span class='ocrx_word' id='word_1_156' title='bbox 172 1581 269 1628; x_wconf 91' lang='lat' dir='ltr'>lati.</span> <span class='ocrx_word' id='word_1_157' title='bbox 342 1580 576 1628; x_wconf 86' lang='lat' dir='ltr'>Nazaraei</span> <span class='ocrx_word' id='word_1_158' title='bbox 610 1577 742 1638; x_wconf 88' lang='lat' dir='ltr'>dicti,</span> <span class='ocrx_word' id='word_1_159' title='bbox 770 1577 854 1640; x_wconf 86' lang='lat' dir='ltr'>qui</span> <span class='ocrx_word' id='word_1_160' title='bbox 888 1578 1007 1625; x_wconf 92' lang='lat' dir='ltr'>dum</span> <span class='ocrx_word' id='word_1_161' title='bbox 1035 1575 1302 1635; x_wconf 89' lang='lat' dir='ltr'>Christum,</span> <span class='ocrx_word' id='word_1_162' title='bbox 1331 1574 1415 1638; x_wconf 88' lang='lat' dir='ltr'>qui</span> <span class='ocrx_word' id='word_1_163' title='bbox 1448 1592 1477 1623; x_wconf 91' lang='lat' dir='ltr'>a</span> <span class='ocrx_word' id='word_1_164' title='bbox 1506 1576 1615 1623; x_wconf 91' lang='lat' dir='ltr'>vico</span> <span class='ocrx_word' id='word_1_165' title='bbox 1642 1576 1919 1623; x_wconf 87' lang='lat' dir='ltr'>Nazaraeus</span> <span class='ocrx_word' id='word_1_166' title='bbox 1945 1585 1979 1631; x_wconf 90' lang='lat'><strong>9</strong></span> 
     </span>
     <span class='ocr_line' id='line_1_19' title="bbox 174 1655 1919 1725; baseline -0.004 -14"><span class='ocrx_word' id='word_1_167' title='bbox 174 1671 245 1711; x_wconf 91' lang='lat' dir='ltr'>est</span> <span class='ocrx_word' id='word_1_168' title='bbox 261 1663 546 1725; x_wconf 89' lang='lat' dir='ltr'>appellatus,</span> <span class='ocrx_word' id='word_1_169' title='bbox 565 1661 719 1709; x_wconf 89' lang='lat' dir='ltr'>filium</span> <span class='ocrx_word' id='word_1_170' title='bbox 737 1660 833 1709; x_wconf 93' lang='lat' dir='ltr'>Dei</span> <span class='ocrx_word' id='word_1_171' title='bbox 854 1660 1195 1717; x_wconf 87' lang='lat' dir='ltr'>confiteantur,</span> <span class='ocrx_word' id='word_1_172' title='bbox 1213 1657 1380 1707; x_wconf 88' lang='lat' dir='ltr'>omnia</span> <span class='ocrx_word' id='word_1_173' title='bbox 1398 1666 1566 1706; x_wconf 89' lang='lat' dir='ltr'>tamen</span> <span class='ocrx_word' id='word_1_174' title='bbox 1582 1656 1756 1706; x_wconf 91' lang='lat' dir='ltr'>veteris</span> <span class='ocrx_word' id='word_1_175' title='bbox 1776 1655 1919 1720; x_wconf 87' lang='lat' dir='ltr'>Legis</span> 
     </span>
     <span class='ocr_line' id='line_1_20' title="bbox 175 1739 2002 1806; baseline -0.002 -13"><span class='ocrx_word' id='word_1_176' title='bbox 175 1743 472 1793; x_wconf 89' lang='lat' dir='ltr'>custodiunt.</span> <span class='ocrx_word' id='word_1_177' title='bbox 547 1742 762 1806; x_wconf 88' lang='lat' dir='ltr'>Ophitae</span> <span class='ocrx_word' id='word_1_178' title='bbox 787 1758 815 1790; x_wconf 91' lang='lat' dir='ltr'>a</span> <span class='ocrx_word' id='word_1_179' title='bbox 840 1740 1046 1790; x_wconf 90' lang='lat' dir='ltr'>colubro</span> <span class='ocrx_word' id='word_1_180' title='bbox 1071 1739 1313 1788; x_wconf 91' lang='lat' dir='ltr'>nominati</span> <span class='ocrx_word' id='word_1_181' title='bbox 1339 1748 1469 1787; x_wconf 91' lang='lat' dir='ltr'>sunt.</span> <span class='ocrx_word' id='word_1_182' title='bbox 1541 1739 1759 1789; x_wconf 88' lang='lat' dir='ltr'>Coluber</span> <span class='ocrx_word' id='word_1_183' title='bbox 1787 1739 1919 1787; x_wconf 91' lang='lat' dir='ltr'>enim</span> <span class='ocrx_word' id='word_1_184' title='bbox 1943 1753 2002 1789; x_wconf 89' lang='lat'>10</span> 
     </span>
     <span class='ocr_line' id='line_1_21' title="bbox 101 1820 1921 1888; baseline -0.004 -12"><span class='ocrx_word' id='word_1_185' title='bbox 101 1843 151 1870; x_wconf 86' lang='lat'>20</span> <span class='ocrx_word' id='word_1_186' title='bbox 175 1827 364 1876; x_wconf 84' lang='lat' dir='ltr'>Graece</span> <span class='ocrx_word' id='word_1_187' title='bbox 384 1827 490 1888; x_wconf 83' lang='grc' dir='ltr'>ὄφις</span> <span class='ocrx_word' id='word_1_188' title='bbox 507 1826 697 1874; x_wconf 87' lang='lat' dir='ltr'>dicitur.</span> <span class='ocrx_word' id='word_1_189' title='bbox 760 1825 945 1873; x_wconf 91' lang='lat' dir='ltr'>Colunt</span> <span class='ocrx_word' id='word_1_190' title='bbox 964 1822 1097 1871; x_wconf 89' lang='lat' dir='ltr'>enim</span> <span class='ocrx_word' id='word_1_191' title='bbox 1119 1831 1411 1885; x_wconf 90' lang='lat' dir='ltr'>serpentem,</span> <span class='ocrx_word' id='word_1_192' title='bbox 1435 1821 1655 1870; x_wconf 90' lang='lat' dir='ltr'>dicentes</span> <span class='ocrx_word' id='word_1_193' title='bbox 1681 1820 1843 1884; x_wconf 92' lang='lat' dir='ltr'>ipsum</span> <span class='ocrx_word' id='word_1_194' title='bbox 1870 1820 1921 1868; x_wconf 92' lang='lat' dir='ltr'>in</span> 
     </span>
     <span class='ocr_line' id='line_1_22' title="bbox 175 1903 1990 1972; baseline -0.002 -15"><span class='ocrx_word' id='word_1_195' title='bbox 175 1907 400 1972; x_wconf 90' lang='lat' dir='ltr'>paradiso</span> <span class='ocrx_word' id='word_1_196' title='bbox 426 1907 676 1957; x_wconf 86' lang='lat' dir='ltr'>induxisse</span> <span class='ocrx_word' id='word_1_197' title='bbox 700 1905 888 1954; x_wconf 90' lang='lat' dir='ltr'>virtutis</span> <span class='ocrx_word' id='word_1_198' title='bbox 913 1904 1261 1968; x_wconf 89' lang='lat' dir='ltr'>cognitionem.</span> <span class='ocrx_word' id='word_1_199' title='bbox 1323 1903 1659 1953; x_wconf 89' lang='lat' dir='ltr'>Valentiniani</span> <span class='ocrx_word' id='word_1_200' title='bbox 1692 1920 1721 1951; x_wconf 90' lang='lat' dir='ltr'>a</span> <span class='ocrx_word' id='word_1_201' title='bbox 1744 1905 1920 1951; x_wconf 90' lang='lat' dir='ltr'>Valen·</span> <span class='ocrx_word' id='word_1_202' title='bbox 1944 1920 1990 1954; x_wconf 91' lang='lat'>11</span> 
     </span>
     <span class='ocr_line' id='line_1_23' title="bbox 174 1986 1922 2053; baseline -0.003 -14"><span class='ocrx_word' id='word_1_203' title='bbox 174 1993 279 2039; x_wconf 90' lang='lat' dir='ltr'>tino</span> <span class='ocrx_word' id='word_1_204' title='bbox 295 1991 513 2053; x_wconf 90' lang='lat' dir='ltr'>quodam</span> <span class='ocrx_word' id='word_1_205' title='bbox 535 1988 792 2038; x_wconf 91' lang='lat' dir='ltr'>Platonico</span> <span class='ocrx_word' id='word_1_206' title='bbox 813 1996 1052 2036; x_wconf 89' lang='lat' dir='ltr'>sectatore</span> <span class='ocrx_word' id='word_1_207' title='bbox 1069 1986 1242 2046; x_wconf 88' lang='lat' dir='ltr'>vocati,</span> <span class='ocrx_word' id='word_1_208' title='bbox 1263 1986 1347 2049; x_wconf 88' lang='lat' dir='ltr'>qui</span> <span class='ocrx_word' id='word_1_209' title='bbox 1367 1990 1542 2044; x_wconf 81' lang='grc' dir='ltr'><em>αἰῶνας,</em></span> <span class='ocrx_word' id='word_1_210' title='bbox 1562 1987 1613 2034; x_wconf 93' lang='lat' dir='ltr'>id</span> <span class='ocrx_word' id='word_1_211' title='bbox 1634 1994 1706 2034; x_wconf 91' lang='lat' dir='ltr'>est</span> <span class='ocrx_word' id='word_1_212' title='bbox 1726 1987 1922 2034; x_wconf 91' lang='lat' dir='ltr'>saecula</span> 
     </span>
     <span class='ocr_line' id='line_1_24' title="bbox 176 2067 1921 2136; baseline -0.003 -14"><span class='ocrx_word' id='word_1_213' title='bbox 176 2073 436 2136; x_wconf 87' lang='lat' dir='ltr'>quaedam,</span> <span class='ocrx_word' id='word_1_214' title='bbox 464 2071 515 2118; x_wconf 91' lang='lat' dir='ltr'>in</span> <span class='ocrx_word' id='word_1_215' title='bbox 539 2069 777 2132; x_wconf 89' lang='lat' dir='ltr'>originem</span> <span class='ocrx_word' id='word_1_216' title='bbox 805 2068 901 2118; x_wconf 90' lang='lat' dir='ltr'>Dei</span> <span class='ocrx_word' id='word_1_217' title='bbox 926 2068 1156 2117; x_wconf 89' lang='lat' dir='ltr'>creatoris</span> <span class='ocrx_word' id='word_1_218' title='bbox 1182 2068 1375 2117; x_wconf 88' lang='lat' dir='ltr'>induxit</span> <span class='ocrx_word' id='word_1_219' title='bbox 1394 2087 1406 2129; x_wconf 82' lang='lat'>3</span> <span class='ocrx_word' id='word_1_220' title='bbox 1443 2067 1695 2118; x_wconf 89' lang='lat' dir='ltr'>Christum</span> <span class='ocrx_word' id='word_1_221' title='bbox 1721 2083 1921 2131; x_wconf 87' lang='lat' dir='ltr'>quoque</span> 
     </span>
     <span class='ocr_line' id='line_1_25' title="bbox 176 2149 1923 2217; baseline -0.004 -14"><span class='ocrx_word' id='word_1_222' title='bbox 176 2156 239 2203; x_wconf 92' lang='lat' dir='ltr'>de</span> <span class='ocrx_word' id='word_1_223' title='bbox 264 2153 464 2217; x_wconf 90' lang='lat' dir='ltr'>Virgine</span> <span class='ocrx_word' id='word_1_224' title='bbox 498 2151 619 2199; x_wconf 90' lang='lat' dir='ltr'>nihil</span> <span class='ocrx_word' id='word_1_225' title='bbox 655 2150 876 2214; x_wconf 87' lang='lat' dir='ltr'>corporis</span> <span class='ocrx_word' id='word_1_226' title='bbox 908 2149 1256 2214; x_wconf 86' lang='lat' dir='ltr'>adsumpsisse,</span> <span class='ocrx_word' id='word_1_227' title='bbox 1290 2152 1377 2199; x_wconf 92' lang='lat' dir='ltr'>sed</span> <span class='ocrx_word' id='word_1_228' title='bbox 1413 2167 1500 2213; x_wconf 91' lang='lat' dir='ltr'>per</span> <span class='ocrx_word' id='word_1_229' title='bbox 1532 2166 1642 2199; x_wconf 89' lang='lat' dir='ltr'>eam</span> <span class='ocrx_word' id='word_1_230' title='bbox 1666 2149 1805 2213; x_wconf 86' lang='lat' dir='ltr'>quasi</span> <span class='ocrx_word' id='word_1_231' title='bbox 1837 2166 1923 2213; x_wconf 90' lang='lat' dir='ltr'>per</span> 
     </span>
     <span class='ocr_line' id='line_1_26' title="bbox 104 2231 2000 2296; baseline -0.003 -11"><span class='ocrx_word' id='word_1_232' title='bbox 104 2255 151 2296; x_wconf 87' lang='lat'>25</span> <span class='ocrx_word' id='word_1_233' title='bbox 178 2237 390 2285; x_wconf 92' lang='lat' dir='ltr'>fistulam</span> <span class='ocrx_word' id='word_1_234' title='bbox 417 2235 645 2283; x_wconf 89' lang='lat' dir='ltr'>transisse</span> <span class='ocrx_word' id='word_1_235' title='bbox 670 2232 898 2282; x_wconf 88' lang='lat' dir='ltr'>adseruit.</span> <span class='ocrx_word' id='word_1_236' title='bbox 955 2234 1212 2295; x_wconf 90' lang='lat' dir='ltr'>Apellitae‚</span> <span class='ocrx_word' id='word_1_237' title='bbox 1235 2249 1443 2295; x_wconf 88' lang='lat' dir='ltr'>quorum</span> <span class='ocrx_word' id='word_1_238' title='bbox 1467 2233 1668 2295; x_wconf 88' lang='lat' dir='ltr'>Apelles</span> <span class='ocrx_word' id='word_1_239' title='bbox 1695 2231 1922 2295; x_wconf 88' lang='lat' dir='ltr'>princeps</span> <span class='ocrx_word' id='word_1_240' title='bbox 1945 2245 2000 2279; x_wconf 87' lang='lat'>12</span> 
     </span>
     <span class='ocr_line' id='line_1_27' title="bbox 177 2313 1923 2380; baseline -0.002 -14"><span class='ocrx_word' id='word_1_241' title='bbox 177 2317 278 2376; x_wconf 87' lang='lat' dir='ltr'>fuit,</span> <span class='ocrx_word' id='word_1_242' title='bbox 307 2316 405 2380; x_wconf 88' lang='lat' dir='ltr'>qui,</span> <span class='ocrx_word' id='word_1_243' title='bbox 433 2325 702 2365; x_wconf 88' lang='lat' dir='ltr'>creatorem</span> <span class='ocrx_word' id='word_1_244' title='bbox 727 2316 958 2378; x_wconf 89' lang='lat' dir='ltr'>angelum</span> <span class='ocrx_word' id='word_1_245' title='bbox 991 2313 1160 2363; x_wconf 90' lang='lat' dir='ltr'>nescio</span> <span class='ocrx_word' id='word_1_246' title='bbox 1186 2331 1333 2377; x_wconf 86' lang='lat' dir='ltr'>quem</span> <span class='ocrx_word' id='word_1_247' title='bbox 1369 2315 1635 2377; x_wconf 91' lang='lat' dir='ltr'>gloriosum</span> <span class='ocrx_word' id='word_1_248' title='bbox 1661 2313 1923 2378; x_wconf 90' lang='lat' dir='ltr'>superioris</span> 
     </span>
     <span class='ocr_line' id='line_1_28' title="bbox 179 2395 1924 2460; baseline -0.003 -12"><span class='ocrx_word' id='word_1_249' title='bbox 179 2399 274 2448; x_wconf 93' lang='lat' dir='ltr'>Dei</span> <span class='ocrx_word' id='word_1_250' title='bbox 298 2398 497 2458; x_wconf 91' lang='lat' dir='ltr'>faciens,</span> <span class='ocrx_word' id='word_1_251' title='bbox 526 2400 691 2447; x_wconf 92' lang='lat' dir='ltr'>Deum</span> <span class='ocrx_word' id='word_1_252' title='bbox 724 2397 843 2460; x_wconf 91' lang='lat' dir='ltr'>legis</span> <span class='ocrx_word' id='word_1_253' title='bbox 871 2397 1057 2445; x_wconf 88' lang='lat' dir='ltr'>Israhel</span> <span class='ocrx_word' id='word_1_254' title='bbox 1090 2396 1227 2444; x_wconf 91' lang='lat' dir='ltr'>illum</span> <span class='ocrx_word' id='word_1_255' title='bbox 1262 2398 1460 2460; x_wconf 90' lang='lat' dir='ltr'>igneum</span> <span class='ocrx_word' id='word_1_256' title='bbox 1494 2397 1774 2456; x_wconf 89' lang='lat' dir='ltr'>adfirmans,</span> <span class='ocrx_word' id='word_1_257' title='bbox 1804 2395 1924 2445; x_wconf 86' lang='lat' dir='ltr'>dixit</span> 
     </span>
     <span class='ocr_line' id='line_1_29' title="bbox 177 2477 1924 2541; baseline -0.002 -10"><span class='ocrx_word' id='word_1_258' title='bbox 177 2480 430 2531; x_wconf 83' lang='lat' dir='ltr'>Christum</span> <span class='ocrx_word' id='word_1_259' title='bbox 470 2497 571 2528; x_wconf 92' lang='lat' dir='ltr'>non</span> <span class='ocrx_word' id='word_1_260' title='bbox 609 2481 774 2528; x_wconf 90' lang='lat' dir='ltr'>Deum</span> <span class='ocrx_word' id='word_1_261' title='bbox 818 2478 868 2526; x_wconf 92' lang='lat' dir='ltr'>in</span> <span class='ocrx_word' id='word_1_262' title='bbox 905 2478 1119 2538; x_wconf 87' lang='lat' dir='ltr'>veritate,</span> <span class='ocrx_word' id='word_1_263' title='bbox 1160 2479 1246 2527; x_wconf 90' lang='lat' dir='ltr'>sed</span> <span class='ocrx_word' id='word_1_264' title='bbox 1284 2477 1539 2526; x_wconf 91' lang='lat' dir='ltr'>hominem</span> <span class='ocrx_word' id='word_1_265' title='bbox 1577 2478 1627 2526; x_wconf 90' lang='lat' dir='ltr'>in</span> <span class='ocrx_word' id='word_1_266' title='bbox 1665 2478 1924 2541; x_wconf 88' lang='lat' dir='ltr'>phantasia</span> 
     </span>
    </p>
   </div>
   <div class='ocr_carea' id='block_1_3' title="bbox 179 2607 1925 2989">
    <p class='ocr_par' dir='ltr' id='par_1_3' title="bbox 179 2607 1925 2989">
     <span class='ocr_line' id='line_1_30' title="bbox 238 2607 1925 2662; baseline -0.001 -12"><span class='ocrx_word' id='word_1_267' title='bbox 238 2624 254 2650; x_wconf 90' lang='lat'>1</span> <span class='ocrx_word' id='word_1_268' title='bbox 287 2624 373 2651; x_wconf 92' lang='lat' dir='ltr'>non</span> <span class='ocrx_word' id='word_1_269' title='bbox 396 2612 476 2651; x_wconf 88' lang='lat' dir='ltr'>deo</span> <span class='ocrx_word' id='word_1_270' title='bbox 505 2610 556 2648; x_wconf 89' lang='lat' dir='ltr'>T1</span> <span class='ocrx_word' id='word_1_271' title='bbox 740 2610 927 2649; x_wconf 86' lang='lat' dir='ltr'>adseruit</span> <span class='ocrx_word' id='word_1_272' title='bbox 947 2609 1073 2662; x_wconf 83' lang='lat' dir='ltr'>(ass-)</span> <span class='ocrx_word' id='word_1_273' title='bbox 1097 2607 1176 2647; x_wconf 83' lang='lat' dir='ltr'>BC</span> <span class='ocrx_word' id='word_1_274' title='bbox 1281 2621 1306 2658; x_wconf 87' lang='lat'><strong>3</strong></span> <span class='ocrx_word' id='word_1_275' title='bbox 1334 2609 1544 2659; x_wconf 88' lang='lat' dir='ltr'>abnegant</span> <span class='ocrx_word' id='word_1_276' title='bbox 1565 2608 1611 2646; x_wconf 90' lang='lat' dir='ltr'><em>K</em></span> <span class='ocrx_word' id='word_1_277' title='bbox 1720 2622 1744 2659; x_wconf 88' lang='lat'><strong>5</strong></span> <span class='ocrx_word' id='word_1_278' title='bbox 1775 2615 1819 2648; x_wconf 90' lang='lat' dir='ltr'>ut</span> <span class='ocrx_word' id='word_1_279' title='bbox 1840 2610 1925 2648; x_wconf 91' lang='lat' dir='ltr'>vel-</span> 
     </span>
     <span class='ocr_line' id='line_1_31' title="bbox 179 2663 1925 2714; baseline -0.002 -8"><span class='ocrx_word' id='word_1_280' title='bbox 179 2667 238 2706; x_wconf 90' lang='lat' dir='ltr'>let</span> <span class='ocrx_word' id='word_1_281' title='bbox 259 2666 304 2704; x_wconf 90' lang='lat' dir='ltr'><em>K</em></span> <span class='ocrx_word' id='word_1_282' title='bbox 450 2667 477 2703; x_wconf 88' lang='lat'><strong>6</strong></span> <span class='ocrx_word' id='word_1_283' title='bbox 506 2672 626 2704; x_wconf 87' lang='lat' dir='ltr'>utere</span> <span class='ocrx_word' id='word_1_284' title='bbox 643 2670 832 2704; x_wconf 83' lang='lat' dir='ltr'>uteretur</span> <span class='ocrx_word' id='word_1_285' title='bbox 852 2663 893 2702; x_wconf 91' lang='grc' dir='ltr'><em>Β</em></span> <span class='ocrx_word' id='word_1_286' title='bbox 1048 2677 1095 2713; x_wconf 87' lang='lat'>13</span> <span class='ocrx_word' id='word_1_287' title='bbox 1127 2669 1333 2714; x_wconf 85' lang='lat' dir='ltr'>uteroque</span> <span class='ocrx_word' id='word_1_288' title='bbox 1358 2663 1409 2702; x_wconf 83' lang='lat' dir='ltr'>C1</span> <span class='ocrx_word' id='word_1_289' title='bbox 1566 2666 1614 2702; x_wconf 91' lang='lat'>16</span> <span class='ocrx_word' id='word_1_290' title='bbox 1644 2664 1831 2703; x_wconf 89' lang='lat' dir='ltr'>militasti</span> <span class='ocrx_word' id='word_1_291' title='bbox 1851 2663 1925 2703; x_wconf 89' lang='lat' dir='ltr'>K:</span> 
     </span>
     <span class='ocr_line' id='line_1_32' title="bbox 180 2717 1923 2769; baseline -0.001 -9"><span class='ocrx_word' id='word_1_292' title='bbox 180 2720 326 2760; x_wconf 87' lang='lat' dir='ltr'>militia</span> <span class='ocrx_word' id='word_1_293' title='bbox 347 2721 415 2760; x_wconf 90' lang='lat' dir='ltr'>isti</span> <span class='ocrx_word' id='word_1_294' title='bbox 441 2720 490 2759; x_wconf 84' lang='lat' dir='ltr'>C1</span> <span class='ocrx_word' id='word_1_295' title='bbox 514 2735 522 2759; x_wconf 74' lang='grc' dir='ltr'>ε</span> <span class='ocrx_word' id='word_1_296' title='bbox 553 2719 781 2759; x_wconf 88' lang='lat' dir='ltr'>Millenarii</span> <span class='ocrx_word' id='word_1_297' title='bbox 800 2719 924 2758; x_wconf 85' lang='lat' dir='ltr'>Arev.</span> <span class='ocrx_word' id='word_1_298' title='bbox 1098 2731 1144 2767; x_wconf 92' lang='lat'>17</span> <span class='ocrx_word' id='word_1_299' title='bbox 1176 2719 1256 2757; x_wconf 90' lang='lat' dir='ltr'>dici</span> <span class='ocrx_word' id='word_1_300' title='bbox 1277 2717 1323 2756; x_wconf 91' lang='lat' dir='ltr'><em>K</em></span> <span class='ocrx_word' id='word_1_301' title='bbox 1469 2719 1538 2769; x_wconf 90' lang='lat' dir='ltr'>qui</span> <span class='ocrx_word' id='word_1_302' title='bbox 1564 2720 1660 2757; x_wconf 91' lang='lat' dir='ltr'>dum</span> <span class='ocrx_word' id='word_1_303' title='bbox 1682 2717 1797 2758; x_wconf 88' lang='lat' dir='ltr'>BK:</span> <span class='ocrx_word' id='word_1_304' title='bbox 1827 2719 1923 2768; x_wconf 89' lang='lat' dir='ltr'>quia</span> 
     </span>
     <span class='ocr_line' id='line_1_33' title="bbox 181 2771 1922 2827; baseline -0.001 -13"><span class='ocrx_word' id='word_1_305' title='bbox 181 2777 279 2814; x_wconf 91' lang='lat' dir='ltr'>dum</span> <span class='ocrx_word' id='word_1_306' title='bbox 300 2774 378 2815; x_wconf 87' lang='lat' dir='ltr'>CT</span> <span class='ocrx_word' id='word_1_307' title='bbox 483 2788 535 2813; x_wconf 90' lang='lat'>20</span> <span class='ocrx_word' id='word_1_308' title='bbox 565 2773 670 2825; x_wconf 84' lang='grc' dir='ltr'>ὄφις]</span> <span class='ocrx_word' id='word_1_309' title='bbox 686 2775 742 2812; x_wconf 87' lang='lat' dir='ltr'>ofi</span> <span class='ocrx_word' id='word_1_310' title='bbox 764 2775 872 2827; x_wconf 83' lang='lat' dir='ltr'>(offi)</span> <span class='ocrx_word' id='word_1_311' title='bbox 896 2773 1005 2813; x_wconf 88' lang='lat' dir='ltr'>codd.</span> <span class='ocrx_word' id='word_1_312' title='bbox 1114 2786 1161 2812; x_wconf 87' lang='lat'>21</span> <span class='ocrx_word' id='word_1_313' title='bbox 1195 2773 1371 2812; x_wconf 90' lang='lat' dir='ltr'>virtutes</span> <span class='ocrx_word' id='word_1_314' title='bbox 1394 2771 1439 2811; x_wconf 89' lang='lat' dir='ltr'><em>K</em></span> <span class='ocrx_word' id='word_1_315' title='bbox 1520 2774 1763 2824; x_wconf 86' lang='lat' dir='ltr'>cognitione</span> <span class='ocrx_word' id='word_1_316' title='bbox 1784 2772 1826 2810; x_wconf 87' lang='grc' dir='ltr'><em>Β</em></span> <span class='ocrx_word' id='word_1_317' title='bbox 1898 2787 1922 2812; x_wconf 90' lang='lat' dir='ltr'>a</span> 
     </span>
     <span class='ocr_line' id='line_1_34' title="bbox 181 2827 1919 2879; baseline -0.001 -9"><span class='ocrx_word' id='word_1_318' title='bbox 181 2829 468 2870; x_wconf 84' lang='lat' dir='ltr'>valentiniano</span> <span class='ocrx_word' id='word_1_319' title='bbox 492 2829 541 2868; x_wconf 81' lang='lat' dir='ltr'>Cl</span> <span class='ocrx_word' id='word_1_320' title='bbox 724 2841 774 2867; x_wconf 85' lang='lat'>22</span> <span class='ocrx_word' id='word_1_321' title='bbox 807 2828 1046 2868; x_wconf 87' lang='lat' dir='ltr'>Platonicae</span> <span class='ocrx_word' id='word_1_322' title='bbox 1077 2827 1240 2868; x_wconf 79' lang='lat' dir='ltr'>Tertull.</span> <span class='ocrx_word' id='word_1_323' title='bbox 1263 2827 1310 2866; x_wconf 87' lang='lat' dir='ltr'>de</span> <span class='ocrx_word' id='word_1_324' title='bbox 1323 2834 1498 2879; x_wconf 77' lang='lat' dir='ltr'>praescr.</span> <span class='ocrx_word' id='word_1_325' title='bbox 1523 2829 1631 2868; x_wconf 81' lang='lat' dir='ltr'>haer.</span> <span class='ocrx_word' id='word_1_326' title='bbox 1654 2841 1707 2878; x_wconf 87' lang='lat'>30</span> <span class='ocrx_word' id='word_1_327' title='bbox 1829 2841 1919 2868; x_wconf 87' lang='lat' dir='ltr'>voe.</span> 
     </span>
     <span class='ocr_line' id='line_1_35' title="bbox 182 2882 1923 2935; baseline -0.002 -10"><span class='ocrx_word' id='word_1_328' title='bbox 182 2898 264 2935; x_wconf 86' lang='lat' dir='ltr'>que</span> <span class='ocrx_word' id='word_1_329' title='bbox 283 2897 386 2924; x_wconf 90' lang='lat' dir='ltr'>onas</span> <span class='ocrx_word' id='word_1_330' title='bbox 415 2883 452 2922; x_wconf 91' lang='lat' dir='ltr'><em>T</em></span> <span class='ocrx_word' id='word_1_331' title='bbox 571 2896 622 2934; x_wconf 85' lang='lat'>25</span> <span class='ocrx_word' id='word_1_332' title='bbox 653 2897 720 2934; x_wconf 90' lang='lat' dir='ltr'>qu.</span> <span class='ocrx_word' id='word_1_333' title='bbox 744 2889 890 2923; x_wconf 85' lang='lat' dir='ltr'>auctor</span> <span class='ocrx_word' id='word_1_334' title='bbox 910 2884 990 2933; x_wconf 89' lang='lat' dir='ltr'>Ap.</span> <span class='ocrx_word' id='word_1_335' title='bbox 1018 2882 1073 2923; x_wconf 90' lang='lat' dir='ltr'>C:</span> <span class='ocrx_word' id='word_1_336' title='bbox 1104 2897 1172 2933; x_wconf 76' lang='lat' dir='ltr'>qn.</span> <span class='ocrx_word' id='word_1_337' title='bbox 1197 2883 1415 2933; x_wconf 88' lang='lat' dir='ltr'>apellenes</span> <span class='ocrx_word' id='word_1_338' title='bbox 1437 2882 1484 2921; x_wconf 90' lang='lat' dir='ltr'><em>K</em></span> <span class='ocrx_word' id='word_1_339' title='bbox 1610 2884 1663 2920; x_wconf 88' lang='lat'>26</span> <span class='ocrx_word' id='word_1_340' title='bbox 1692 2883 1923 2932; x_wconf 89' lang='lat' dir='ltr'>nescioque</span> 
     </span>
     <span class='ocr_line' id='line_1_36' title="bbox 182 2932 1921 2989; baseline 0.001 -13"><span class='ocrx_word' id='word_1_341' title='bbox 182 2939 455 2989; x_wconf 86' lang='lat' dir='ltr'>ingloriosum</span> <span class='ocrx_word' id='word_1_342' title='bbox 484 2937 522 2976; x_wconf 92' lang='lat' dir='ltr'><em>T</em></span> <span class='ocrx_word' id='word_1_343' title='bbox 685 2951 735 2988; x_wconf 86' lang='lat'>27</span> <span class='ocrx_word' id='word_1_344' title='bbox 767 2938 874 2988; x_wconf 88' lang='lat' dir='ltr'>legis</span> <span class='ocrx_word' id='word_1_345' title='bbox 896 2944 938 2977; x_wconf 91' lang='lat' dir='ltr'>et</span> <span class='ocrx_word' id='word_1_346' title='bbox 961 2938 1036 2978; x_wconf 87' lang='lat' dir='ltr'>Isr.</span> <span class='ocrx_word' id='word_1_347' title='bbox 1070 2937 1232 2978; x_wconf 83' lang='lat' dir='ltr'>Tertull.</span> <span class='ocrx_word' id='word_1_348' title='bbox 1256 2937 1303 2977; x_wconf 84' lang='lat' dir='ltr'>de</span> <span class='ocrx_word' id='word_1_349' title='bbox 1314 2943 1491 2989; x_wconf 85' lang='lat' dir='ltr'>praescr.</span> <span class='ocrx_word' id='word_1_350' title='bbox 1517 2932 1626 2976; x_wconf 80' lang='lat' dir='ltr'>haer.</span> <span class='ocrx_word' id='word_1_351' title='bbox 1652 2949 1703 2986; x_wconf 87' lang='lat'>34</span> <span class='ocrx_word' id='word_1_352' title='bbox 1827 2943 1921 2989; x_wconf 85' lang='lat' dir='ltr'>post</span> 
     </span>
    </p>
   </div>
   <div class='ocr_carea' id='block_1_4' title="bbox 182 2991 1917 3099">
    <p class='ocr_par' dir='ltr' id='par_1_4' title="bbox 182 2991 1917 3099">
     <span class='ocr_line' id='line_1_37' title="bbox 182 2991 1917 3045; baseline 0 -14"><span class='ocrx_word' id='word_1_353' title='bbox 182 2994 408 3033; x_wconf 84' lang='lat' dir='ltr'>adfirmans</span> <span class='ocrx_word' id='word_1_354' title='bbox 445 2993 645 3034; x_wconf 81' lang='lat' dir='ltr'>inculcata</span> <span class='ocrx_word' id='word_1_355' title='bbox 683 2997 787 3032; x_wconf 83' lang='lat' dir='ltr'>sunt</span> <span class='ocrx_word' id='word_1_356' title='bbox 816 2993 1042 3043; x_wconf 87' lang='lat' dir='ltr'>appellitae</span> <span class='ocrx_word' id='word_1_357' title='bbox 1085 2992 1185 3045; x_wconf 84' lang='lat' dir='ltr'>(-te)</span> <span class='ocrx_word' id='word_1_358' title='bbox 1227 3005 1402 3042; x_wconf 90' lang='lat' dir='ltr'>quorum</span> <span class='ocrx_word' id='word_1_359' title='bbox 1439 2999 1587 3032; x_wconf 84' lang='lat' dir='ltr'>auctor</span> <span class='ocrx_word' id='word_1_360' title='bbox 1624 2991 1813 3042; x_wconf 89' lang='lat' dir='ltr'>appelles</span> <span class='ocrx_word' id='word_1_361' title='bbox 1846 2993 1917 3042; x_wconf 92' lang='lat' dir='ltr'>qui</span> 
     </span>
     <span class='ocr_line' id='line_1_38' title="bbox 184 3045 1802 3099; baseline -0.001 -14"><span class='ocrx_word' id='word_1_362' title='bbox 184 3046 350 3086; x_wconf 88' lang='lat' dir='ltr'>BCDK</span> <span class='ocrx_word' id='word_1_363' title='bbox 364 3062 373 3087; x_wconf 90' lang='lat'>:</span> <span class='ocrx_word' id='word_1_364' title='bbox 402 3054 550 3088; x_wconf 83' lang='lat' dir='ltr'>auctor</span> <span class='ocrx_word' id='word_1_365' title='bbox 569 3049 761 3099; x_wconf 84' lang='lat' dir='ltr'>appelles</span> <span class='ocrx_word' id='word_1_366' title='bbox 782 3048 852 3097; x_wconf 85' lang='lat' dir='ltr'>qui</span> <span class='ocrx_word' id='word_1_367' title='bbox 877 3046 935 3088; x_wconf 89' lang='lat' dir='ltr'>T:</span> <span class='ocrx_word' id='word_1_368' title='bbox 964 3047 1035 3097; x_wconf 88' lang='lat' dir='ltr'>qui</span> <span class='ocrx_word' id='word_1_369' title='bbox 1056 3048 1097 3087; x_wconf 88' lang='lat' dir='ltr'><em>U</em></span> <span class='ocrx_word' id='word_1_370' title='bbox 1230 3048 1283 3086; x_wconf 86' lang='lat'>28</span> <span class='ocrx_word' id='word_1_371' title='bbox 1314 3048 1389 3086; x_wconf 91' lang='lat' dir='ltr'>sed</span> <span class='ocrx_word' id='word_1_372' title='bbox 1410 3047 1625 3086; x_wconf 89' lang='lat' dir='ltr'>hominem</span> <span class='ocrx_word' id='word_1_373' title='bbox 1648 3059 1730 3085; x_wconf 82' lang='lat' dir='ltr'>orn.</span> <span class='ocrx_word' id='word_1_374' title='bbox 1763 3045 1802 3084; x_wconf 92' lang='lat' dir='ltr'><em>T</em></span> 
     </span>
    </p>
   </div>
  </div>
 </body>
</html>
