2176 3424
370 132 999 182 ETYMOLOGIARVM
1039 132 1170 179 LIB.
1209 131 1347 179 XVI.
1387 127 1603 176 xxi-xxiv

114 272 373 326 quoquunt
412 261 460 309 in
506 260 799 309 fornacibus.
873 259 1195 308 Inveniuntur
1238 268 1285 307 et
1323 259 1373 306 in
1411 257 1610 307 aurariis
1650 255 1856 306 metallis

111 361 239 408 aqua
266 346 412 392 missa
429 343 602 391 calculi
628 342 749 405 nigri
775 351 822 390 et
847 358 1030 404 graves,
1053 350 1101 390 et
1126 342 1245 390 dum
1263 357 1434 389 aurum
1463 339 1717 402 colligitur,
1738 355 1851 387 cum

109 442 169 475 eo
194 434 449 474 remanent
469 442 480 484 ;
516 433 687 487 postea
712 422 918 486 separati
946 423 1221 471 conflantur
1246 432 1293 470 et
1319 421 1370 469 in
1395 422 1656 484 plumbum
1682 420 1850 469 album

109 510 429 557 resolvuntur.
529 507 656 554 Inde
708 514 756 553 et
815 505 987 553 eadem
1037 503 1243 568 gravitas
1292 503 1484 567 plumbi
1532 519 1659 566 quae
1713 518 1847 551 auro.

60 611 81 650 5
109 590 315 652 Nigrum
336 587 594 651 plumbum
617 588 746 635 circa
762 585 1029 636 Cantabria
1053 585 1288 635 abundat.
1342 586 1497 634 Cuius
1515 586 1651 648 origo
1667 585 1849 647 duplex
1870 595 1900 629 2

105 679 178 719 est
201 689 213 730 3
247 679 331 719 aut
357 669 488 718 enim
515 671 647 717 solus
674 685 731 717 ex
756 685 844 716 sua
870 685 995 716 vena
1020 667 1197 731 prodit,
1220 677 1304 716 aut
1330 684 1444 715 cum
1469 675 1672 730 argento
1697 667 1849 714 nasci-

105 763 182 800 tur
229 751 490 814 mixtisque
537 749 673 799 venis
722 751 974 798 conflatur.
1051 749 1215 799 Huius
1256 749 1441 813 primus
1479 748 1529 796 in
1566 748 1848 797 fornacibus

104 835 264 896 liquor
288 842 512 896 stagnum
541 840 625 891 est,
655 833 902 879 secundus
936 840 1193 894 argentum
1214 849 1225 890 3
1261 832 1397 894 quod
1423 840 1661 891 remanet,
1686 846 1848 893 super-

104 914 271 963 addita
307 930 431 962 vena
466 929 728 975 rursusque
765 914 987 971 conflata,
1019 914 1070 961 fit
1107 912 1299 976 nigrum
1336 912 1612 975 plumbum.
1701 910 1847 960 India
1868 915 1897 962 3

32 1016 81 1044 10
106 1012 267 1059 neque
290 1012 371 1045 aes
395 1012 558 1058 neque
585 995 845 1057 plumbum
881 995 1030 1044 habet
1049 1013 1061 1055 3
1096 994 1303 1058 gemmis
1330 1003 1523 1042 tantum
1551 1003 1599 1042 et
1624 994 1846 1056 margari-

103 1079 161 1126 tis
188 1079 309 1126 haec
334 1086 594 1141 permutat.
667 1076 820 1139 Nigro
838 1077 1044 1140 plumbo
1065 1078 1250 1125 fistulas
1268 1075 1630 1138 lamminasque
1646 1075 1841 1124 utimur.

103 1158 417 1207 Laboriosius
455 1158 504 1206 in
545 1158 790 1221 Hispania
825 1167 873 1207 et
904 1157 1064 1208 Gallia
1101 1157 1283 1206 eruitur
1320 1158 1594 1221 plumbum,
1636 1174 1750 1205 nam
1794 1157 1843 1205 in

103 1241 339 1289 Brittania
364 1258 560 1289 summo
585 1250 739 1289 terrae
764 1242 909 1289 corio.

236 1326 318 1371 DE
344 1338 559 1372 STAGNO.
623 1322 791 1386 Stagni
811 1321 1107 1385 etymologia
1124 1323 1434 1387 ἀποχωρίζων,
1457 1321 1507 1371 id
1524 1330 1597 1370 est
1613 1337 1844 1384 separans
1869 1330 2018 1369 XX111

29 1423 74 1464 15
99 1416 146 1454 et
183 1422 457 1454 secernens·
533 1404 691 1453 Mixta
728 1406 858 1453 enim
898 1415 945 1453 et
984 1406 1256 1454 adulterata
1298 1404 1422 1454 inter
1465 1421 1515 1452 se
1555 1420 1640 1466 per
1679 1403 1842 1467 ignem

100 1489 296 1536 metalla
344 1487 590 1546 dissociat,
638 1497 684 1535 et
734 1487 797 1534 ab
845 1503 965 1534 auro
1014 1495 1061 1535 et
1109 1496 1312 1550 argento
1359 1503 1441 1535 aes
1482 1485 1844 1549 plumbumque

98 1569 338 1629 secernit;
374 1569 468 1617 alia
505 1585 706 1631 quoque
744 1570 939 1616 metalla
975 1568 1039 1616 ab
1077 1568 1189 1631 igne
1231 1568 1467 1627 defendit,
1496 1577 1544 1616 et
1587 1585 1740 1630 quum
1781 1567 1865 1616 siti

98 1661 270 1700 natura
305 1650 428 1699 aeris
462 1650 671 1713 ferrique
702 1649 975 1709 durissima,
1005 1650 1043 1698 si
1077 1650 1266 1713 absque
1301 1660 1473 1713 stagno
1503 1649 1659 1709 fuerit,
1689 1650 1841 1699 uritur

97 1742 144 1781 et
169 1742 426 1782 crematur.
499 1734 735 1794 Stagnum
763 1731 957 1780 inlitum
983 1731 1136 1781 aereis
1174 1732 1300 1781 vasis
1339 1748 1561 1794 saporem
1601 1730 1714 1780 facit
1738 1747 1838 1793 gra·
1861 1746 1891 1780 2

11 1837 74 1866 ,πο
97 1814 269 1864 tiorem
298 1824 345 1863 et
371 1813 625 1877 conpescit
650 1813 777 1862 virus
803 1813 1062 1876 aeruginis.
1142 1816 1352 1876 Specula
1377 1813 1525 1862 etiam
1552 1830 1609 1862 ex
1635 1830 1694 1862 eo
1721 1822 1838 1861 tem-

96 1904 336 1956 perantur.
413 1897 623 1945 Cerussa
649 1911 849 1958 quoque
875 1912 931 1944 ex
958 1913 1031 1956 eo,
1060 1895 1185 1944 sicut
1211 1912 1268 1945 ex
1295 1895 1514 1958 plumbo,
1544 1894 1815 1943 conficitur.

228 1979 309 2024 DE
348 1992 595 2026 ELECTRO.
684 1979 933 2025 Electrum
969 1987 1197 2026 vocatum
1229 1979 1364 2040 quod
1393 1978 1457 2026 ad
1491 1976 1680 2025 radium
1719 1976 1834 2025 solis
1863 1991 2006 2030 XXIV

92 2058 266 2106 clarius
303 2075 422 2106 auro
462 2068 765 2121 argentoque
808 2060 1051 2119 reluceat;
1088 2061 1160 2107 sol
1200 2061 1330 2108 enim
1371 2076 1399 2107 a
1441 2060 1598 2121 poetis
1637 2060 1834 2107 Elector

92 2149 304 2188 vocatur.
383 2139 697 2189 Defaecatius
718 2149 790 2188 est
810 2140 942 2188 enim
963 2141 1058 2188 hoc
1080 2142 1331 2189 metallum
1353 2139 1585 2189 omnibus
1607 2139 1828 2190 metallis.

8 2244 66 2285 25
94 2222 259 2271 Huius
294 2224 382 2271 tria
413 2239 622 2286 genera:
661 2239 830 2282 unum,
859 2224 994 2285 quod
1028 2239 1085 2271 ex
1114 2222 1217 2286 pini
1253 2222 1509 2271 arboribus
1546 2223 1665 2281 fluit,
1695 2224 1830 2285 quod
1856 2239 1884 2273 2

92 2304 318 2353 sucinum
345 2303 553 2364 dicitur3
588 2306 794 2353 alterum
823 2306 1090 2364 metallum,
1119 2306 1255 2367 quod
1282 2303 1562 2352 naturaliter
1588 2303 1832 2352 invenitur

91 2396 138 2434 et
164 2385 211 2432 in
239 2384 395 2448 pretio
420 2385 629 2433 habetur
649 2403 661 2445 3
698 2387 912 2445 tertium,
938 2388 1073 2448 quod
1109 2388 1160 2434 fit
1194 2388 1256 2434 de
1293 2385 1447 2434 tribus
1481 2385 1700 2448 partibus
1726 2386 1829 2434 auri

91 2477 138 2516 et
163 2468 347 2530 argenti
374 2483 484 2515 una.
559 2469 697 2528 Quas
723 2476 896 2530 partes,
920 2467 1066 2516 etiam
1094 2468 1132 2515 si
1159 2469 1378 2516 naturale
1398 2470 1571 2528 solvas,
1594 2466 1828 2517 invenies,

89 2549 235 2597 Vnde
255 2547 376 2596 nihil
394 2548 628 2597 interesse
645 2558 814 2597 natum
835 2566 899 2597 an
917 2551 1099 2597 factum
1120 2568 1132 2609 ;
1168 2559 1431 2613 utrumque
1452 2549 1582 2598 enim
1603 2551 1825 2599 eiusdem

144 2690 159 2715 1
193 2677 342 2717 arariis
368 2677 404 2715 T
527 2690 551 2726 3
583 2679 812 2728 separatim
833 2678 877 2715 K
986 2693 1009 2728 4
1041 2679 1162 2718 edem
1186 2679 1222 2716 T
1345 2682 1370 2718 6
1399 2681 1532 2718 solum
1556 2679 1591 2717 C
1684 2680 1760 2731 ex]
1784 2681 1824 2718 in

86 2731 130 2769 K
147 2733 249 2784 (non
273 2731 326 2780 C)
455 2732 480 2770 8
509 2733 741 2782 superatita
768 2733 804 2771 T
918 2747 943 2783 9
973 2747 1083 2772 vena
1103 2747 1182 2773 om.
1206 2733 1251 2770 K
1270 2735 1368 2786 (non
1392 2734 1444 2785 C)
1544 2735 1591 2773 In
1617 2735 1729 2773 india
1751 2766 1759 2775 .
1783 2766 1790 2775 .
1819 2766 1826 2773 .

86 2787 266 2826 habetur
286 2785 331 2824 K
443 2800 487 2825 11
522 2788 803 2837 lamminaque
825 2787 880 2826 Βι
1011 2801 1056 2825 [2
1086 2788 1340 2828 laboriosum
1370 2789 1406 2826 T
1528 2791 1576 2827 16
1606 2790 1764 2828 metalli
1793 2788 1830 2826 T

86 2847 129 2880 et
148 2841 199 2880 ab
218 2854 304 2891 arg.
327 2839 371 2878 K
534 2855 579 2892 17
610 2855 778 2893 quoque
799 2855 878 2882 om.
910 2842 947 2880 T
1107 2855 1156 2892 19
1186 2843 1324 2882 aureis
1351 2843 1388 2882 T
1549 2857 1600 2882 20
1631 2843 1746 2882 vires
1768 2843 1825 2880 B¹

86 2908 166 2934 exo
188 2901 314 2946 temp.
343 2895 380 2934 T
395 2899 488 2936 ante
507 2910 606 2936 corr.
762 2910 814 2946 23
846 2897 1035 2948 Elector]
1057 2897 1213 2936 electro
1234 2896 1279 2934 K
1439 2912 1490 2948 24
1521 2899 1749 2937 defecatios
1769 2897 1825 2936 13¹

87 2954 134 2988 ut
151 2950 250 2990 vid.:
279 2951 513 2990 defecatior
540 2950 578 2990 T
683 2964 733 3000 25
764 2952 900 3002 pineis
920 2951 966 2989 K
1072 2965 1122 3002 27
1154 2958 1247 2992 tert.
1271 2965 1379 3002 quae
1400 2952 1440 2990 Β
1560 2954 1613 2990 28
1643 2966 1711 2992 un.
1737 2966 1827 3004 arg.

87 3002 203 3045 Serv.
224 3004 282 3043 ad
297 3005 406 3046 Aen.
431 3007 468 3054 8,
486 3019 564 3054 402
678 3006 729 3044 28
759 3007 940 3046 naturali
963 3007 1023 3046 B:
1056 3007 1300 3046 naturaliter
1319 3006 1363 3044 K

145 3116 245 3155 1182
268 3127 298 3154 11
954 3133 980 3164 P
