2228 3444
431 161 1066 210 ETYMOLOGIARVM
1110 162 1238 208 LIB.
1281 161 1378 207 III.
1417 158 1587 206 xvi-xx

136 302 520 349 commovemur,
550 300 635 352 per
660 290 875 338 musicos
909 290 1144 354 rythmosd
1164 287 1451 337 harmoniae
1481 287 1742 336 virtutibus
1775 304 1882 352 pro-

137 375 278 422 batur
303 390 411 422 esse
437 371 695 420 sociatum.

271 458 355 503 DE
379 469 561 502 TRIssvs
588 467 837 501 PARTIBVS
865 454 1122 501 MVSICAE.
1200 451 1427 500 Musicae
1452 461 1614 515 partes
1635 462 1748 501 sunt
1769 462 1879 512 ῖι·θε,
1905 455 2052 494 XVIII

134 537 184 586 id
221 545 308 597 est,
346 537 647 592 harmonica,
685 533 942 597 rythmica,
985 533 1200 583 metrica.
1278 533 1587 583 Harmonica
1625 543 1715 595 est,
1753 551 1879 597 quae

86 642 107 680 5
132 620 352 668 decernit
377 618 426 666 in
453 617 587 666 sonis
617 625 818 665 acutum
852 624 900 665 et
932 632 1143 677 gravem.
1234 614 1502 679 Rythmica
1536 624 1624 674 est,
1651 632 1778 678 quae
1811 632 1879 664 re-

133 700 279 764 quirit
311 699 646 748 incursionem
682 699 957 758 verborum,
993 707 1158 745 utrum
1192 698 1321 746 bene
1358 714 1508 745 sonus
1545 714 1608 745 an
1639 699 1766 746 male
1803 714 1879 746 co-

131 784 342 831 haereat.
417 780 626 829 Metrica
666 788 752 840 est,
790 796 918 842 quae
952 796 1231 827 mensuram
1267 778 1571 827 diversorum
1610 788 1875 828 metrorum
1902 794 1932 828 2

131 863 376 927 probabili
402 864 590 911 ratione
615 862 884 925 cognoscit,
913 870 966 910 ut
991 861 1127 909 verbi
1151 860 1304 924 gratia
1330 861 1580 920 heroicon,
1610 861 1874 922 iambicon,

137 948 403 1010 elegiacon,
434 953 482 993 et
508 953 685 992 cetera.

59 1049 109 1079 10
268 1030 351 1076 DE
387 1041 646 1076 TRIFORMI
685 1028 929 1075 MVSICAE
974 1027 1272 1074 D1vlsloNE.
1347 1027 1429 1073 Ad
1468 1042 1669 1073 omnem
1712 1034 1878 1074 autem
1903 1023 2012 1063 XIX

133 1126 324 1170 sonum,
353 1126 480 1172 quae
506 1109 731 1157 materies
758 1107 1114 1156 cantilenarum
1141 1116 1228 1166 est,
1257 1106 1527 1155 triformem
1553 1115 1747 1155 constat
1774 1124 1880 1157 esse

131 1200 370 1240 naturam.
446 1190 610 1238 Prima
634 1199 707 1239 est
732 1191 1032 1248 harmonica,
1063 1205 1190 1252 quae
1219 1205 1278 1237 ex
1307 1205 1487 1237 vocum
1514 1189 1741 1237 cantibus
1768 1206 1880 1238 con-

131 1282 238 1322 stat.
314 1273 542 1322 Secunda
568 1273 810 1335 organica,
839 1287 966 1334 quae
1000 1287 1059 1320 ex
1092 1272 1208 1319 flatu
1243 1270 1483 1319 consistit.
1556 1270 1725 1319 Tertia
1754 1271 1880 1332 ryth-

132 1354 271 1415 mica,
310 1370 437 1417 quae
472 1356 616 1417 pulsu
648 1353 914 1416 digitorum
948 1369 1182 1401 numeros
1214 1351 1400 1416 recipit.
1475 1354 1607 1401 Nam
1640 1362 1723 1400 aut
1756 1367 1878 1400 voce
1903 1359 1933 1393 2

61 1461 105 1500 15
131 1436 291 1485 editur
330 1452 494 1493 sonus,
526 1435 652 1484 sicut
688 1452 773 1498 per
810 1437 990 1494 fauces,
1027 1444 1111 1483 aut
1149 1435 1279 1494 flatu,
1314 1434 1440 1483 sicut
1477 1451 1562 1497 per
1595 1434 1766 1482 tubam
1802 1435 1878 1482 vel

131 1518 320 1579 tibiam,
347 1527 431 1567 aut
465 1519 623 1581 pulsu,
652 1517 778 1566 sicut
812 1534 896 1580 per
926 1516 1180 1572 citharam,
1208 1525 1291 1565 aut
1322 1533 1408 1579 per
1441 1515 1701 1578 quodlibet
1726 1516 1876 1573 aliud,

131 1602 269 1664 quod
294 1599 616 1664 percutiendo
642 1616 880 1648 canorum
908 1608 994 1647 est.

268 1685 350 1730 DE
377 1697 545 1730 PRIMA
571 1696 842 1730 DIVISIONE
869 1695 1096 1728 MVSICAE
1123 1695 1261 1736 QVAE
1287 1681 1624 1727 HARMONICA
1644 1693 1875 1727 DICITVR.
1903 1677 1988 1715 XX

132 1767 296 1814 Prima
311 1763 487 1813 divisio
508 1763 748 1823 Musicae,
770 1779 897 1825 quae
914 1761 1202 1810 harmonica
1218 1760 1410 1821 dicitur,
1428 1760 1479 1809 id
1497 1769 1583 1820 est,
1603 1759 1878 1809 modulatio

59 1871 109 1898 20
134 1846 283 1906 vocis,
302 1847 513 1910 pertinet
528 1847 592 1894 ad
609 1846 899 1905 comoedos,
918 1845 1195 1907 tragoedos,
1214 1845 1291 1891 vel
1312 1844 1504 1902 choros,
1523 1843 1599 1891 vel
1619 1844 1683 1890 ad
1703 1858 1877 1890 omnes

133 1929 217 1993 qui
236 1945 358 1978 voce
374 1927 572 1991 propria
588 1936 786 1975 canunt.
830 1929 973 1975 Haec
991 1943 1049 1974 ex
1064 1925 1232 1974 animo
1250 1933 1297 1973 et
1313 1940 1519 1987 corpore
1535 1932 1727 1972 motum
1744 1922 1872 1982 facit,

133 2020 181 2059 et
201 2028 259 2060 ex
277 2019 416 2059 motu
437 2026 632 2068 sonum,
659 2027 717 2058 ex
734 2026 835 2071 quo
855 2007 1098 2070 colligitur
1116 2006 1324 2065 Musica,
1348 2022 1475 2068 quae
1494 2005 1546 2052 in
1565 2004 1767 2053 homine
1784 2022 1878 2053 vox

133 2093 420 2155 appellatur.
495 2094 606 2139 Vox
631 2100 704 2140 est
729 2107 811 2139 aer
837 2089 1007 2152 spiritu
1033 2089 1328 2147 verberatus,
1357 2089 1491 2136 unde
1517 2097 1564 2136 et
1590 2087 1740 2136 verba
1765 2095 1879 2135 sunt
1902 2098 1932 2132 2

135 2181 435 2236 nuncupata.
507 2172 708 2236 Proprie
745 2181 913 2220 autem
949 2187 1043 2219 vox
1079 2169 1340 2218 hominum
1378 2178 1465 2229 est,
1495 2185 1582 2217 seu
1620 2168 1880 2217 inrationa-

64 2277 110 2316 25
134 2255 310 2304 bilium
330 2254 674 2303 animantium.
726 2256 854 2302 Nam
880 2254 931 2300 in
955 2252 1060 2300 aliis
1085 2252 1288 2300 abusive
1313 2268 1415 2299 non
1440 2250 1636 2314 proprie
1663 2250 1879 2299 sonitum

135 2353 309 2386 vocem
336 2336 514 2397 vocari,
542 2345 595 2385 ut
624 2339 745 2384 ‘vox
770 2335 918 2384 tubae
943 2333 1195 2382 infremuit
1211 2335 1235 2392 ²,
1265 2331 1418 2397 (Virg.
1438 2335 1564 2382 Aen.
1587 2350 1627 2394 3,
1651 2332 1767 2397 556)
1791 2351 1800 2380 :

644 2421 944 2479 Fractasque
980 2432 1009 2463 a
1043 2417 1184 2463 litore
1221 2431 1382 2464 voces.

195 2562 212 2588 1
245 2550 445 2599 probatur
459 2563 540 2588 om.
563 2547 613 2588 C¹
737 2561 762 2595 4
791 2560 872 2597 qua
891 2547 1129 2585 decernunt
1145 2544 1191 2582 K
1309 2557 1334 2594 5
1362 2545 1647 2594 requiriturK
1768 2546 1794 2582 6
1821 2545 1880 2582 in-

138 2604 337 2642 cursione
357 2604 426 2642 K:
457 2605 497 2641 in
520 2603 799 2642 concursione
824 2600 1004 2639 Cassiod.
1030 2599 1087 2649 (et
1100 2599 1200 2638 Isz'd.
1216 2600 1246 2649 3)
1377 2612 1396 2647 7
1430 2605 1494 2638 est
1514 2613 1594 2639 om.
1624 2599 1659 2637 C
1766 2612 1879 2637 men-

138 2670 235 2697 sura
255 2658 301 2695 K
406 2660 431 2696 8
461 2659 602 2698 eroico
625 2658 801 2696 iambico
817 2656 884 2695 vel
906 2654 1094 2703 elegiaco
1111 2654 1156 2691 K
1266 2666 1310 2691 11
1345 2655 1413 2703 qui
1430 2654 1477 2691 K
1589 2668 1637 2693 12
1667 2653 1881 2704 cantibus]

140 2713 350 2752 canticum
373 2713 418 2750 K
600 2725 647 2760 13
678 2709 893 2760 consistit]
919 2714 1086 2749 constat
1108 2709 1152 2745 K
1261 2709 1499 2748 rithmetica
1520 2708 1584 2748 K:
1617 2708 1882 2748 arithmetica

141 2766 191 2805 C1
378 2781 425 2817 14
455 2780 564 2816 quae
585 2781 637 2804 ex
658 2778 700 2815 p.
717 2767 757 2805 d.
780 2778 928 2804 sonum
951 2763 1114 2812 recepit
1137 2763 1181 2800 K
1200 2763 1302 2811 (non
1322 2763 1387 2813 A)
1515 2763 1623 2802 Nam
1643 2769 1713 2801 aut
1734 2775 1757 2800 a
1778 2774 1882 2799 voce

140 2821 209 2861 K:
254 2822 360 2860 Nam
394 2836 418 2861 a
449 2835 556 2860 voce
589 2821 630 2858 A
802 2831 848 2867 15
887 2825 957 2858 aut
986 2833 1010 2857 a
1040 2820 1138 2857 flatu
1169 2818 1236 2855 K:
1275 2824 1347 2856 aut
1376 2819 1498 2857 ssatus
1525 2818 1617 2855 AT
1719 2815 1883 2867 tubam]

139 2875 284 2915 tubula
310 2876 346 2914 T
438 2876 506 2915 vel
527 2876 671 2914 tibiam
693 2888 775 2913 om.
798 2874 891 2911 AK
1003 2886 1050 2922 17
1082 2872 1216 2924 quod]
1238 2873 1336 2921 quid
1358 2872 1404 2910 K
1422 2873 1523 2922 (non
1543 2872 1608 2923 A>
1718 2883 1771 2909 20
1800 2876 1883 2909 tra-

141 2932 297 2970 coedos
327 2932 479 2970 choros
509 2930 555 2968 K
716 2942 764 2967 21
806 2929 884 2969 fac.
916 2942 967 2967 ex
995 2941 1078 2967 mo.
1109 2927 1155 2964 K
1317 2939 1369 2976 23
1407 2940 1483 2965 aer
1516 2939 1593 2976 per
1621 2925 1813 2974 spiritum
1849 2923 1887 2961 T

142 2997 194 3034 24
233 2986 431 3035 propriae
462 2998 526 3024 au.
546 2985 663 3023 vocis
692 2984 806 3023 hom.
838 2989 935 3022 sunt
966 2995 1042 3020 seu
1072 2982 1118 3019 K
1146 2983 1248 3034 (non
1274 2981 1340 3031 A)
1470 2979 1781 3020 rationabilium
1811 2978 1881 3018 K:

142 3039 450 3078 inrationalium
470 3039 564 3078 BC1
686 3050 737 3087 25
767 3037 1044 3076 animantium
1068 3036 1147 3075 BC
1173 3040 1239 3083 (ex
1261 3035 1426 3086 -atium)
1457 3035 1516 3074 T:
1544 3034 1611 3073 vel
1639 3033 1881 3072 animalium

139 3093 212 3185 IK:
239 3094 424 3185 anKmum
439 3094 508 3132 vel
527 3093 804 3133 animantium
823 3092 861 3130 A
938 3104 987 3140 27
1004 3105 1027 3129 a
1041 3091 1162 3130 litore
1181 3090 1226 3129 C¹
1247 3105 1255 3128 :
1287 3091 1338 3129 ab
1361 3091 1481 3128 litore
1506 3089 1563 3127 T:
1591 3089 1643 3127 ad
1658 3088 1800 3126 littore
1814 3087 1855 3125 Β
1873 3101 1882 3125 :

156 3154 262 3186 1t0re
681 3149 685 3159 ⁴
