2228 3444
1099 140 1370 190 ISIDORI

358 270 504 318 Vnde
531 281 578 319 et
604 282 741 335 pater
767 277 870 324 eius
898 295 1079 328 vocans
1106 298 1290 331 nomen
1318 284 1422 334 eius
1445 288 1555 338 Noe
1577 291 1696 341 dixit
1717 292 1919 358 <Genes⁸
1938 313 1979 361 5,
1997 299 2102 364 29):

268 355 331 401 16
358 351 488 399 ‘Iste
513 354 819 416 requiescere
845 376 936 408 nos
962 360 1076 410 facit
1101 362 1165 411 ab
1191 365 1424 415 omnibus
1451 371 1682 433 operibus
1707 377 1916 426 nostris!
1987 381 2101 429 Sem

352 434 531 482 dicitur
551 439 849 500 nominatus,
870 444 1006 503 quod
1026 460 1213 493 nomen
1232 462 1290 495 ex
1309 451 1561 514 praesagio
1578 458 1874 517 posteritatis
1894 462 2100 525 accepit.

353 517 427 563 Ex
452 515 561 579 ipso
587 518 719 568 enim
746 522 1052 584 patriarchae
1079 535 1126 575 et
1156 530 1367 590 apostoli
1397 541 1445 580 et
1470 537 1684 598 populus
1713 539 1820 588 Dei.
1896 543 1970 590 Ex
1995 544 2098 592 eius

350 614 550 662 quoque
577 600 724 665 stirpe
751 613 798 652 et
823 605 1062 668 Christus,
1086 608 1225 658 cuius
1251 611 1314 660 ab
1335 623 1443 662 ortu
1470 615 1585 665 solis
1606 635 1763 682 usque
1781 623 1845 670 ad
1865 639 2097 674 occasum
2125 642 2146 682 5

271 696 323 746 17
349 697 583 743 magnum
611 692 684 732 est
703 701 890 734 nomen
910 686 960 735 in
979 689 1224 752 gentibus
1288 693 1449 744 Cham
1471 698 1672 760 calidus,
1697 710 1744 750 et
1764 701 1869 766 ipse
1888 722 1946 754 ex
1964 724 2098 770 prae-

347 761 482 825 sagio
500 764 648 812 futuri
665 770 1059 830 cognominatus.
1134 775 1400 825 Posteritas
1418 779 1551 828 enim
1571 782 1674 830 eius
1696 800 1805 832 eam
1823 794 1978 836 terrae
1994 805 2096 851 par-

346 851 445 891 tem
474 846 709 908 possedit,
730 866 856 911 quae
883 850 1046 900 vicino
1072 855 1175 902 sole
1196 857 1433 906 calentior
1453 869 1538 909 est.
1602 865 1750 913 Vnde
1775 875 1823 914 et
1843 869 2096 932 Aegyptus

265 923 320 971 18
344 942 501 988 usque
518 929 667 978 hodie
687 932 1044 995 Aegyptiorum
1061 934 1226 999 lingua
1247 940 1379 987 Kam
1397 941 1587 992 dicitur.
1641 947 1853 1009 Iapheth
1869 950 2091 1001 latitudo.

345 1011 418 1056 Ex
445 1026 505 1058 eo
531 1010 663 1060 enim
690 1015 903 1076 populus
928 1016 1150 1079 gentium
1170 1019 1388 1069 nascitur
1405 1041 1418 1083 3
1455 1033 1502 1072 et
1523 1025 1638 1087 quia
1657 1028 1754 1076 lata
1773 1039 1847 1078 est
1866 1048 1924 1079 ex
1942 1033 2095 1095 genti-
2119 1053 2167 1080 10

343 1090 435 1140 bus
463 1093 731 1143 multitudo
757 1097 1081 1160 credentium,
1109 1101 1172 1149 ab
1199 1104 1375 1152 eadem
1402 1106 1663 1158 latitudine
1690 1111 1902 1173 Iapheth
1929 1114 2090 1164 dictus

257 1188 317 1235 19
342 1182 429 1222 est.
505 1175 709 1226 Canaan
743 1178 870 1227 filius
902 1181 1062 1231 Cham
1099 1184 1442 1247 interpretatur
1479 1200 1643 1240 motus
1678 1209 1862 1243 eorum.
1937 1198 2089 1258 Quod

340 1257 461 1318 quid
488 1267 561 1306 est
586 1258 719 1308 aliud
746 1259 839 1308 nisi
866 1278 990 1324 opus
1017 1268 1226 1314 eorum?
1297 1270 1393 1317 Pro
1424 1280 1561 1320 motu
1589 1273 1721 1323 enim
1748 1278 1911 1338 patris,
1939 1277 1990 1327 id
2016 1289 2089 1328 est

246 1354 313 1389 20
338 1354 426 1400 pro
447 1357 595 1403 opere
616 1341 732 1402 eius,
758 1344 1051 1394 maledictus
1072 1357 1158 1396 est.
1215 1351 1415 1416 Arfaxaqt
1433 1370 1610 1403 sanans
1632 1358 2086 1421 depopulationem.

258 1429 312 1463 21
337 1419 475 1470 Chus
504 1423 756 1474 Hebraice
776 1427 1018 1490 Aethiops
1039 1428 1384 1493 interpretatur
1402 1452 1415 1494 ,·
1450 1452 1479 1483 a
1498 1438 1783 1499 posteritate
1803 1441 1877 1489 sui
1895 1442 2086 1504 generis
2114 1462 2159 1502 15

249 1513 311 1547 22
335 1519 520 1553 nomen
547 1505 759 1555 sortitus.
814 1509 895 1556 Ab
917 1507 1024 1572 ipso
1045 1510 1177 1559 enim
1198 1522 1312 1562 sunt
1332 1517 1573 1579 progeniti
1590 1520 1877 1585 Aethiopes.
1936 1525 1983 1573 N
1988 1541 2085 1573 em-

334 1584 480 1633 broth
507 1585 852 1651 interpretatur
871 1599 1118 1653 tyrannus.
1195 1596 1297 1644 Iste
1318 1596 1448 1645 enim
1471 1599 1601 1662 prior
1618 1602 1819 1667 arripuit
1838 1604 2081 1656 insuetam

333 1667 383 1714 in
420 1671 609 1731 populo
647 1671 973 1733 tyrannidem,
1010 1683 1059 1723 et
1096 1676 1199 1738 ipse
1235 1679 1495 1741 adgressus
1533 1692 1606 1731 est
1641 1685 1874 1734 adversus
1915 1689 2079 1736 Deum

244 1757 308 1803 23
332 1747 595 1812 impietatis
612 1752 874 1802 aedificare
889 1764 1086 1804 turrem.
1149 1759 1323 1808 Heber
1339 1761 1583 1813 transitus.
1647 1767 1959 1831 Etymologia
1975 1769 2079 1819 eius

330 1830 535 1892 mystica
560 1842 648 1893 est,
677 1837 814 1896 quod
833 1836 897 1884 ab
923 1836 1027 1885 eius
1048 1837 1196 1901 stirpe
1216 1841 1440 1891 transiret
1462 1845 1613 1905 Deus,
1636 1863 1730 1895 nec
1749 1861 2079 1911 perseveraret
2104 1872 2154 1900 20

329 1911 379 1959 in
416 1914 499 1972 eis,
539 1917 710 1964 tralata
746 1916 797 1964 in
837 1919 1068 1981 gentibus
1104 1923 1270 1983 gratia.
1344 1926 1419 1971 Ex
1455 1926 1563 1989 ipso
1601 1930 1734 1976 enim
1772 1940 1886 1979 sunt
1923 1934 2076 1981 exorti

237 2009 302 2056 24
328 1995 564 2046 Hebraei.
639 1999 822 2062 Phaleg
853 1999 1043 2062 divisio,
1081 2005 1160 2051 cui
1192 2014 1330 2067 pater
1358 2017 1618 2070 propterea
1654 2012 1749 2059 tale
1786 2029 1971 2062 nomen
2008 2013 2075 2062 in-

325 2078 503 2139 posuit,
533 2079 649 2142 quia
673 2089 792 2129 tunc
817 2091 960 2131 natus
987 2094 1074 2145 est,
1102 2088 1304 2148 quando
1329 2104 1415 2151 per
1439 2090 1629 2153 linguas
1655 2101 1779 2141 terra
1804 2093 1959 2143 divisa
1984 2105 2073 2146 est.

238 2172 301 2222 25
325 2160 490 2208 Thara
515 2162 787 2224 exploratio
811 2165 1129 2215 ascensionis.
1204 2170 1581 2220 Melchisedech
1606 2190 1690 2222 rex
1714 2176 1883 2225 iustus
1946 2180 2068 2239 Rex,

324 2240 440 2303 quia
478 2241 582 2305 ipse
620 2253 794 2306 postea
826 2244 1083 2308 imperavit
1122 2250 1299 2298 Salem.
1375 2253 1554 2313 Iustus,
1594 2271 1684 2317 pro
1720 2273 1781 2306 eo
1811 2262 1947 2321 quod
1978 2261 2071 2310 dis·
2098 2286 2143 2326 25

322 2339 528 2372 cernens
559 2335 865 2375 sacramenta
891 2328 1036 2391 Legis
1061 2339 1108 2378 et
1135 2332 1403 2395 Evangelii,
1424 2351 1527 2383 non
1552 2339 1802 2399 pecudum
1829 2339 2070 2404 victimas,

226 2406 295 2453 26
321 2406 410 2454 sed
449 2406 752 2457 oblationem
802 2409 942 2472 panis
992 2420 1040 2460 et
1088 2412 1252 2461 calicis
1292 2413 1343 2462 in
1386 2415 1624 2467 sacrificio
1667 2419 1860 2471 obtulit.
1935 2425 2066 2473 Loth

317 2486 586 2537 declinans.
662 2490 824 2540 Factis
845 2492 976 2540 enim
1005 2494 1337 2544 Sodomorum
1363 2514 1465 2546 non
1491 2501 1756 2563 consensit,
1779 2505 1867 2552 sed
1894 2521 2064 2555 eorum

369 2633 394 2668 4
426 2625 532 2669 patr.
557 2621 791 2670 prophetae
813 2628 856 2661 et
876 2630 1013 2674 apost.
1039 2624 1074 2663 C
1206 2640 1230 2676 5
1261 2627 1323 2679 et]
1345 2635 1411 2668 est
1433 2629 1466 2667 C
1573 2633 1599 2670 6
1630 2645 1786 2672 nomen
1809 2640 1874 2673 est
1902 2634 1964 2675 T:
1994 2644 2059 2676 est

315 2686 470 2712 nornen
493 2674 582 2713 eius
603 2673 644 2711 Β
827 2690 881 2715 ex
901 2693 986 2719 om.
1009 2679 1055 2717 K
1235 2696 1256 2731 7
1288 2683 1378 2721 eius
1399 2697 1482 2724 om.
1507 2684 1558 2723 Cl
1695 2702 1721 2737 9
1749 2689 1897 2741 hodie]
1921 2691 1989 2729 die
2011 2692 2062 2731 Cl

313 2735 596 2779 aegyptorum
619 2729 664 2766 K
952 2734 1138 2784 linguam
1165 2735 1202 2774 T
1453 2739 1547 2778 kam
1569 2739 1639 2780 B:
1669 2755 1758 2781 carn
1783 2743 1882 2783 CT:
1912 2745 2058 2785 chaam

313 2782 358 2820 K
544 2797 593 2822 10
623 2784 694 2836 eo]
718 2798 801 2834 quo
822 2786 868 2824 K
1049 2790 1161 2828 enim
1183 2804 1267 2831 om.
1298 2791 1334 2829 T
1497 2807 1541 2832 11
1576 2794 1648 2846 ab]
1670 2797 1800 2837 iafeth
1822 2797 1998 2839 latitudo
2026 2801 2064 2839 T

316 2849 362 2887 14
393 2851 524 2888 opera
552 2837 589 2875 T
771 2853 818 2890 15
850 2843 976 2882 ezobs
1004 2843 1041 2881 T
1216 2849 1265 2884 16
1294 2846 1467 2897 eziopes
1495 2849 1533 2888 T
1696 2853 1744 2890 18
1773 2853 1954 2903 populos
1975 2853 2063 2892 BT

309 2894 539 2940 adgressus
560 2899 625 2932 est
644 2907 726 2933 om.
752 2893 810 2932 Kl
922 2911 975 2936 20
1005 2898 1136 2950 quod]
1158 2912 1239 2949 quo
1268 2899 1306 2939 T
1410 2903 1509 2955 nec]
1528 2917 1582 2943 ne
1598 2903 1640 2941 Β
1747 2919 1794 2945 21
1828 2913 1926 2946 sunt
1943 2909 2054 2948 enim

307 2947 393 2986 AC
535 2961 587 2986 22
619 2948 651 2986 F
653 2961 748 2988 ares
771 2949 807 2988 C
957 2955 1099 3002 posuit
1120 2952 1166 2991 K
1327 2969 1379 3006 24
1409 2959 1685 2999 accensiones
1706 2959 1755 2999 Cl
1921 2961 2054 3003 iustus

308 3001 498 3053 (prms)]
523 3004 673 3042 ductus
697 3003 745 3043 C¹
876 3008 929 3044 26
960 3007 1145 3060 Evang.]
1167 3009 1292 3059 egelii
1315 3010 1364 3049 Cl
1476 3026 1526 3063 27
1555 3026 1704 3063 panem
1727 3014 1774 3053 K
1925 3019 2051 3057 sacri-

306 3055 444 3094 ficium
466 3055 568 3096 BC:
599 3058 804 3098 sacrificio
827 3060 1006 3110 primum
1037 3062 1074 3100 T
1232 3067 1283 3103 28
1313 3065 1497 3107 declinas
1522 3068 1571 3106 Cl
1739 3071 1951 3111 consentit
1970 3072 2017 3111 K
