2176 3424
1103 134 1375 183 ISIDORI

363 273 436 312 tas
477 262 848 327 interpretaturz
902 262 1320 325 Mesopotamiam
1360 263 1491 313 enim
1545 263 1595 312 in
1637 263 1934 327 quibusdam
1983 264 2104 313 locis

360 343 425 391 ita
451 342 642 406 inrigat,
669 341 793 391 sicut
821 343 963 391 Nilus
992 342 1354 391 Alexandriam.
1429 342 1685 392 Sallustius
1718 352 1898 403 autem,
1934 353 2104 392 auctor

359 424 673 484 certissimus,
692 424 862 473 asserit
891 424 1046 487 (Hist.
1067 441 1112 484 4,
1135 423 1218 489 77)
1240 423 1426 487 Tigrim
1453 433 1500 474 et
1528 426 1814 487 Euphraten
1841 442 1942 474 uno
1968 427 2102 474 fonte

361 524 558 556 manare
583 506 633 554 in
659 506 912 567 Armenia,
939 506 1023 569 qui
1048 523 1133 569 per
1165 505 1356 555 diversa
1389 516 1563 556 euntes
1597 506 1790 570 longius
1817 507 2103 558 dividuntur

359 592 518 654 spatio
535 588 702 638 medio
728 589 897 637 relicto
919 590 1186 637 multorum
1213 588 1403 637 milium
1425 608 1437 649 3
1475 606 1601 652 quae
1626 598 1793 638 tamen
1818 599 1955 648 terra,
1976 606 2103 653 quae
2128 607 2150 649 5

359 673 422 721 ab
443 671 559 735 ipsis
593 670 821 730 ambitur,
852 673 1222 734 Mesopotamia
1256 670 1447 720 dicitur.
1523 673 1596 720 Ex
1627 687 1727 734 quo
1766 673 2102 735 Hieronymus

358 754 454 819 (sit.
478 763 526 802 et
552 770 686 802 nom.
712 753 826 817 202)
848 754 1194 802 animadvertit
1219 752 1358 802 aliter
1383 755 1446 802 de
1474 753 1695 802 Paradisi
1720 753 2008 802 fluminibus
2034 754 2102 802 in-

289 856 333 890 11
360 838 708 899 tellegendum.
776 837 931 885 Indus
958 835 1134 884 fluvius
1161 835 1376 895 orientis,
1399 835 1484 899 qui
1504 836 1679 884 Rubro
1705 835 1824 884 mari
1850 835 2100 899 accipitur.

284 937 336 972 12
362 921 638 982 Hystaspes
681 917 771 967 fuit
813 919 1081 967 Medorum
1130 934 1213 966 rex
1261 917 1644 980 antiquissimus,
1691 935 1749 966 ex
1797 934 1897 980 quo
1944 918 2102 967 amnis

359 1001 559 1049 orientis
594 1016 778 1048 nomen
814 999 1018 1062 accepit,
1048 1001 1132 1062 qui
1168 1016 1301 1047 nunc
1334 1001 1598 1063 Hydaspes
1632 999 1823 1048 dicitur.
1899 1002 1976 1048 De
2001 1017 2102 1063 quo
2130 1020 2176 1049 10

360 1085 591 1131 Lucanus
614 1121 623 1131 .
648 1122 656 1132 .
682 1121 690 1130 .
713 1082 812 1144 Qui
833 1084 950 1130 dum
981 1083 1041 1130 sit
1067 1081 1241 1130 fluvius
1260 1085 1531 1142 Persarum,
1551 1081 1728 1130 dicitur
1746 1091 1912 1130 tamen
1933 1092 2102 1131 contra

281 1186 334 1232 13
359 1167 602 1214 orientem
628 1166 900 1214 decurrere.
964 1165 1128 1213 Araris
1155 1163 1331 1213 fluvius
1359 1163 1574 1212 orientis.
1637 1166 1714 1213 De
1739 1180 1839 1228 quo
1859 1164 2102 1227 Vergilius

358 1246 486 1312 (Ecl.
511 1265 550 1308 1,
571 1250 599 1295 6
606 1245 656 1311 3)
677 1267 684 1296 :

844 1331 947 1377 Aut
985 1327 1178 1378 Ararim
1217 1330 1425 1377 Parthus
1463 1328 1615 1377 bibet.

279 1433 335 1480 14
360 1415 523 1464 Currit
550 1413 680 1462 enim
702 1429 788 1475 per
808 1413 1058 1460 Parthiam
1085 1419 1133 1460 et
1160 1410 1424 1474 Assyriam.
1477 1413 1681 1459 Bactrus
1702 1410 1877 1459 fluvius
1902 1410 2101 1461 orientis
2130 1425 2176 1466 15

358 1514 386 1544 a
406 1513 517 1559 rege
539 1498 719 1544 Bactro
744 1503 947 1543 vocatus
973 1495 1122 1542 fertur
1144 1512 1156 1553 3
1192 1510 1220 1541 a
1239 1509 1339 1556 quo
1366 1502 1413 1541 et
1441 1492 1685 1542 Bactriani
1702 1502 1749 1542 et
1774 1493 1890 1541 urbs
1915 1510 2098 1542 eorum.

281 1595 337 1645 15
360 1578 605 1642 Choaspis
633 1580 891 1626 Persarum
917 1576 1108 1636 fluvius,
1138 1585 1340 1624 vocatus
1367 1592 1536 1624 eorum
1562 1575 1727 1639 lingua
1756 1577 1893 1638 quod
1930 1576 2102 1627 miram

357 1678 516 1725 aquae
542 1659 860 1710 dulcedinem
887 1659 1081 1717 habeat,
1110 1659 1238 1705 adeo
1265 1666 1318 1705 ut
1345 1657 1527 1705 Persici
1553 1673 1689 1720 reges
1716 1657 1953 1721 quamdiu
1980 1658 2104 1708 inter

361 1743 492 1806 ripas
513 1741 727 1791 Persidis
748 1740 867 1801 fluit,
892 1740 985 1789 sibi
1003 1757 1061 1788 ex
1081 1756 1142 1788 eo
1158 1741 1339 1802 pocula
1358 1738 1682 1788 vindicarunt.
1747 1742 1820 1787 Ex
1846 1741 1941 1789 hoc
1957 1757 2103 1790 amne

275 1836 334 1883 16
358 1826 561 1888 quidam
588 1824 823 1887 Cydnum
850 1822 1055 1872 Ciliciae
1093 1823 1294 1869 fluvium
1330 1821 1535 1870 derivari
1567 1821 1857 1870 existimant.
1931 1822 2102 1871 Araxis
2128 1845 2176 1873 20

356 1907 516 1956 amnis
543 1907 822 1964 Armeniae,
864 1906 949 1966 qui
988 1904 1051 1952 ab
1095 1919 1197 1951 uno
1237 1911 1407 1951 monte
1456 1919 1570 1950 cum
1611 1904 1862 1967 Euphrate
1900 1903 2101 1952 diversis

358 1988 604 2053 specubus
654 1987 818 2048 oritur,
871 1985 1032 2036 dictus
1082 1985 1218 2048 quod
1267 1983 1530 2047 rapacitate
1590 1994 1767 2033 cuncta
1825 1988 2100 2049 prosternit.

360 2072 508 2119 Vnde
534 2080 581 2119 et
606 2087 721 2118 cum
742 2070 1023 2118 Alexander
1050 2084 1162 2116 eum
1190 2065 1461 2129 transgredi
1485 2068 1644 2126 vellet,
1673 2075 1825 2130 ponte
1850 2067 2104 2130 fabricam,

359 2162 496 2202 tanta
521 2152 566 2200 vi
593 2151 851 2200 inundavit
878 2160 930 2199 ut
955 2159 1160 2213 pontem
1188 2148 1412 2197 dirueret.
1469 2147 1570 2196 Hic
1589 2148 1820 2197 brevibus
1837 2148 2100 2200 intervallis

357 2236 421 2284 ab
457 2234 722 2298 Euphratis
766 2242 874 2282 ortu
918 2242 1066 2295 caput
1105 2230 1245 2290 tollit,
1286 2246 1343 2278 ac
1377 2229 1559 2278 deinde
1599 2230 1835 2293 Caspium
1869 2233 2018 2280 fertur
2050 2233 2099 2282 in
2127 2254 2176 2296 25

279 2332 331 2382 17
359 2333 503 2365 mare.
581 2315 780 2364 Fluvius
815 2315 979 2378 Syriae
1016 2315 1100 2377 qui
1143 2320 1345 2362 vocatur
1378 2312 1592 2361 Orontes
1633 2311 1765 2361 iuxta
1806 2313 2101 2365 Antiochiae

418 2461 434 2486 1
470 2447 584 2485 enim
606 2446 717 2485 KT:
747 2446 906 2484 etenim
927 2444 1018 2497 BC,
1163 2456 1186 2480 2
1217 2448 1355 2481 autem
1377 2456 1460 2481 om.
1487 2442 1521 2480 C
1669 2455 1693 2492 5
1723 2444 1879 2496 spatio]
1902 2446 2039 2485 stadio
2059 2446 2104 2485 K

357 2505 384 2541 6
414 2502 520 2542 Mes.
544 2503 623 2542 dic.
641 2515 724 2541 om.
755 2500 792 2538 T
951 2514 972 2550 7
1004 2499 1126 2539 aliter
1145 2496 1380 2537 advertitB
1404 2511 1413 2536 τ
1441 2497 1738 2537 animadvertit
1753 2498 1799 2536 K
1906 2499 1978 2551 de]
2001 2501 2042 2539 in
2061 2501 2108 2540 K

357 2559 382 2596 8
415 2557 519 2595 Inde
543 2556 590 2594 C¹
700 2568 810 2606 quae
830 2555 871 2593 B
1026 2568 1052 2604 9
1082 2553 1312 2602 Histaspes
1339 2552 1377 2590 T
1397 2565 1407 2591 :
1438 2552 1614 2601 Staspes
1632 2552 1766 2591 BDU
1781 2567 1791 2591 :
1822 2553 1998 2604 Stasper
2020 2555 2070 2594 Cl
2092 2571 2102 2598 :

361 2611 527 2661 Staspis
543 2611 588 2649 K
605 2625 614 2650 :
646 2610 788 2660 Stapis
809 2610 855 2647 N
1007 2622 1055 2647 10
1084 2607 1243 2658 idaspis
1264 2605 1376 2646 codd.
1489 2606 1655 2645 Lucani
1671 2620 1814 2646 versus
1835 2609 1891 2658 (3,
1910 2612 1989 2658 236
2009 2615 2045 2648 et
2059 2612 2098 2660 8,

361 2667 517 2759 227-23
537 2665 634 2704 add·
655 2665 757 2758 deut
774 2667 874 2757 (Anon
893 2662 1302 2758 DIO'UX)araritus11
1321 2662 1422 2755 asi-{lg
1425 2674 1484 2753 K)
1487 2662 1636 2754 rient1is
1663 2661 1796 2756 Pili-{h
1806 2662 1886 2757 Cad
1933 2665 2104 2757 gaila}

358 2735 610 2826 ‘igaiquamd
634 2732 681 2815 1⁴}
703 2732 914 2814 ’uSibi122-
941 2772 990 2812 C1
1124 2785 1173 2822 19
1204 2729 1413 2821 Per—fidis]
1438 2728 1637 2821 persica?
1647 2770 1694 2808 K
1801 2732 2102 2823 huit]afu{runt
2168 2785 2170 2787 ·

360 2831 402 2869 Β
510 2829 765 2870 vindicarint
785 2829 878 2869 dett.
1011 2840 1064 2867 20
1092 2826 1258 2876 cignum
1275 2825 1384 2866 codd.
1517 2839 1566 2864 21
1598 2825 1766 2865 diversa
1786 2827 1929 2876 specie
1948 2826 2036 2866 ΒΚ
2041 2828 2079 2866 Τ
2092 2844 2101 2868 :

361 2886 404 2924 in
439 2884 617 2924 diversis
649 2884 859 2934 specubus
897 2882 956 2922 C:
1002 2883 1170 2921 diversa
1196 2893 1326 2932 specu
1355 2879 1554 2920 Schwarz
1717 2893 1769 2919 22
1799 2886 2039 2931 prosternat
2070 2882 2105 2922 C

360 2954 412 2990 24
442 2939 718 2979 inabundavit
745 2937 783 2976 T
885 2949 937 2986 25
967 2950 1015 2976 ac
1035 2936 1191 2975 deinde
1210 2950 1296 2978 om.
1325 2935 1362 2973 T
1463 2937 1516 2974 26
1545 2935 1646 2974 mari
1668 2935 1779 2974 Icam
1795 2935 1836 2986 (5
1858 2937 1925 2988 17)
1946 2935 2075 2975 KOP
2093 2952 2103 2981 ;

361 2995 560 3034 maricam
573 2994 620 3033 N
629 2995 731 3045 (non
748 2992 832 3031 DF
833 2992 887 3042 U)
907 2993 976 3042 <ex
995 2991 1100 3030 mari
1120 2996 1181 3041 ca,
1207 2991 1234 3031 i.
1253 3004 1284 3032 e.
1307 2990 1530 3042 capitulum
1551 2990 1724 3043 novum)
1803 2990 1903 3042 On]
1923 2991 2101 3032 orientis

360 3049 472 3091 codd.
498 3049 641 3102 (etiam
662 3047 743 3087 FN
756 3062 764 3089 :
796 3047 1004 3096 origentis
1024 3046 1135 3098 DU)
