2176 3424
450 147 1082 195 ETYMOLOGIARVM
1123 146 1252 218 LIB.
1296 147 1434 192 XVI.
1476 144 1521 191 iv

112 275 210 324 sius
234 277 357 339 lapis
373 277 537 324 fuscus
563 285 609 324 et
628 275 918 324 rubentibus
936 275 1075 324 notis‘
1091 291 1298 339 sparsus.
1359 275 1577 322 Vocatur
1595 283 1762 322 autem
1788 272 1854 321 ita

112 356 240 420 quia,
267 356 306 405 si
331 374 487 420 aquae
514 357 690 406 mixtus
717 366 1008 417 conteratur,
1036 356 1206 406 vinum
1231 357 1420 419 fragrat,
1450 365 1497 404 et
1534 356 1671 418 quod
1696 354 1747 403 in
1773 354 1857 402 illo

112 438 287 486 mirum
315 447 400 498 est,
429 439 651 488 ebrietati
672 439 864 488 resistit.
936 438 1176 488 Thracius
1202 438 1337 502 niger
1356 447 1404 485 et
1429 453 1636 486 sonorus
1654 455 1667 498 3
1703 436 1855 485 nasci·
1880 436 1907 480 ὃ

106 529 182 567 tur
214 519 265 568 in
290 519 493 569 flumine
532 520 670 569 cuius
706 538 887 570 nomen
922 530 994 569 est
1021 524 1208 570 Pontus
1245 519 1296 567 in
1334 518 1543 581 Equitia.
1619 516 1855 581 Phrygius
1881 531 1915 576 9

63 615 85 654 5
107 601 228 663 lapis
245 617 303 650 ex
322 603 433 651 loco
455 602 595 650 traxit
614 603 911 652 vocabulum
934 621 946 663 3
982 602 1197 651 nascitur
1217 600 1348 650 enim
1367 599 1419 648 in
1446 601 1666 663 Phrygia,
1690 601 1854 648 colore

108 683 333 744 pallidus,
355 683 664 732 mediocriter
681 686 853 747 gravis.
909 687 998 732 Est
1013 694 1177 732 autem
1194 683 1338 746 gleba
1357 683 1627 745 pumicosa.
1690 680 1855 730 Vritur

106 773 250 812 antea
274 766 390 812 vino
415 767 638 828 perfusus
664 768 907 829 flatusque
932 766 1130 814 follibus
1155 767 1317 814 donec
1342 764 1581 823 rubescat,
1605 780 1662 812 ac
1688 780 1850 812 rursus

107 845 252 894 dulce
272 845 386 894 vino
411 846 707 909 extinguitur
727 849 875 896 ternis
896 847 1098 906 vicibus,
1119 845 1400 911 tinguendis
1421 845 1638 894 vestibus
1659 854 1851 894 tantum

108 926 249 974 utilis.
313 927 475 990 Syrius
500 927 621 991 lapis
640 946 668 976 a
690 928 837 991 Syria,
861 930 946 978 ubi
965 929 1214 992 reperitur,
1233 930 1507 991 appellatus
1528 947 1536 976 :
1574 929 1654 975 hic
1670 927 1857 991 integer
1877 933 1937 968 10

36 1024 83 1051 10
107 1008 327 1057 fluctuari
343 1009 556 1069 traditur,
580 1009 917 1059 comminutus
938 1011 1103 1075 mergi.
1157 1010 1398 1059 Arabicus
1418 1008 1588 1058 similis
1606 1019 1679 1058 est
1694 1009 1855 1059 eboris
1878 1017 1924 1051 11

104 1089 208 1139 sine
225 1092 322 1139 ulla
339 1093 543 1140 macula.
620 1092 721 1140 Hic
741 1092 1004 1142 defricatus
1022 1094 1087 1142 ad
1103 1102 1266 1142 cotem
1288 1109 1461 1141 sucum
1481 1091 1683 1141 dimittit
1708 1109 1857 1140 croco

108 1171 331 1221 similem.
406 1174 637 1222 Iudaicus
670 1174 792 1237 lapis
822 1175 963 1223 albus
997 1184 1070 1223 est
1102 1183 1250 1238 atque
1281 1176 1331 1222 in
1363 1175 1615 1222 schemate
1647 1175 1853 1237 glandis,
1877 1181 1932 1216 12

106 1253 352 1317 scripturis
379 1254 685 1304 subinvicem
720 1258 1017 1315 modulatus,
1047 1273 1170 1319 quas
1208 1256 1385 1305 Graeci
1421 1259 1638 1322 γραμμὰς
1660 1266 1853 1305 vocant.

106 1335 298 1384 Samius
322 1353 351 1384 a
385 1338 532 1384 Samo
558 1336 731 1397 insula,
760 1337 843 1385 ubi
882 1337 1130 1401 reperitur,
1159 1348 1392 1386 vocatus:
1444 1348 1491 1386 et
1525 1347 1597 1386 est
1622 1337 1780 1401 gravis
1807 1348 1856 1387 et
1875 1346 1929 1392 13

35 1424 80 1463 15
105 1417 360 1477 candidus,
404 1418 640 1481 poliendo
687 1436 806 1468 auro
856 1419 1000 1468 utilis.
1076 1419 1368 1482 Memphitis
1417 1428 1618 1468 vocatus
1665 1437 1694 1468 a
1742 1422 1853 1469 loco
1875 1430 1930 1477 14

109 1495 354 1559 Aegypti3
403 1506 452 1546 et
489 1507 561 1545 est
593 1498 886 1560 gemmantis
923 1508 1139 1547 naturae.
1215 1497 1316 1546 Hic
1342 1499 1481 1546 tritus
1510 1508 1660 1561 atque
1696 1499 1747 1547 in
1777 1498 1852 1547 his

108 1589 233 1635 quae
258 1576 445 1623 urenda
470 1585 582 1624 sunt
608 1585 655 1624 et
682 1577 897 1624 secanda
916 1593 974 1625 ex
997 1586 1140 1625 aceto
1165 1576 1385 1625 inlinitus
1410 1578 1476 1625 ita
1502 1577 1852 1641 obstupescere

106 1651 220 1700 facit
241 1669 417 1716 corpus
443 1663 496 1701 ut
515 1670 617 1702 non
643 1653 820 1702 sentiat
844 1654 1129 1703 cruciatum.
1191 1657 1531 1718 Sarcophagus
1547 1657 1670 1719 lapis
1690 1655 1852 1705 dictus
1873 1657 1926 1704 Ι5

106 1749 165 1780 eo
181 1735 318 1796 quod
327 1751 530 1798 corpora
547 1736 893 1784 defunctorum
911 1738 1110 1785 condita
1129 1736 1179 1784 in
1197 1754 1257 1785 eo
1274 1736 1397 1785 infra
1413 1737 1736 1801 quadraginta
1745 1737 1851 1787 dies

34 1829 83 1858 20
105 1815 430 1864 absumuntur
447 1835 459 1877 3
495 1819 634 1879 σορὸς
659 1817 789 1866 enim
811 1819 999 1868 Graece
1024 1835 1135 1866 arca
1159 1820 1349 1878 dicitur,
1379 1824 1549 1885 φαγεῖν
1572 1821 1847 1870 comedere.

107 1898 335 1946 Nascitur
359 1910 523 1947 autem
559 1899 608 1947 in
645 1902 855 1959 Troade,
893 1900 1126 1963 fissilique
1164 1918 1287 1949 vena
1321 1901 1573 1950 scinditur.
1645 1903 1769 1951 Sunt
1800 1912 1848 1951 et

102 1979 324 2029 eiusdem
349 1980 538 2043 generis
564 1981 614 2029 in
641 1981 827 2030 oriente
861 1999 988 2043 saxa,
1016 2000 1143 2045 quae
1176 1983 1325 2032 etiam
1351 1984 1629 2033 viventibus
1653 1987 1850 2049 alligata

103 2063 314 2111 erodunt
356 2079 572 2126 corpora.
646 2063 870 2113 Mitiores
917 2074 1083 2114 autem
1122 2065 1372 2115 servandis
1419 2067 1708 2130 corporibus
1756 2085 1849 2118 nec
1870 2062 1928 2109 16

102 2143 421 2194 absumendis
456 2145 744 2194 haematites
780 2148 1065 2210 appellatus,
1106 2164 1166 2197 eo
1200 2149 1336 2211 quod
1373 2159 1484 2198 cote
1519 2151 1760 2199 resolutus
1795 2151 1844 2199 in

30 2238 78 2281 25
103 2227 319 2274 colorem
345 2225 506 2275 veniat
532 2226 794 2290 sanguinis
858 2230 946 2277 Est
970 2238 1137 2278 autem
1157 2232 1449 2279 ammodum
1469 2230 1671 2292 lividus,-
1707 2244 1780 2282 est
1800 2244 1847 2287 et

101 2306 413 2370 ferrugineus.
472 2308 701 2357 Nascitur
718 2308 767 2356 in
784 2308 955 2358 ultima
974 2310 1198 2373 Aegypti,
1221 2312 1494 2375 Babylonia
1515 2323 1561 2361 et
1584 2313 1841 2377 Hispania.

158 2449 174 2474 1
208 2443 346 2475 autem
367 2450 450 2477 om.
474 2437 515 2474 Β
704 2453 727 2477 2
757 2439 936 2490 mixtus]
957 2441 1096 2479 exitus
1124 2438 1161 2478 T
1291 2441 1442 2492 fraglat
1469 2441 1527 2481 T:
1558 2445 1707 2493 flagrat
1725 2444 1850 2483 BCK

99 2493 210 2540 quod
230 2492 345 2530 illum
373 2491 412 2529 T
558 2506 582 2542 3
614 2494 782 2532 resistat
805 2494 853 2532 Cl
1004 2509 1028 2542 4
1059 2495 1221 2544 equicia
1241 2494 1352 2536 RK:
1383 2496 1560 2548 Scythia
1581 2499 1767 2550 (Squitia
1788 2501 1850 2539 vel

100 2545 309 2598 Esquitia)
332 2546 457 2586 Arev.
612 2551 638 2586 6
667 2548 872 2587 auriturT
1014 2551 1039 2587 8
1070 2550 1155 2589 dul.
1178 2551 1322 2589 vinum
1342 2550 1384 2588 B
1504 2552 1782 2604 instinguitur
1801 2553 1847 2592 K

99 2613 125 2649 9
155 2600 299 2651 Syria]
324 2600 434 2651 Syro
455 2602 592 2641 insula
611 2603 722 2642 Plin.
743 2602 796 2642 N.
819 2603 878 2643 H.
903 2606 967 2653 36,
995 2617 1071 2653 130
1295 2613 1523 2656 reppertur
1541 2609 1780 2659 appellatur
1799 2608 1846 2647 K

104 2667 152 2694 10
180 2656 382 2694 fluctuare
406 2655 440 2694 C
537 2657 660 2695 simili
689 2657 726 2695 T
814 2660 932 2697 ebori
954 2659 1043 2698 dett.
1178 2673 1221 2698 11
1256 2666 1392 2699 cutem
1414 2659 1546 2699 BKT
1651 2677 1779 2703 sucus
1798 2663 1845 2702 K

103 2721 151 2757 13
180 2709 294 2760 voc.]
315 2710 526 2760 appellant
554 2709 591 2748 T
749 2725 795 2762 15
826 2714 1012 2763 poliendi
1033 2726 1181 2753 aurum
1202 2713 1346 2754 BCT:
1377 2717 1553 2765 polienti
1574 2731 1723 2757 aurum
1746 2718 1838 2759 dett.

101 2763 278 2803 Memfiti
298 2763 344 2801 K
473 2767 522 2803 16
551 2772 593 2804 et
612 2780 694 2806 om.
725 2766 762 2804 T
888 2781 933 2817 17
965 2769 1122 2808 arenda
1142 2774 1189 2807 ut
1205 2769 1286 2809 vid.
1309 2768 1348 2807 T
1477 2786 1530 2810 20
1558 2774 1840 2813 adsumuntur

100 2819 223 2868 (ass-)
246 2817 397 2857 BKT:
426 2820 698 2858 adsumantur
720 2821 754 2859 C
1062 2836 1183 2862 soros
1205 2822 1304 2863 CT:
1334 2838 1459 2864 soror
1477 2825 1520 2863 Β
1540 2841 1549 2865 :
1579 2841 1775 2867 sarcorus
1795 2827 1842 2866 K

97 2873 168 2911 vix
178 2880 255 2923 pro
274 2871 372 2924 σάρξ
391 2887 491 2913 corr.
512 2875 580 2926 (ex
592 2875 708 2914 VIII.
726 2888 784 2916 xi.
800 2878 870 2925 85)
894 2876 1007 2926 σορός
1186 2878 1306 2930 arca]
1321 2893 1420 2919 caro
1437 2880 1528 2920 dett.
1714 2883 1837 2934 fagus

99 2926 213 2977 (-gos
252 2925 298 2965 K
302 2933 315 2979 )
350 2928 462 2968 codd.
613 2942 662 2968 21
695 2930 737 2968 in
767 2930 873 2970 traia
907 2931 1058 2984 (delet.)
1096 2933 1270 2972 troadae
1310 2932 1357 2971 K
1486 2948 1537 2974 22
1567 2937 1755 2976 viventia
1793 2935 1841 2976 K

98 2993 149 3030 23
179 2983 358 3023 erudunt
378 2982 445 3021 K:
475 2984 666 3023 erodiant
689 2985 848 3037 (-unt“.²)
878 2985 916 3024 T
1061 2986 1147 3027 Mit.
1169 3018 1178 3025 .
1206 3017 1215 3026 .
1236 3018 1246 3026 .
1270 2988 1360 3029 abs.
1379 2989 1454 3028 del.
1474 2989 1601 3031 Arev.
1763 2999 1837 3032 aut

99 3034 263 3074 CKTU
392 3051 442 3086 24
471 3039 742 3078 adsumendis
761 3037 828 3077 K:
858 3042 930 3080 -tis
951 3041 992 3078 B
1013 3055 1020 3079 ε
1053 3047 1135 3080 -tes
1164 3040 1264 3081 TU:
1293 3043 1563 3084 absumentes
1587 3046 1622 3084 C
1740 3054 1836 3087 cute

97 3089 208 3128 codd.
305 3104 355 3140 25
385 3093 451 3131 liv.
477 3100 520 3131 et
541 3094 638 3132 ferr.
661 3092 759 3133 CK:
792 3094 860 3133 liv.
882 3101 946 3134 est
965 3095 1065 3135 ferr.
1088 3094 1129 3134 U
1223 3101 1274 3136 26
1303 3097 1506 3148 Aegypto
1527 3099 1620 3140 dett.
1727 3102 1836 3142 babi-

97 3143 234 3184 loniae
257 3153 298 3184 et
318 3146 507 3196 ispaniae
533 3147 568 3186 C
