2228 3444
436 172 1066 221 ETYMOLOGIARVM
1107 171 1236 218 LIB.
1276 171 1367 217 VI.
1405 187 1479 231 xv,
1511 171 1586 216 xvi

135 304 220 352 bat
237 322 250 365 3
287 303 759 352 consubstantialem
797 305 908 351 Deo
939 300 1063 364 patri
1085 303 1262 359 ‚Deum
1288 301 1443 348 filium
1472 301 1686 354 †idem†
1713 313 1882 349 sancta

136 387 353 448 synodus
390 402 476 448 per
511 385 792 447 symbolum
835 382 1074 432 definivit.
1159 383 1390 432 Secunda
1420 384 1644 445 synodus
1680 391 1880 431 centum
1906 393 1934 441 7

137 464 493 530 quinquaginta
519 469 719 515 Patrum
746 466 839 515 sub
863 464 1154 514 Theodosio
1181 463 1373 513 seniore
1394 462 1881 526 Constantinopolim

137 557 430 612 congregata
447 557 532 608 est,
554 564 680 611 quae
699 546 1070 606 Macedonium,
1091 556 1317 595 sanctum
1335 544 1568 608 Spiritum
1590 547 1757 594 Deum
1777 562 1883 594 esse

90 651 110 690 5
138 639 415 693 negantem,
436 631 791 689 condemnans,
809 628 1283 677 consubstantialem
1302 628 1431 675 Patri
1450 637 1497 675 et
1517 626 1640 675 Filio
1657 636 1881 675 sanctum

139 713 371 775 Spiritum
389 711 755 771 demonstravit,
776 713 899 763 dans
921 710 1132 774 symboli
1151 712 1359 759 formam
1377 726 1527 772 quam
1553 718 1656 758 tota
1674 711 1884 758 Graeco-

136 811 243 843 rum
283 803 332 843 et
372 793 660 843 Latinorum
703 791 993 860 [confessio]
1036 792 1085 840 in
1122 791 1341 841 ecclesiis
1378 790 1642 854 praedicat.
1716 792 1883 839 Tertia
1907 795 1935 842 8

138 877 354 938 synodus
380 875 631 940 Ephesina
656 876 813 938 prima
845 876 1174 924 ducentorum
1202 873 1548 938 episcoporum
1575 873 1668 922 sub
1694 871 1883 922 iuniore

140 957 428 1007 Theodosio
464 960 690 1020 Augusto
728 956 873 1017 edita,
912 974 1039 1019 quae
1076 955 1362 1005 Nestorium
1403 957 1526 1004 duas
1564 970 1797 1018 personas
1835 953 1884 1000 in

68 1057 116 1083 10
142 1039 340 1090 Christo
372 1041 684 1088 adserentem
713 1038 842 1087 iusto
876 1040 1191 1096 anathemate
1221 1038 1587 1096 condemnavit,
1615 1036 1884 1085 ostendens

141 1138 337 1169 manere
370 1120 421 1168 in
441 1120 650 1186 ⁵duabus
685 1120 868 1169 naturis
904 1121 1296 1170 unamsDomini
1326 1117 1525 1186 [nostri]
1554 1118 1667 1167 Iesu
1702 1116 1885 1168 Christi

138 1219 413 1264 personam.
489 1205 679 1264 Quarta
714 1203 932 1265 synodus
967 1201 1394 1252 Chalcedonensis
1429 1210 1772 1250 sexcentorum
1811 1198 1887 1247 tri·
1912 1214 1945 1260 9

137 1283 272 1346 ginta
313 1285 626 1332 sacerdotum
671 1286 763 1332 sub
809 1286 1065 1333 Marciano
1106 1285 1325 1348 principe
1364 1283 1534 1332 habita
1572 1291 1659 1342 est,
1701 1281 1752 1329 in
1790 1298 1887 1343 qua

137 1365 413 1427 Eutychem
448 1364 1059 1429 Constantinopolitanum
1090 1365 1323 1414 abbatem
1350 1365 1503 1413 Verbi
1535 1365 1630 1413 Dei
1656 1373 1704 1412 et
1730 1361 1887 1411 carnis

71 1468 112 1507 15
140 1463 288 1494 unam
315 1456 539 1495 naturam
571 1448 990 1510 pronuntiantem,
1018 1455 1066 1496 et
1096 1446 1200 1496 eius
1230 1448 1542 1496 defensorem
1571 1445 1883 1504 Dioscorum‚

138 1529 389 1591 quondam
407 1529 798 1577 Alexandrinum
815 1530 1133 1593 Episcopum,
1146 1538 1194 1578 et
1210 1527 1372 1592 ipsum
1388 1545 1579 1577 rursum
1599 1525 1885 1576 Nestorium

137 1627 250 1658 cum
294 1609 491 1673 reliquis
534 1610 789 1659 haereticis
832 1628 931 1659 una
975 1613 1175 1658 Patrum
1220 1609 1463 1659 sententia
1505 1609 1887 1670 condemnavit3

138 1692 426 1755 praedicans
459 1693 634 1741 eadem
666 1693 885 1755 synodus
916 1691 1168 1742 Christum
1203 1691 1480 1741 Dominum
1515 1691 1583 1741 sic
1616 1701 1788 1740 natum
1823 1693 1886 1741 de

139 1772 354 1836 Virgine,
399 1782 452 1822 ut
501 1773 550 1821 in
593 1791 653 1823 eo
698 1772 1023 1822 substantiam
1066 1783 1114 1823 et
1156 1773 1352 1823 divinae
1394 1784 1442 1822 et
1483 1775 1731 1822 humanae
1773 1791 1886 1822 con—

67 1875 116 1902 20
140 1856 365 1903 fiteamur
390 1864 607 1904 naturae.
681 1857 823 1904 Haec
850 1865 962 1904 sunt
988 1864 1219 1919 quattuor
1238 1855 1415 1919 synodi
1440 1855 1748 1920 principales,
1771 1854 1887 1904 fidei
1910 1871 1967 1906 10

141 1935 415 1985 doctrinam
442 1936 727 2000 plenissime
753 1936 1095 2001 praedicantes
1114 1955 1126 1997 3
1163 1939 1251 1987 sed
1277 1947 1325 1987 et
1351 1936 1390 1986 si
1416 1955 1513 2000 qua
1538 1946 1652 1986 sunt
1677 1936 1887 1986 concilia

140 2035 266 2081 quae
304 2018 460 2067 sancti
496 2022 666 2067 Patres
703 2018 873 2082 spiritu
913 2018 1009 2067 Dei
1046 2018 1179 2081 pleni
1216 2029 1495 2078 sanxerunt,
1534 2027 1645 2082 post
1682 2017 1885 2067 istorum

140 2110 371 2163 quattuor
409 2099 750 2149 auctoritatem
791 2101 927 2148 omni
966 2110 1168 2148 manent
1207 2099 1421 2149 stabilita
1456 2099 1634 2163 vigore,
1675 2116 1884 2163 quorum

139 2190 275 2245 gesta
312 2183 362 2229 in
394 2183 490 2231 hoc
521 2199 670 2246 opere
703 2181 906 2231 condita
938 2181 1268 2231 continentur.
1341 2183 1597 2245 Synodum
1627 2191 1793 2231 autem
1828 2199 1886 2231 ex
1910 2200 1955 2233 11

67 2280 115 2320 25
141 2263 332 2313 Graeco
349 2263 652 2328 interpretari
668 2263 958 2313 comitatum
976 2265 1052 2314 vel
1068 2274 1279 2313 coetum.
1340 2263 1553 2315 Concilii
1571 2280 1684 2313 vero
1701 2281 1886 2314 nomen
1909 2282 1965 2316 12

140 2356 345 2395 tractum
382 2364 440 2395 ex
471 2364 606 2396 more
646 2349 893 2396 Romano.
966 2349 1215 2410 Tempore
1252 2346 1398 2406 enim,
1433 2364 1533 2410 quo
1567 2363 1743 2396 causae
1779 2363 1887 2410 age-

141 2427 330 2489 bantur,
359 2428 722 2478 conveniebant
749 2445 922 2478 omnes
956 2427 1005 2477 in
1040 2445 1195 2477 unum
1229 2430 1585 2491 communique
1611 2427 1886 2478 intentione

199 2571 215 2596 1
264 2572 380 2600 cons.
413 2572 515 2599 vero
552 2559 632 2598 deo
667 2558 713 2597 K
745 2558 847 2610 (non
880 2559 945 2611 A)
966 2572 974 2598 :
1019 2571 1136 2599 cons.
1174 2559 1213 2597 in
1251 2560 1332 2598 deo
1367 2558 1409 2596 Β
1593 2560 1741 2598 eadem
1777 2558 1890 2599 dett.:

127 2613 232 2663 fort.
257 2614 356 2653 item
468 2627 492 2664 3
521 2614 896 2665 Constantinopoli
918 2614 1007 2654 dett.
1121 2627 1146 2662 4
1174 2615 1277 2664 spir.
1300 2627 1359 2654 sa.
1382 2614 1424 2652 A
1556 2626 1580 2664 5
1609 2614 1708 2664 spir.
1731 2627 1791 2652 sa.
1819 2615 1860 2651 A
1882 2628 1891 2652 ε

141 2674 183 2707 et
203 2681 266 2718 sp.
289 2681 348 2708 sa.
368 2667 409 2706 B
560 2671 586 2707 6
615 2669 835 2708 simbolum
862 2667 899 2706 T
1022 2673 1155 2707 totam
1181 2668 1216 2707 C
1367 2682 1388 2718 7
1420 2668 1493 2709 lat.
1513 2669 1619 2708 conf.
1640 2669 1681 2706 in
1702 2668 1803 2708 eccl.
1827 2681 1889 2717 pr.

140 2722 262 2761 BCD
297 2722 440 2763 Trz'n.:
475 2723 545 2763 lat.
577 2724 752 2762 ecclesia
782 2724 927 2773 praed.
960 2729 1001 2762 et
1032 2723 1263 2762 confitetur
1290 2722 1357 2763 K:
1398 2724 1469 2762 lat.
1500 2723 1716 2762 confessio
1746 2724 1890 2772 praed.

139 2775 239 2814 ΑΗ
254 2791 263 2816 :
293 2778 361 2816 lat.
382 2778 423 2816 in
445 2778 618 2828 eglesiis
639 2778 855 2828 praedicat
884 2777 922 2817 T
1080 2777 1195 2817 Tert.
1217 2782 1357 2816 autem
1379 2778 1459 2817 sin.
1482 2777 1524 2815 B
1705 2791 1732 2827 9
1761 2776 1890 2827 quae]

140 2844 263 2881 quem
293 2831 330 2870 T
557 2834 662 2871 duas
682 2845 887 2883 personas
909 2861 919 2871 .
947 2863 955 2872 .
977 2862 987 2872 .
1011 2833 1256 2883 provenerit
1275 2832 1318 2871 in
1339 2833 1467 2871 alium
1489 2832 1606 2883 (xvii.
1634 2832 1701 2883 19)
1723 2844 1805 2870 om.
1828 2830 1887 2868 Dl

144 2898 187 2923 11
220 2887 288 2925 du.
307 2886 401 2938 na.]
422 2888 525 2926 duas
546 2893 716 2926 naturas
735 2886 822 2925 BT
906 2887 1029 2927 Dom.
1053 2900 1124 2926 no.
1150 2887 1211 2926 Ie.
1233 2887 1334 2926 Chr.
1356 2886 1421 2927 B:
1452 2886 1611 2926 domini
1631 2887 1722 2925 iesu
1744 2885 1887 2924 christi

145 2938 244 2979 CT:
274 2941 431 2980 domiui
454 2943 586 2981 nostri
606 2943 647 2980 A
669 2957 678 2981 :
709 2941 776 2980 dei
795 2942 943 2981 christi
963 2940 1009 2979 K
1154 2954 1203 2991 13
1234 2941 1488 2980 maximiano
1504 2940 1551 2978 K
1711 2939 1823 2978 abita
1841 2953 1889 2978 ex

142 2994 238 3033 abta
257 2994 408 3044 T(no}z
431 2996 488 3043 V)
606 3009 654 3046 14
674 2996 902 3035 euthicium
921 2997 989 3047 (ex
1002 2996 1113 3046 eth-)
1132 2994 1177 3033 K
1288 3008 1334 3045 17
1355 2995 1654 3035 condemnavit
1671 2993 1718 3031 K
1736 3009 1744 3034 ε
1766 3007 1887 3045 prae-

142 3049 354 3089 damnavit
369 3049 449 3088 BC
453 3049 490 3088 T
598 3052 646 3089 18
675 3051 875 3101 pedicans
896 3049 933 3088 T
1012 3050 1187 3090 sinodus
1207 3051 1355 3090 eadem
1370 3049 1416 3088 K
1498 3048 1745 3101 Dominum]
1761 3049 1886 3088 deum

142 3101 230 3141 BT
415 3117 464 3154 19
492 3110 537 3143 ut
561 3105 604 3144 in
625 3119 718 3153 eum
744 3105 802 3144 C:
833 3111 875 3144 et
894 3105 936 3144 in
958 3118 1053 3144 eum
1074 3104 1130 3143 B¹
1151 3116 1162 3144 :
1190 3103 1234 3144 in
1256 3117 1349 3144 curn
1378 3103 1416 3142 T
1575 3103 1827 3143 confitemur
1846 3102 1893 3141 K

143 3170 190 3196 21
224 3158 467 3197 doctissime
487 3158 534 3196 K
553 3160 655 3211 (non
675 3160 716 3198 Α
726 3160 740 3210 )
930 3173 982 3198 22
1012 3159 1102 3210 ist.]
1124 3166 1313 3199 ortorum
1340 3157 1378 3197 T
1555 3171 1606 3208 23
1635 3158 1823 3198 omnium
1846 3156 1892 3196 K

143 3225 194 3262 25
226 3212 457 3252 Concilium
479 3212 525 3251 K
686 3217 738 3253 26
769 3227 848 3264 quo
870 3227 951 3254 om.
981 3213 1134 3264 Tgnon
1157 3213 1208 3266 V>
