2176 3424
397 139 1026 187 ETYMOLOGIARVM
1067 139 1195 186 LIB.
1234 139 1341 185 XV.
1381 136 1475 197 xiii,
1504 136 1582 186 xiv

114 278 187 316 est
215 284 406 331 semper
432 267 619 315 uvidus.
695 268 825 314 Nam
851 266 1084 314 humidus
1101 266 1278 314 dicitur
1303 268 1385 329 qui
1410 266 1679 329 aliquando
1705 266 1851 315 sicca—

113 357 200 397 tur.
278 348 422 412 Vligo
449 349 581 397 enim
615 349 792 396 humor
824 356 977 396 terrae
1010 356 1083 396 est
1120 347 1364 407 naturalis,
1391 347 1456 395 ab
1490 364 1548 395 ea
1576 364 1848 410 numquam

111 431 359 479 recedens.
433 430 698 478 Subseciva
724 438 837 477 sunt
861 428 1055 492 proprie
1081 445 1207 492 quae
1241 438 1376 478 sutor
1400 431 1464 478 de
1490 429 1692 478 materia
1716 447 1848 493 prae-
1871 446 1926 495 15

111 511 281 561 cidens
307 512 445 575 quasi
472 528 772 575 supervacua
796 512 960 560 abicit.
1022 513 1150 560 Inde
1175 520 1223 560 et
1249 510 1508 570 subsiciva,
1534 510 1634 574 agri
1654 528 1779 574 quos
1797 511 1847 560 in

63 616 85 656 5
107 594 288 658 pertica
313 593 495 642 divisos
521 603 748 642 recusant
772 592 911 656 quasi
945 592 1129 641 steriles
1155 595 1231 642 vel
1255 594 1507 656 palustres
1584 595 1712 641 Item
1738 594 1847 642 sub-

107 675 267 724 seciva
305 692 432 738 quae
469 675 520 723 in
558 674 770 724 divisura
807 673 907 737 agri.
946 691 1048 722 non
1090 674 1308 723 efficiunt
1347 674 1633 736 centuriam,
1675 674 1726 723 id
1774 685 1847 724 est

107 757 271 820 iugera
295 759 520 806 ducenta.
593 760 723 805 Area
747 756 924 804 dicitur
943 756 1219 805 tabularum
1239 755 1522 818 aequalitas,
1596 756 1744 805 Dicta
1768 774 1848 805 au·
1871 761 1930 807 16

106 848 205 887 tem
232 856 342 888 area
367 857 394 888 a
419 839 620 901 planitie
644 848 792 901 atque
817 838 1111 901 aequalitate
1130 857 1142 900 3
1179 840 1313 887 unde
1332 847 1380 887 et
1396 855 1491 886 ara.
1564 838 1662 887 Alii
1681 856 1845 888 aream

104 931 327 970 vocatam
355 921 526 970 dicunt
551 923 686 984 quod
711 937 800 983 pro
819 921 1099 970 triturandis
1119 920 1338 984 frugibus
1358 921 1595 980 eradatur,
1614 923 1689 970 vel
1710 923 1846 984 quod

36 1027 85 1056 10
106 1019 207 1050 non
236 1005 517 1051 triturentur
542 1002 591 1050 in
630 1020 686 1051 ea
722 1001 815 1051 nisi
844 1002 993 1051 arida.
1067 1005 1267 1050 Pratum
1298 1011 1370 1051 est
1403 1002 1540 1051 cuius
1574 1002 1673 1051 feni
1703 1003 1846 1067 copia
1870 1019 1924 1068 17

104 1094 325 1133 armenta
351 1094 561 1145 tuentur,
590 1084 670 1133 cui
695 1093 881 1134 veteres
908 1085 1125 1133 Romani
1151 1101 1336 1134 nomen
1371 1084 1657 1134 indiderunt
1686 1086 1749 1134 ab
1787 1102 1846 1135 eo

104 1169 239 1229 quod
264 1168 485 1230 protinus
511 1166 571 1215 sit
596 1175 833 1230 paratum,
860 1184 953 1216 nec
979 1184 1213 1230 magnum
1233 1167 1453 1216 laborem
1479 1169 1697 1216 culturae
1722 1167 1846 1216 desi-

103 1250 255 1298 deret.
327 1251 469 1297 Prata
493 1257 659 1297 autem
685 1264 794 1298 esse
818 1266 944 1312 quae
971 1249 1123 1298 secari
1148 1259 1370 1312 possunt.
1444 1251 1656 1298 Paludes
1681 1248 1842 1297 dictae
1872 1252 1927 1299 18

100 1346 128 1378 a
159 1332 275 1379 Pale
322 1330 552 1393 pastorali
600 1332 707 1390 dea,
741 1333 876 1394 quod
926 1332 1131 1394 paleam,
1171 1330 1221 1380 id
1270 1341 1343 1380 est
1391 1332 1585 1394 pabula,
1625 1333 1842 1382 nutriant

29 1435 76 1475 15
100 1414 447 1462 iumentorum.

237 1497 321 1542 DE
360 1510 562 1542 F1N113vs
599 1509 874 1544 AGRORVM.
958 1495 1104 1544 Fines
1138 1495 1257 1544 dicti
1284 1512 1344 1544 eo
1370 1498 1506 1558 quod
1530 1496 1631 1559 agri
1657 1496 1843 1545 funicu-
1866 1508 1970 1548 XIV

99 1577 155 1626 lis
182 1577 278 1626 sint
302 1576 458 1625 divisi.
533 1579 878 1626 Mensurarum
905 1577 1036 1626 enim
1063 1577 1220 1626 lineae
1247 1579 1296 1625 in
1321 1586 1555 1626 terrarum
1582 1578 1842 1641 partitione

99 1661 367 1708 tenduntur
393 1669 445 1707 ut
471 1658 794 1707 dimensionis
827 1660 1096 1722 aequalitas
1131 1669 1366 1709 teneatur.
1443 1659 1647 1708 Limites
1680 1659 1842 1721 appel—
1866 1672 1896 1705 2

97 1741 180 1790 lati
204 1741 408 1803 antqiuo
434 1740 584 1789 verbo
610 1743 882 1802 transversi,
906 1758 1019 1790 nam
1046 1750 1318 1790 transversa
1338 1742 1504 1790 omnia
1520 1740 1709 1804 antiqui
1725 1739 1841 1788 lima

13 1841 75 1868 .20
98 1822 364 1881 dicebant3
399 1840 427 1870 a
465 1839 564 1884 quo
601 1832 648 1871 et
686 1822 855 1871 limina
893 1822 1144 1884 ostiorum,
1172 1841 1257 1886 per
1294 1841 1420 1886 quae
1451 1823 1564 1872 foris
1598 1825 1674 1872 vel
1708 1822 1838 1870 intus

96 1903 202 1963 itur,
230 1913 278 1952 et
320 1903 512 1963 limites,
541 1906 678 1968 quod
719 1921 804 1968 per
843 1921 927 1954 eos
970 1904 1019 1952 in
1058 1922 1198 1968 agros
1241 1907 1356 1953 foris
1393 1915 1542 1955 eatur.
1618 1904 1756 1952 Hinc
1789 1913 1836 1953 et

94 1985 238 2034 limus
281 1987 578 2034 vocabulum
620 1989 823 2049 accepit,
857 1986 1107 2049 cingulum
1147 2004 1247 2050 quo
1287 1987 1410 2036 servi
1452 1987 1637 2050 publici
1676 1986 1836 2050 cinge-

93 2069 271 2116 bantur
297 2068 499 2131 obliqua
523 2085 748 2131 purpura.
822 2069 1044 2117 Termini
1070 2069 1188 2118 dicti
1227 2071 1363 2132 quod
1396 2078 1549 2118 terrae
1583 2086 1835 2118 mensuras
1859 2078 1890 2123 3

93 2149 400 2212 distinguunt
424 2159 572 2213 atque
607 2152 871 2199 declarant.
947 2150 1043 2199 His
1074 2151 1206 2200 enim
1244 2150 1527 2200 testimonia
1561 2151 1734 2200 finium
1769 2151 1835 2199 in-

5 2251 67 2291 ²25
93 2233 400 2294 telleguntur,
423 2242 470 2280 et
498 2249 724 2295 agrorum
750 2232 959 2281 intentio
985 2242 1032 2282 et
1058 2243 1307 2282 certamen
1326 2235 1554 2282 aufertur.
1631 2232 1835 2282 Limites
1856 2253 1889 2300 4

93 2313 290 2361 maximi
315 2313 364 2361 in
390 2313 514 2377 agris
540 2316 641 2362 duo
667 2323 808 2363 sunt:
846 2315 996 2363 cardo
1022 2323 1070 2363 et
1095 2316 1415 2364 decumanus
1489 2315 1669 2374 Cardo,
1697 2315 1781 2377 qui
1806 2332 1833 2365 a

145 2456 161 2481 1
194 2443 363 2494 uvidus]
387 2443 552 2481 umidus
576 2442 610 2481 C
754 2457 778 2481 2
808 2449 872 2482 est
893 2457 975 2484 om.
999 2443 1043 2480 K
1190 2456 1215 2493 3
1246 2444 1464 2484 Subsiciva
1482 2444 1602 2483 BCK
1724 2459 1832 2495 quae

0 2493 10 2555 ξ
88 2497 245 2536 divisor
265 2511 404 2548 praec.
427 2497 491 2538 K:
524 2511 632 2547 quae
652 2510 712 2536 su.
738 2499 790 2537 de
812 2498 943 2536 maria
965 2511 1099 2548 praee.
1124 2498 1165 2535 Β
1312 2514 1335 2548 4
1366 2500 1478 2538 unde
1504 2499 1539 2538 C
1555 2500 1698 2551 (etiam
1727 2499 1779 2537 T1
1797 2504 1828 2540 35

0 2550 34 2598 Η
87 2551 213 2604 quos]
234 2565 315 2601 que
337 2551 382 2590 K
400 2553 443 2604 (i.
454 2567 483 2592 e.
509 2552 634 2603 quae)
864 2564 888 2602 5
919 2554 1120 2592 divitores
1141 2567 1223 2593 rec.
1248 2553 1293 2591 K
1481 2554 1691 2594 subsiciva
1711 2554 1835 2594 BCK

85 2609 112 2645 6
141 2612 313 2645 centura
334 2606 399 2646 K:
432 2608 643 2646 contraria
664 2607 704 2645 Β
843 2609 868 2646 8
896 2614 1022 2657 atque
1043 2621 1124 2648 om.
1147 2607 1193 2646 K
1327 2622 1353 2658 9
1382 2623 1471 2649 voe.
1493 2609 1597 2661 dic.]
1615 2615 1769 2648 vocant
1790 2609 1835 2647 K

87 2663 198 2711 quod
222 2659 321 2700 CT:
351 2662 448 2711 quia
469 2661 557 2699 ΒΚ
700 2664 929 2702 eradantur
949 2662 995 2700 K
1144 2669 1215 2702 aut
1237 2663 1331 2713 quia
1352 2663 1398 2701 K
1581 2677 1628 2703 12
1658 2670 1830 2714 paratus

86 2714 166 2755 BC
292 2716 405 2755 cultu
429 2716 637 2755 resideret
665 2715 702 2754 T
855 2731 903 2767 13
934 2718 1117 2756 Padules
1138 2716 1179 2754 Β
1334 2732 1380 2766 14
1411 2732 1434 2756 a
1455 2732 1535 2758 om.
1568 2718 1606 2757 T
1719 2727 1827 2769 past.

85 2783 109 2808 a
129 2784 209 2820 quo
228 2771 314 2820 pal.
343 2769 380 2808 T
565 2776 736 2822 pastore
760 2772 808 2811 C¹
1017 2772 1116 2824 dea]
1139 2773 1191 2812 de
1212 2786 1263 2811 ea
1283 2772 1386 2810 ΒΚ2
1579 2773 1770 2812 nutriunt
1797 2774 1826 2812 J

90 2827 138 2863 16
167 2838 217 2864 eo
236 2838 318 2865 om.
344 2825 389 2862 K
500 2838 600 2874 agra
620 2825 707 2864 BT
858 2839 903 2876 17
935 2827 1068 2866 divisa
1088 2827 1129 2865 Β
1257 2827 1450 2877 partione
1471 2827 1538 2869 K:
1571 2829 1766 2878 portione
1794 2829 1832 2867 T

90 2880 139 2918 18
168 2880 457 2919 demensionis
480 2879 560 2918 CK
666 2881 828 2930 equitas
848 2880 937 2919 BT
1085 2895 1134 2931 19
1163 2881 1282 2933 lima]
1302 2882 1447 2921 limina
1467 2882 1513 2920 K
1668 2895 1720 2921 20
1750 2896 1827 2932 per

85 2946 190 2983 quas
207 2933 296 2972 ΒΚ
312 2949 321 2974 :
350 2947 428 2984 per
447 2948 553 2985 quos
577 2933 652 2972 CT
795 2949 842 2974 21
875 2937 988 2986 quod
1009 2950 1093 2976 om.
1123 2935 1160 2974 T
1302 2936 1344 2975 in
1366 2951 1449 2977 om.
1473 2937 1518 2974 K
1664 2950 1768 2987 agro
1795 2937 1832 2975 T

85 2987 183 3028 hinc
203 3019 213 3029 .
239 3020 248 3029 .
271 3019 283 3030 .
306 2989 468 3039 accepit
487 3003 569 3028 om.
598 2987 636 3026 T
901 3004 953 3029 22
982 2990 1126 3043 limus]
1158 3003 1278 3030 mens
1298 2990 1383 3029 ΚΟ
1602 2991 1767 3042 publice
1794 2991 1832 3031 T

85 3054 135 3092 24
166 3043 431 3093 distinguant
448 3042 493 3080 K
653 3055 704 3093 25
735 3046 952 3084 contentio
975 3045 1011 3084 C
1197 3048 1250 3084 26
1278 3047 1461 3085 maxime
1482 3045 1527 3083 K
1653 3060 1737 3088 car.
1759 3053 1823 3086 est

82 3097 153 3145 qui
180 3096 218 3135 T
320 3099 382 3136 vel
398 3099 494 3147 quia
516 3113 524 3136 :
554 3099 652 3147 quia
673 3112 696 3137 a
716 3098 788 3138 K:
818 3100 886 3148 qui
909 3100 943 3138 C
