2228 3444
1107 176 1381 225 ISIDORI

359 303 587 353 larvatici.
648 307 763 368 Ipse
789 313 861 354 est
887 314 935 353 et
962 304 1163 353 morbus
1184 303 1459 364 comitialis,
1482 304 1533 354 id
1558 315 1632 355 est
1658 308 1812 356 maior
1832 314 1880 355 et
1900 305 2109 364 divinus,

359 403 460 449 quo
486 386 662 436 caduci
687 396 930 436 tenentur.
988 386 1085 437 Cui
1105 396 1240 436 tanta
1259 388 1331 436 vis
1359 396 1431 436 est
1451 397 1504 436 ut
1523 390 1676 437 homo
1695 391 1863 438 valens
1883 390 2114 438 concidat

305 482 333 531 7
359 478 668 533 spumetque.
743 469 1019 519 Comitialis
1045 478 1212 519 autem
1238 471 1412 530 dictus,
1441 472 1578 533 quod
1603 472 1736 533 apud
1768 470 1973 535 gentiles
1999 487 2112 519 cum

359 551 673 600 comitiorum
690 551 771 601 die
791 551 1022 615 cuiquam
1043 551 1317 612 accidisset,
1339 551 1540 601 comitia
1555 552 1944 602 dimittebantur.
1996 554 2113 600 Erat

359 642 526 682 autem
563 636 697 697 apud
736 636 992 683 Romanos
1034 633 1347 683 comitiorum
1385 635 1490 684 dies
1530 634 1764 684 sollennis
1802 634 1853 682 in
1889 635 2113 684 kalendis
2139 646 2160 686 5

308 722 337 768 8
362 712 591 761 Ianuarii.
651 714 822 762 Mania
841 712 904 762 ab
925 712 1116 762 insania
1134 714 1210 762 vel
1235 714 1396 762 furore
1416 722 1603 762 vocata.
1659 715 1790 762 Nam
1810 715 2113 763 Graecorum

359 804 574 844 vetustas
608 797 823 845 furorem
856 798 1052 860 μανικήν
1081 795 1411 859 appellabant,
1442 797 1542 845 sive
1574 796 1638 844 ab
1664 795 1935 858 iniquitate,
1964 812 2112 859 quam

359 877 537 926 Graeci
573 877 815 931 †manie†
842 886 1154 936 vocaverunt,
1191 879 1291 926 sive
1327 895 1356 925 a
1392 876 1708 938 divinatione,
1744 879 1860 940 quia
1895 878 2114 926 divinare

300 970 335 1018 9
360 961 549 1008 Graece
597 963 756 1023 μανεῖν
795 962 986 1009 dicitur.
1063 959 1402 1008 Melancholia
1450 959 1582 1009 dicta
1621 969 1693 1008 est
1734 977 1763 1008 a
1805 959 1944 1023 nigro
1986 961 2111 1008 felle.

359 1037 537 1087 Graeci
574 1038 706 1087 enim
742 1038 934 1102 nigrum
972 1040 1123 1102 μέλαν
1146 1048 1339 1098 vocant,
1374 1040 1438 1087 fel
1474 1048 1639 1087 autem
1672 1039 1823 1103 χολὴν
1847 1038 2111 1101 appellant.
2142 1055 2190 1083 10

362 1119 632 1182 Epilemsia
674 1130 838 1169 autem
883 1120 932 1169 in
982 1120 1242 1184 phantasia
1283 1122 1337 1168 fit
1356 1139 1368 1180 3
1422 1120 1750 1169 melancholia
1796 1119 1847 1167 in
1895 1118 2083 1168 ratione
2102 1137 2114 1180 3

279 1219 337 1254 10
362 1202 524 1251 mania
549 1202 599 1251 in
626 1203 876 1251 memoria.
950 1202 1079 1266 Typi
1106 1211 1219 1252 sunt
1245 1201 1448 1266 frigidae
1477 1202 1650 1262 febres,
1681 1201 1764 1266 qui
1797 1201 2000 1251 abusive
2026 1200 2114 1264 tipi

358 1286 668 1348 appellantur
687 1285 750 1333 ab
770 1285 923 1333 herba
944 1302 1070 1348 quae
1091 1284 1140 1332 in
1160 1301 1289 1348 aqua
1308 1286 1536 1333 nascitur.
1595 1284 1771 1333 Latine
1792 1286 1948 1332 forma
1966 1292 2116 1346 atque

358 1374 512 1415 status
532 1366 725 1416 dicitur.
783 1369 872 1416 Est
898 1368 1031 1416 enim
1057 1368 1408 1420 accessionumv
1422 1369 1498 1416 vel
1518 1366 1852 1416 recessionum
1873 1367 2113 1415 revolutio

291 1471 335 1503 11
356 1466 442 1513 per
460 1458 640 1498 statuta
660 1458 940 1512 temporum
960 1448 1227 1498 intervalla.
1288 1451 1485 1497 Reuma
1503 1450 1705 1509 Graece,
1726 1447 1902 1497 Latine
1922 1447 2113 1511 eruptio
2142 1466 2185 1506 15

358 1531 459 1580 sive
476 1533 601 1580 fluor
620 1533 905 1595 appellatur.
951 1531 1217 1581 Catarrhus
1235 1539 1309 1580 est
1326 1532 1450 1579 fluor
1466 1547 1664 1580 reumae
1680 1530 1804 1594 iugis
1821 1547 1879 1579 ex
1896 1529 2110 1588 naribus,

360 1631 488 1676 quae
505 1615 625 1662 dum
646 1615 710 1662 ad
727 1615 895 1662 fauces
916 1613 1116 1674 venerit,
1135 1615 1352 1680 βράγχος
1366 1622 1569 1662 vocatur
1587 1631 1600 1674 3
1635 1614 1755 1662 dum
1776 1614 1839 1661 ad
1860 1613 2111 1661 thoracem

283 1709 336 1744 12
361 1697 437 1744 vel
479 1697 783 1759 pulmonem,
824 1697 991 1747 πτύσις
1033 1694 1224 1744 dicitur.
1313 1695 1502 1757 Coryza
1551 1705 1623 1744 est
1660 1693 1889 1758 quotiens
1932 1693 2114 1742 infusio

360 1777 533 1841 capitis
571 1779 622 1826 in
659 1795 770 1827 ossa
807 1777 993 1827 venerit
1030 1779 1236 1838 narium,
1270 1786 1318 1826 et
1355 1776 1756 1840 provocationem
1794 1774 1961 1825 fecerit
1998 1791 2111 1824 cum

283 1870 337 1916 13
362 1859 746 1919 sternutatione;
784 1862 919 1909 unde
953 1870 1001 1909 et
1035 1877 1205 1923 coryza
1244 1876 1427 1908 nomen
1464 1858 1670 1922 accepit.
1745 1859 1998 1906 Branchos
2039 1866 2112 1906 est
2139 1877 2188 1905 20

361 1943 661 2005 praefocatio
703 1943 919 1990 faucium
962 1959 991 1990 a
1029 1940 1205 2004 frigido
1247 1943 1468 1989 humore.
1543 1939 1719 1989 Graeci
1767 1939 1899 1989 enim
1947 1948 2112 2002 guttur

357 2026 572 2090 βράγχος
613 2025 798 2084 dicunt,
840 2023 968 2072 circa
1011 2040 1161 2087 quem
1204 2025 1369 2072 fauces
1409 2032 1536 2083 sunt,
1577 2039 1698 2085 quas
1747 2038 1838 2071 nos
1887 2031 2114 2084 corrupte

281 2119 335 2166 14
358 2106 583 2155 brancias
604 2105 829 2155 dicimus.
883 2107 1124 2154 Raucedo
1144 2107 1417 2169 amputatio
1438 2105 1584 2153 vocis.
1638 2107 1781 2153 Haec
1801 2113 1850 2152 et
1869 2103 2110 2152 arteriasis

358 2199 572 2248 vocatur,
596 2204 656 2237 eo
676 2190 814 2251 quod
834 2205 1008 2237 vocem
1028 2205 1226 2236 raucam
1247 2197 1295 2236 et
1314 2190 1531 2237 clausam
1551 2188 1726 2236 reddat
1744 2186 1808 2234 ab
1827 2185 2109 2235 arteriarum

358 2270 546 2319 iniuria.
603 2269 877 2334 Suspirium
903 2286 1088 2318 nomen
1114 2270 1336 2332 sumpsit,
1359 2269 1474 2332 quia
1498 2267 1830 2332 inspirationis
1850 2267 2110 2317 difficultas
2137 2286 2183 2326 ²5

283 2360 337 2409 15
359 2362 446 2413 est,
469 2369 618 2416 quam
639 2352 817 2401 Graeci
842 2353 1095 2402 δύσπνοιαν
1114 2353 1299 2411 dicunt,
1323 2350 1374 2399 id
1398 2359 1470 2399 est
1497 2349 1928 2414 praefocationem.
1985 2350 2112 2398 Peri-

358 2434 645 2498 pleumonia
673 2452 702 2483 a
726 2434 1048 2499 pulmonibus
1080 2450 1266 2482 nomen
1297 2432 1502 2496 accepit.
1576 2434 1666 2481 Est
1698 2431 1831 2481 enirn
1863 2432 2111 2495 pulmonis

277 2520 336 2568 16
360 2526 525 2567 tumor
559 2534 674 2566 cum
712 2534 998 2581 spumarum
1036 2517 1415 2580 sanguinearum
1451 2513 1703 2565 effusione.
1778 2512 2111 2577 Haemoptois

420 2661 437 2687 1
469 2649 674 2688 barbatici
700 2648 794 2699 ipse
826 2647 1202 2698 Clzlarvaticipse
1223 2644 1292 2684 K:
1325 2645 1501 2685 larvatio
1528 2645 1621 2696 ipse
1643 2645 1705 2684 B:
1739 2644 1929 2683 barbatio
1958 2643 2051 2694 ipse
2079 2642 2115 2681 T

362 2703 474 2743 idem
497 2704 621 2743 Arev.
717 2702 903 2742 diutinus
927 2702 1002 2741 CT
1109 2715 1133 2740 2
1164 2701 1276 2752 quod
1304 2700 1341 2738 T
1445 2713 1471 2750 3
1501 2701 1655 2739 dicitur
1679 2698 1715 2738 C
1819 2713 1844 2748 4
1872 2699 2110 2747 accedisset

361 2758 471 2799 codd.
566 2770 590 2807 5
612 2758 832 2797 comitialis
846 2756 892 2794 K
982 2769 1032 2795 111
1049 2757 1143 2796 Kal.
1156 2756 1198 2794 A
1205 2769 1282 2795 rev.
1378 2756 1405 2792 6
1424 2754 1540 2805 greci
1555 2754 1602 2792 K
1703 2767 1724 2803 7
1745 2752 2107 2803 μαντικὴνΑνευ.;

361 2814 504 2862 μανίαν
527 2814 622 2852 Otto
645 2815 759 2864 (cum
783 2811 888 2851 Cael.
910 2811 1139 2851 Aureliani
1154 2810 1264 2863 edd.)
1403 2810 1623 2859 appellant
1643 2807 1689 2846 K
1828 2809 1880 2847 ab
1902 2807 2110 2847 inanitate

360 2870 485 2909 Arev.
600 2882 627 2918 9
657 2881 712 2906 an
733 2866 863 2919 μανὴν
880 2869 999 2907 voc.3
1114 2878 1160 2905 11
1193 2864 1448 2903 inrationale
1469 2864 1506 2903 T
1615 2876 1663 2902 12
1694 2876 1774 2904 ma.
1790 2863 1832 2902 in
1853 2875 1934 2902 me.
1951 2875 2035 2902 om.
2058 2862 2109 2900 Tl

361 2924 474 2975 Typi
499 2923 551 2965 C:
582 2923 677 2973 Tipi
697 2921 785 2961 ΒΚ
792 2922 828 2960 T
965 2935 1012 2972 13
1043 2921 1368 2972 appellabantur
1387 2918 1468 2958 BC
1571 2918 1707 2958 forme
1734 2917 1771 2956 T
1897 2918 1946 2955 18
1974 2915 2110 2956 πτύσις

361 2979 507 3018 Areu:
528 2979 620 3018 tisis
636 2977 747 3017 codd.
763 2977 844 3027 (tle.
862 2975 1011 3027 φθίσις)
1073 2989 1122 3026 19
1142 2974 1502 3026 praefocationem
1517 2973 1610 3013 dett.
1627 2974 1728 3024 (non
1738 2971 1849 3024 DH)
1906 2984 1955 3010 21
1975 2971 2109 3022 enim]

361 3040 501 3072 autem
530 3034 567 3072 T
743 3045 796 3070 22
825 3045 905 3082 qua
925 3044 1004 3070 nos
1033 3031 1069 3069 T
1241 3043 1294 3079 23
1324 3030 1479 3069 dicitur
1502 3028 1552 3068 C1
1661 3041 1728 3067 vo.
1755 3033 1821 3067 est
1839 3027 1948 3066 hanc
1969 3032 2012 3066 et
2038 3026 2116 3065 TV

361 3101 413 3137 24
435 3089 486 3127 ab
507 3094 586 3128 art.
605 3087 674 3127 ini.
692 3101 775 3126 om.
801 3086 838 3125 T
915 3098 967 3136 25
988 3084 1232 3137 spirationis
1253 3084 1290 3123 T
1367 3087 1419 3124 26
1440 3084 1614 3123 disnoan
1639 3081 1787 3134 <-am2)
1815 3081 1869 3121 T:
1891 3081 2106 3121 dissonam

365 3142 461 3181 C1K
479 3142 553 3193 (Β1
576 3156 614 3182 n.
630 3143 678 3194 l.)
697 3158 704 3182 :
737 3141 897 3182 disnam
919 3141 1048 3180 Bern.
1076 3153 1155 3189 224
1265 3145 1419 3179 vocant
1439 3137 1486 3176 K
1647 3150 1696 3187 27
1726 3137 1837 3176 enim
1859 3149 1944 3175 om.
1969 3135 2015 3174 C¹
