2228 3444
1106 163 1381 211 ISIDORI

351 284 401 330 in
429 282 642 333 Catilina
676 284 741 349 (1,
766 284 847 348 2):
891 284 1022 333 ‘Hic
1053 295 1219 334 tamen
1254 286 1383 347 vivit,
1421 287 1574 338 immo
1612 288 1759 338 etiam
1797 290 1845 338 in
1882 301 2106 341 senatum

350 364 515 414 venit!
599 365 902 415 Sententiale
939 376 1026 427 est,
1067 370 1203 430 quod
1242 369 1488 418 sententia
1522 370 1762 433 generalis
1798 373 2015 433 adducit,
2054 384 2107 424 ut

350 449 486 510 apud
512 447 804 497 Terentium
832 447 1010 510 (Andr.
1032 448 1116 514 68)
1141 468 1149 497 :

554 530 868 593 Obsequium
905 530 1106 590 amicos,
1143 530 1318 580 veritas
1356 531 1529 581 odium
1565 534 1703 597 parit.

271 624 326 658 12
353 611 696 674 Exemplabile
721 621 807 672 est,
845 615 982 675 quod
1011 613 1218 662 alicuius
1252 615 1463 677 exempli
1497 617 1849 679 conparatione
1874 629 2104 669 eventum
2131 643 2151 681 5

350 692 509 741 simile
533 695 861 754 comminatur,
880 694 1005 743 sicut
1033 695 1209 745 Cicero
1230 695 1279 743 in
1302 696 1590 760 Philippicis
1612 697 1678 761 (2,
1704 699 1749 764 1)
1771 719 1779 748 :
1823 703 1923 750 ‘Te
1943 702 2103 763 miror,

349 775 552 835 Antoni,
594 793 806 839 quorum
839 779 1064 841 exempla
1102 778 1320 836 imitaris,
1351 795 1522 827 eorum
1555 780 1710 829 exitus
1749 798 1851 830 non
1884 785 2108 846 pertime-

268 874 322 920 13
348 861 512 907 scere.'
584 859 914 909 Collectivum
945 870 1031 921 est,
1060 877 1174 909 cum
1211 860 1263 908 in
1288 878 1443 910 unum
1470 879 1597 925 quae
1628 874 1968 927 argumentata
1993 877 2107 916 sunt

346 940 657 1004 colliguntur,
686 941 811 990 sicut
828 942 894 991 ait
915 942 1090 992 Cicero
1108 959 1196 1005 pro
1216 944 1409 992 Milone
1428 943 1537 1009 (41)
1559 964 1567 993 ι
1610 948 1620 970 ‘
1639 948 1802 1008 Quem
1821 946 1966 1011 igitur
1989 966 2103 997 curn

344 1022 497 1086 gratia
522 1023 692 1083 noluit,
718 1026 850 1072 hunc
870 1024 1024 1073 voluit
1048 1041 1162 1072 cum
1187 1024 1465 1088 aliquorum
1492 1029 1722 1089 querella.
1793 1031 1958 1090 Quem
1985 1030 2102 1091 iure,
2131 1049 2180 1078 10

345 1121 493 1167 quem
521 1106 645 1165 loco,
676 1123 825 1168 quem
851 1115 1075 1169 tempore
1100 1123 1203 1156 non
1228 1116 1301 1156 est
1325 1124 1474 1156 ausus
1497 1127 1505 1156 :
1560 1110 1695 1158 hunc
1727 1109 1914 1170 iniuria,
1940 1112 2104 1162 alieno

264 1205 320 1252 14
345 1194 583 1249 ternpore,
598 1204 710 1235 cum
729 1188 947 1252 periculo
965 1188 1139 1251 capitis
1159 1206 1262 1237 non
1279 1189 1523 1238 dubitavit
1540 1190 1797 1241 occidere?
1846 1196 2104 1244 Praeterea

345 1270 621 1318 secundum
642 1270 954 1319 Victorinum
984 1271 1365 1335 enthymematis
1392 1281 1464 1320 est
1490 1274 1640 1321 altera
1665 1273 1889 1323 definitio
1915 1292 1973 1324 ex
1999 1278 2102 1325 sola

343 1350 695 1414 propositione,
716 1352 840 1401 sicut
858 1353 954 1401 iam
976 1353 1164 1401 dictum
1186 1363 1272 1413 est,
1293 1369 1420 1416 quae
1437 1353 1504 1402 ita
1520 1364 1734 1403 constat:
1764 1356 1813 1404 Si
1834 1365 2100 1421 tempestas

264 1452 320 1502 15
342 1432 544 1482 vitanda
564 1443 653 1494 est,
670 1451 772 1483 non
792 1444 866 1483 est
885 1434 1131 1497 navigatio
1148 1434 1456 1498 requirenda.
1521 1439 1593 1484 Ex
1611 1439 1715 1486 sola
1733 1439 2097 1502 adsumptione,
2129 1455 2172 1496 ¹5

344 1525 397 1564 ut
417 1525 491 1564 θεῖ
510 1516 660 1565 illud:
700 1516 751 1566 Si
771 1516 1000 1566 inimicus
1027 1526 1114 1578 est,
1135 1517 1318 1566 occidit
1338 1536 1350 1578 ;
1386 1518 1613 1567 inimicus
1640 1529 1805 1568 autem
1827 1517 1961 1587 [est]
2037 1524 2100 1570 Et

261 1602 319 1649 16
344 1599 460 1660 quia
486 1598 554 1646 illi
581 1600 719 1647 deest
746 1598 1017 1658 conclusio,
1037 1601 1355 1662 enthymema
1379 1610 1593 1650 vocatur.
1669 1601 1900 1665 Sequitur
1919 1601 2101 1665 epichi-

342 1697 489 1739 rema,
514 1681 825 1730 descendens
851 1683 915 1730 de
940 1680 1316 1730 ratiocinatione
1335 1682 1475 1731 latior
1500 1692 1548 1732 et
1573 1683 1821 1733 executior
1845 1684 2098 1733 rhetoricis

343 1762 649 1826 syllogismis,
669 1763 931 1812 latitudine
952 1763 1140 1812 distans
1158 1774 1206 1812 et
1227 1764 1556 1827 productione
1576 1765 1815 1815 sermonis
1836 1783 1865 1814 a
1883 1766 2097 1815 dialecti-

339 1843 408 1892 cis
430 1844 735 1908 syllogismis,
758 1854 959 1908 propter
985 1847 1122 1907 quod
1148 1845 1426 1894 rhetoribus
1446 1847 1602 1895 datur.
1669 1847 1770 1896 Hic
1790 1857 1957 1897 autem
1983 1866 2097 1897 con·
2123 1863 2172 1890 20

340 1935 433 1975 stat
451 1926 611 1975 modis
628 1926 797 1975 tribus.
875 1926 1067 1975 Primus
1085 1929 1265 1976 modus
1286 1927 1553 1991 tripertitus
1571 1937 1658 1989 est,
1679 1931 1927 1979 secundus
1945 1933 2096 1993 quad-

262 2016 314 2066 17
339 2007 597 2071 ripertitus‚
628 2009 797 2058 tertius
823 2009 1266 2073 quinquepertitus.
1347 2009 1641 2074 Tripertitus
1667 2011 2095 2075 epichirematicus

339 2092 649 2153 syllogismus
670 2099 756 2150 est,
786 2090 870 2154 qui
897 2100 1091 2139 constat
1118 2090 1353 2140 membris
1374 2091 1541 2152 tribus,
1571 2094 1620 2142 id
1647 2103 1720 2142 est
1739 2093 2091 2157 propositione,

337 2172 702 2235 adsumptione,
736 2173 1070 2222 conclusione.
1143 2173 1541 2237 Quadripertitus
1579 2185 1666 2235 est,
1695 2177 1779 2239 qui
1809 2185 2002 2225 constat
2036 2193 2094 2226 ex

338 2254 573 2303 membris
610 2263 869 2317 quattuor:
914 2255 1071 2318 prima
1107 2255 1459 2318 propositione,
1489 2259 1708 2306 secunda
1744 2258 2094 2322 adsumptione
2119 2278 2166 2318 25

337 2345 386 2384 et
425 2352 524 2384 una
565 2337 914 2400 propositionis
954 2337 1056 2386 sive
1094 2336 1456 2400 adsumptionis
1492 2338 1771 2400 coniuncta,
1810 2339 1950 2388 tertia
1986 2357 2092 2402 pro·

257 2418 313 2465 18
337 2417 539 2466 batione
559 2427 607 2467 et
628 2419 963 2468 conclusione.
1034 2418 1479 2481 Quinquepartitus
1500 2419 1666 2483 itaque
1686 2430 1773 2479 est,
1795 2421 1879 2484 qui
1899 2430 2091 2470 constat

336 2516 395 2548 ex
413 2499 646 2548 membris
664 2500 899 2564 quinque,
918 2502 969 2549 id
987 2510 1060 2550 est
1075 2500 1233 2564 prima
1248 2500 1600 2563 propositione,
1623 2505 1842 2552 secunda
1861 2503 1965 2552 eius
1985 2521 2092 2567 pro-

395 2642 412 2666 1
444 2627 548 2666 vivit
580 2627 682 2666 vivit
722 2628 849 2667 immo
879 2628 965 2667 B1:
1012 2629 1066 2668 vi.
1102 2628 1156 2667 vi.
1199 2627 1321 2667 etiam
1365 2628 1490 2668 Rern.
1531 2642 1610 2678 224
1775 2637 1926 2670 senatu
1965 2630 2096 2670 ΒΚΤ

337 2696 363 2722 2
394 2683 568 2721 adducit
598 2682 655 2721 T:
688 2684 847 2722 addicit
865 2682 966 2722 BC:
997 2684 1126 2722 adicit
1160 2682 1198 2721 T
1355 2697 1380 2733 4
1411 2690 1530 2733 parat
1550 2684 1596 2723 K
1757 2687 1783 2723 6
1812 2685 1995 2724 similem
2018 2687 2097 2726 CT

336 2752 358 2788 7
391 2750 511 2788 quor.
545 2750 613 2777 ex.
645 2738 776 2790 imit.]
805 2751 936 2788 quare
961 2752 1058 2778 mea
1085 2737 1279 2788 exempla
1306 2738 1521 2777 meditaris
1541 2739 1588 2777 K
1721 2741 1746 2777 8
1776 2739 1925 2792 unum]
1950 2754 2019 2779 um
2045 2742 2091 2779 K

334 2798 588 2842 argumenta
608 2792 678 2831 K:
707 2794 990 2842 argumentati
1019 2793 1057 2831 T
1263 2806 1290 2843 9
1319 2793 1531 2843 colligitur
1558 2794 1596 2832 T
1824 2808 1934 2844 quae
1955 2796 2010 2845 ig.
2036 2795 2086 2834 C1

339 2860 389 2887 10
418 2846 627 2897 aliquibus
648 2860 765 2896 quer.
793 2847 842 2886 Cl
958 2861 1005 2897 14
1035 2846 1324 2899 prepositione
1354 2848 1391 2886 T
1495 2850 1630 2888 dictus
1652 2854 1717 2887 est
1735 2849 1805 2899 qui
1826 2850 1872 2888 K
2039 2853 2087 2889 16

338 2902 536 2941 inimicos
575 2915 662 2942 oce.
704 2905 811 2950 (om.
842 2904 926 2952 θεῖ)
961 2903 1007 2940 K
1045 2904 1149 2952 (non
1189 2902 1257 2954 M>
1463 2910 1529 2943 est
1566 2903 1659 2942 hab.
1693 2903 1839 2943 BCT:
1880 2917 1964 2944 om.
1995 2905 2088 2943 ΑΚ

340 2959 388 2995 18
419 2958 471 2996 de
493 2957 659 2997 ratione
678 2957 735 2995 Β1
831 2957 953 2998 latior
974 2963 1018 2997 ut
1038 2958 1080 2997 Β
1157 2957 1208 2996 la.
1233 2958 1452 2998 exsecutio
1474 2958 1674 2997 rhetorici
1694 2958 1928 3008 syllogismi
1947 2958 2084 2999 Halm

339 3012 406 3063 (ex
427 3011 630 3062 Cassiod.)
754 3023 800 3050 21
834 3013 931 3062 trip.
953 3025 1036 3052 sec.
1063 3012 1163 3065 (om.
1186 3014 1271 3060 est)
1290 3013 1326 3052 C
1446 3014 1595 3064 quadr.
1614 3019 1680 3052 est
1696 3018 1790 3053 tert.
1805 3013 1949 3064 quinq.
1968 3020 2034 3054 est
2054 3013 2092 3053 T

337 3079 388 3115 23
418 3067 511 3118 qui]
533 3067 644 3117 quod
665 3066 712 3104 K
894 3068 1039 3120 prop-]
1063 3080 1214 3119 praep·
1237 3067 1287 3107 C1
1307 3068 1404 3120 (ter)
1567 3079 1618 3117 25
1654 3067 1791 3118 primo
1811 3068 2024 3118 positione
2052 3069 2090 3106 T

335 3122 388 3158 26
407 3133 527 3171 prop.
547 3121 615 3160 vel
636 3122 723 3161 ads.
743 3121 940 3161 adiuncta
957 3120 1004 3160 K
1020 3137 1028 3161 :
1061 3122 1350 3172 propositione
1372 3123 1461 3162 sive
1482 3123 1570 3163 ads.
1595 3127 1638 3161 et
1657 3122 1798 3162 iuncta
1818 3122 1860 3160 A
2030 3124 2082 3161 28

335 3187 419 3216 sec.
443 3176 562 3225 prob.
588 3176 688 3226 (om.
711 3176 820 3230 eius)
844 3177 891 3215 K
