<?xml version="1.0" encoding="UTF-8"?>
<!DOCTYPE html PUBLIC "-//W3C//DTD XHTML 1.0 Transitional//EN"
    "http://www.w3.org/TR/xhtml1/DTD/xhtml1-transitional.dtd">
<html xmlns="http://www.w3.org/1999/xhtml" xml:lang="en" lang="en">
 <head>
  <title>
</title>
<meta http-equiv="Content-Type" content="text/html;charset=utf-8" />
  <meta name='ocr-system' content='tesseract 3.04.00' />
  <meta name='ocr-capabilities' content='ocr_page ocr_carea ocr_par ocr_line ocrx_word'/>
</head>
<body>
  <div class='ocr_page' id='page_1' title='image "./isidori01isiduoft/isidori01isiduoft_0753.png"; bbox 0 0 2176 3424; ppageno 0'>
   <div class='ocr_carea' id='block_1_1' title="bbox 373 117 1582 172">
    <p class='ocr_par' dir='ltr' id='par_1_1' title="bbox 373 117 1582 172">
     <span class='ocr_line' id='line_1_1' title="bbox 373 117 1582 172; baseline -0.005 -1"><span class='ocrx_word' id='word_1_1' title='bbox 373 123 1002 172; x_wconf 79' lang='lat' dir='ltr'><strong>ETYMOLOGIARVM</strong></span> <span class='ocrx_word' id='word_1_2' title='bbox 1042 122 1170 168; x_wconf 91' lang='lat' dir='ltr'><strong>LIB.</strong></span> <span class='ocrx_word' id='word_1_3' title='bbox 1211 122 1350 167; x_wconf 88' lang='lat' dir='ltr'>XIX.</span> <span class='ocrx_word' id='word_1_4' title='bbox 1393 117 1582 166; x_wconf 84' lang='lat' dir='ltr'><strong>xx—xxii</strong></span> 
     </span>
    </p>
   </div>
   <div class='ocr_carea' id='block_1_2' title="bbox 18 240 2000 2435">
    <p class='ocr_par' dir='ltr' id='par_1_2' title="bbox 18 240 2000 2435">
     <span class='ocr_line' id='line_1_2' title="bbox 18 240 1848 311; baseline -0.004 -14"><span class='ocrx_word' id='word_1_5' title='bbox 18 241 24 250; x_wconf 74' lang='grc'><em>’</em></span> <span class='ocrx_word' id='word_1_6' title='bbox 100 265 255 311; x_wconf 86' lang='lat' dir='ltr'><strong>usque</strong></span> <span class='ocrx_word' id='word_1_7' title='bbox 303 249 366 297; x_wconf 92' lang='lat' dir='ltr'><strong>ad</strong></span> <span class='ocrx_word' id='word_1_8' title='bbox 411 265 572 311; x_wconf 89' lang='lat' dir='ltr'><strong>genua</strong></span> <span class='ocrx_word' id='word_1_9' title='bbox 623 248 955 310; x_wconf 89' lang='lat' dir='ltr'><strong>pertingentes</strong></span> <span class='ocrx_word' id='word_1_10' title='bbox 1009 245 1189 309; x_wconf 89' lang='lat' dir='ltr'><strong>quibus</strong></span> <span class='ocrx_word' id='word_1_11' title='bbox 1237 245 1516 294; x_wconf 91' lang='lat' dir='ltr'><strong>verecunda</strong></span> <span class='ocrx_word' id='word_1_12' title='bbox 1568 240 1848 291; x_wconf 89' lang='lat' dir='ltr'><strong>sacerdotis</strong></span> 
     </span>
     <span class='ocr_line' id='line_1_3' title="bbox 102 329 402 378; baseline -0.007 0"><span class='ocrx_word' id='word_1_13' title='bbox 102 329 402 378; x_wconf 89' lang='lat' dir='ltr'><strong>velabantur.</strong></span> 
     </span>
     <span class='ocr_line' id='line_1_4' title="bbox 240 403 2000 459; baseline -0.005 -1"><span class='ocrx_word' id='word_1_14' title='bbox 240 414 323 459; x_wconf 85' lang='lat' dir='ltr'><strong>DE</strong></span> <span class='ocrx_word' id='word_1_15' title='bbox 356 424 704 458; x_wconf 79' lang='lat' dir='ltr'><strong>DIVERslTATE</strong></span> <span class='ocrx_word' id='word_1_16' title='bbox 730 425 795 457; x_wconf 86' lang='lat' dir='ltr'><strong>ET</strong></span> <span class='ocrx_word' id='word_1_17' title='bbox 828 423 1121 457; x_wconf 81' lang='lat' dir='ltr'>NOMINIBVS</span> <span class='ocrx_word' id='word_1_18' title='bbox 1147 421 1614 456; x_wconf 85' lang='lat' dir='ltr'><strong>VESTIMENTORVM.</strong></span> <span class='ocrx_word' id='word_1_19' title='bbox 1679 403 1846 452; x_wconf 89' lang='lat' dir='ltr'><strong>Diver-</strong></span> <span class='ocrx_word' id='word_1_20' title='bbox 1870 411 2000 451; x_wconf 88' lang='lat' dir='ltr'>XXII</span> 
     </span>
     <span class='ocr_line' id='line_1_5' title="bbox 102 487 1847 556; baseline -0.004 -15"><span class='ocrx_word' id='word_1_21' title='bbox 102 493 216 541; x_wconf 88' lang='lat' dir='ltr'><strong>sitas</strong></span> <span class='ocrx_word' id='word_1_22' title='bbox 246 493 684 556; x_wconf 77' lang='lat' dir='ltr'><strong>vestimentorum:</strong></span> <span class='ocrx_word' id='word_1_23' title='bbox 734 501 945 555; x_wconf 89' lang='lat' dir='ltr'><strong>tegmen,</strong></span> <span class='ocrx_word' id='word_1_24' title='bbox 985 487 1276 556; x_wconf 90' lang='lat' dir='ltr'><strong>[tegumen,]</strong></span> <span class='ocrx_word' id='word_1_25' title='bbox 1303 488 1667 546; x_wconf 90' lang='lat' dir='ltr'><strong>indumentum,</strong></span> <span class='ocrx_word' id='word_1_26' title='bbox 1705 488 1847 535; x_wconf 93' lang='lat' dir='ltr'><strong>vesti-</strong></span> 
     </span>
     <span class='ocr_line' id='line_1_6' title="bbox 54 568 1847 639; baseline -0.004 -16"><span class='ocrx_word' id='word_1_27' title='bbox 54 600 75 639; x_wconf 80' lang='lat'><strong>5</strong></span> <span class='ocrx_word' id='word_1_28' title='bbox 103 583 339 634; x_wconf 91' lang='lat' dir='ltr'><strong>mentum,</strong></span> <span class='ocrx_word' id='word_1_29' title='bbox 369 582 416 622; x_wconf 90' lang='lat' dir='ltr'><strong>et</strong></span> <span class='ocrx_word' id='word_1_30' title='bbox 440 573 638 637; x_wconf 87' lang='lat' dir='ltr'><strong>reliqua.</strong></span> <span class='ocrx_word' id='word_1_31' title='bbox 702 575 924 636; x_wconf 88' lang='lat' dir='ltr'><strong>Tegmen</strong></span> <span class='ocrx_word' id='word_1_32' title='bbox 957 571 1145 621; x_wconf 89' lang='lat' dir='ltr'><strong>dictum</strong></span> <span class='ocrx_word' id='word_1_33' title='bbox 1181 588 1241 619; x_wconf 95' lang='lat' dir='ltr'><strong>eo</strong></span> <span class='ocrx_word' id='word_1_34' title='bbox 1271 572 1407 634; x_wconf 89' lang='lat' dir='ltr'><strong>quod</strong></span> <span class='ocrx_word' id='word_1_35' title='bbox 1433 578 1563 633; x_wconf 92' lang='lat' dir='ltr'><strong>tegat</strong></span> <span class='ocrx_word' id='word_1_36' title='bbox 1589 568 1813 617; x_wconf 89' lang='lat' dir='ltr'><strong>membra</strong></span> <span class='ocrx_word' id='word_1_37' title='bbox 1836 586 1847 627; x_wconf 76' lang='lat'><em>3</em></span> 
     </span>
     <span class='ocr_line' id='line_1_7' title="bbox 103 651 1901 719; baseline -0.004 -14"><span class='ocrx_word' id='word_1_38' title='bbox 103 658 228 704; x_wconf 91' lang='lat' dir='ltr'><strong>sicut</strong></span> <span class='ocrx_word' id='word_1_39' title='bbox 264 665 496 719; x_wconf 91' lang='lat' dir='ltr'><strong>tegumen</strong></span> <span class='ocrx_word' id='word_1_40' title='bbox 530 665 672 716; x_wconf 89' lang='lat' dir='ltr'><strong>tecta,</strong></span> <span class='ocrx_word' id='word_1_41' title='bbox 701 672 827 718; x_wconf 90' lang='lat' dir='ltr'><strong>quae</strong></span> <span class='ocrx_word' id='word_1_42' title='bbox 861 663 1032 718; x_wconf 88' lang='lat' dir='ltr'><strong>tegunt</strong></span> <span class='ocrx_word' id='word_1_43' title='bbox 1058 670 1275 716; x_wconf 90' lang='lat' dir='ltr'><strong>corpora.</strong></span> <span class='ocrx_word' id='word_1_44' title='bbox 1336 651 1704 701; x_wconf 90' lang='lat' dir='ltr'><strong>Vestimentum</strong></span> <span class='ocrx_word' id='word_1_45' title='bbox 1731 666 1846 699; x_wconf 92' lang='lat' dir='ltr'><strong>vero</strong></span> <span class='ocrx_word' id='word_1_46' title='bbox 1871 661 1901 695; x_wconf 85' lang='lat'><em>2</em></span> 
     </span>
     <span class='ocr_line' id='line_1_8' title="bbox 104 733 1843 801; baseline -0.004 -14"><span class='ocrx_word' id='word_1_47' title='bbox 104 747 176 787; x_wconf 85' lang='lat' dir='ltr'><strong>est</strong></span> <span class='ocrx_word' id='word_1_48' title='bbox 202 739 338 801; x_wconf 91' lang='lat' dir='ltr'><strong>quod</strong></span> <span class='ocrx_word' id='word_1_49' title='bbox 363 754 520 800; x_wconf 90' lang='lat' dir='ltr'><strong>usque</strong></span> <span class='ocrx_word' id='word_1_50' title='bbox 544 739 608 785; x_wconf 92' lang='lat' dir='ltr'><strong>ad</strong></span> <span class='ocrx_word' id='word_1_51' title='bbox 634 736 891 799; x_wconf 89' lang='lat' dir='ltr'><strong>vestigium</strong></span> <span class='ocrx_word' id='word_1_52' title='bbox 918 737 1238 800; x_wconf 81' lang='lat' dir='ltr'>pertenditur,</span> <span class='ocrx_word' id='word_1_53' title='bbox 1266 734 1405 798; x_wconf 82' lang='lat' dir='ltr'>quasi</span> <span class='ocrx_word' id='word_1_54' title='bbox 1430 733 1843 796; x_wconf 83' lang='lat' dir='ltr'><strong>vestigimentum,</strong></span> 
     </span>
     <span class='ocr_line' id='line_1_9' title="bbox 104 814 1848 868; baseline -0.003 -1"><span class='ocrx_word' id='word_1_55' title='bbox 104 829 156 867; x_wconf 92' lang='lat' dir='ltr'><strong>ut</strong></span> <span class='ocrx_word' id='word_1_56' title='bbox 194 829 266 868; x_wconf 93' lang='lat' dir='ltr'><strong>est</strong></span> <span class='ocrx_word' id='word_1_57' title='bbox 299 818 465 867; x_wconf 93' lang='lat' dir='ltr'><strong>tunica</strong></span> <span class='ocrx_word' id='word_1_58' title='bbox 494 817 669 867; x_wconf 88' lang='lat' dir='ltr'><strong>talaris.</strong></span> <span class='ocrx_word' id='word_1_59' title='bbox 734 820 831 867; x_wconf 89' lang='lat' dir='ltr'><strong>Sed</strong></span> <span class='ocrx_word' id='word_1_60' title='bbox 865 827 912 867; x_wconf 92' lang='lat' dir='ltr'><strong>et</strong></span> <span class='ocrx_word' id='word_1_61' title='bbox 942 819 1038 867; x_wconf 90' lang='lat' dir='ltr'><strong>hoc</strong></span> <span class='ocrx_word' id='word_1_62' title='bbox 1072 818 1383 866; x_wconf 87' lang='lat' dir='ltr'><strong>consuetudo</strong></span> <span class='ocrx_word' id='word_1_63' title='bbox 1419 814 1658 864; x_wconf 90' lang='lat' dir='ltr'><strong>sermonis</strong></span> <span class='ocrx_word' id='word_1_64' title='bbox 1683 823 1848 863; x_wconf 86' lang='lat' dir='ltr'><strong>aucto-</strong></span> 
     </span>
     <span class='ocr_line' id='line_1_10' title="bbox 103 895 1845 963; baseline -0.002 -15"><span class='ocrx_word' id='word_1_65' title='bbox 103 918 210 949; x_wconf 89' lang='lat' dir='ltr'><strong>rum</strong></span> <span class='ocrx_word' id='word_1_66' title='bbox 237 901 510 950; x_wconf 90' lang='lat' dir='ltr'><strong>confundit.</strong></span> <span class='ocrx_word' id='word_1_67' title='bbox 573 901 947 957; x_wconf 90' lang='lat' dir='ltr'><strong>Indumentum,</strong></span> <span class='ocrx_word' id='word_1_68' title='bbox 976 900 1112 963; x_wconf 85' lang='lat' dir='ltr'><strong>quod</strong></span> <span class='ocrx_word' id='word_1_69' title='bbox 1146 898 1277 947; x_wconf 90' lang='lat' dir='ltr'><strong>intus</strong></span> <span class='ocrx_word' id='word_1_70' title='bbox 1311 899 1375 947; x_wconf 91' lang='lat' dir='ltr'><strong>ad</strong></span> <span class='ocrx_word' id='word_1_71' title='bbox 1408 914 1586 960; x_wconf 91' lang='lat' dir='ltr'><strong>corpus</strong></span> <span class='ocrx_word' id='word_1_72' title='bbox 1612 895 1845 955; x_wconf 86' lang='lat' dir='ltr'><strong>induitur,</strong></span> 
     </span>
     <span class='ocr_line' id='line_1_11' title="bbox 34 980 1904 1046; baseline -0.002 -14"><span class='ocrx_word' id='word_1_73' title='bbox 34 1003 82 1033; x_wconf 90' lang='lat'><strong>10</strong></span> <span class='ocrx_word' id='word_1_74' title='bbox 105 982 244 1046; x_wconf 84' lang='lat' dir='ltr'><strong>quasi</strong></span> <span class='ocrx_word' id='word_1_75' title='bbox 280 982 626 1031; x_wconf 89' lang='lat' dir='ltr'><strong>intumentum.</strong></span> <span class='ocrx_word' id='word_1_76' title='bbox 704 983 944 1030; x_wconf 89' lang='lat' dir='ltr'><strong>Amictus.</strong></span> <span class='ocrx_word' id='word_1_77' title='bbox 1021 980 1327 1030; x_wconf 90' lang='lat' dir='ltr'><strong>Discernitur</strong></span> <span class='ocrx_word' id='word_1_78' title='bbox 1369 988 1532 1028; x_wconf 90' lang='lat' dir='ltr'><strong>autem</strong></span> <span class='ocrx_word' id='word_1_79' title='bbox 1575 981 1778 1028; x_wconf 90' lang='lat' dir='ltr'><strong>vestitus</strong></span> <span class='ocrx_word' id='word_1_80' title='bbox 1821 996 1848 1028; x_wconf 94' lang='lat' dir='ltr'><strong>a</strong></span> <span class='ocrx_word' id='word_1_81' title='bbox 1875 996 1904 1042; x_wconf 88' lang='lat'><strong>3</strong></span> 
     </span>
     <span class='ocr_line' id='line_1_12' title="bbox 105 1061 1850 1127; baseline -0.002 -14"><span class='ocrx_word' id='word_1_82' title='bbox 105 1066 252 1124; x_wconf 90' lang='lat' dir='ltr'><strong>cultu,</strong></span> <span class='ocrx_word' id='word_1_83' title='bbox 290 1062 524 1127; x_wconf 85' lang='lat' dir='ltr'><strong>quoniam</strong></span> <span class='ocrx_word' id='word_1_84' title='bbox 563 1062 705 1111; x_wconf 89' lang='lat' dir='ltr'><strong>latius</strong></span> <span class='ocrx_word' id='word_1_85' title='bbox 739 1062 1035 1126; x_wconf 89' lang='lat' dir='ltr'><strong>intellegitur</strong></span> <span class='ocrx_word' id='word_1_86' title='bbox 1072 1064 1244 1111; x_wconf 87' lang='lat' dir='ltr'><strong>cultus.</strong></span> <span class='ocrx_word' id='word_1_87' title='bbox 1324 1064 1451 1110; x_wconf 90' lang='lat' dir='ltr'><strong>Item</strong></span> <span class='ocrx_word' id='word_1_88' title='bbox 1487 1063 1646 1110; x_wconf 90' lang='lat' dir='ltr'><strong>cultus</strong></span> <span class='ocrx_word' id='word_1_89' title='bbox 1680 1061 1743 1110; x_wconf 87' lang='lat' dir='ltr'><strong>ab</strong></span> <span class='ocrx_word' id='word_1_90' title='bbox 1770 1063 1850 1109; x_wconf 90' lang='lat' dir='ltr'><strong>ha-</strong></span> 
     </span>
     <span class='ocr_line' id='line_1_13' title="bbox 106 1143 1846 1208; baseline -0.001 -14"><span class='ocrx_word' id='word_1_91' title='bbox 106 1146 241 1207; x_wconf 70' lang='lat' dir='ltr'><strong>bitu,</strong></span> <span class='ocrx_word' id='word_1_92' title='bbox 284 1163 398 1194; x_wconf 73' lang='lat' dir='ltr'><strong>nani</strong></span> <span class='ocrx_word' id='word_1_93' title='bbox 442 1145 636 1194; x_wconf 90' lang='lat' dir='ltr'><strong>habitus</strong></span> <span class='ocrx_word' id='word_1_94' title='bbox 675 1147 739 1193; x_wconf 90' lang='lat' dir='ltr'><strong>ad</strong></span> <span class='ocrx_word' id='word_1_95' title='bbox 778 1155 999 1193; x_wconf 89' lang='lat' dir='ltr'><strong>naturam</strong></span> <span class='ocrx_word' id='word_1_96' title='bbox 1041 1144 1265 1208; x_wconf 84' lang='lat' dir='ltr'><strong>pertinet,</strong></span> <span class='ocrx_word' id='word_1_97' title='bbox 1306 1145 1466 1192; x_wconf 89' lang='lat' dir='ltr'><strong>cultus</strong></span> <span class='ocrx_word' id='word_1_98' title='bbox 1503 1145 1566 1193; x_wconf 88' lang='lat' dir='ltr'><strong>ad</strong></span> <span class='ocrx_word' id='word_1_99' title='bbox 1604 1143 1846 1192; x_wconf 89' lang='lat' dir='ltr'><strong>homines.</strong></span> 
     </span>
     <span class='ocr_line' id='line_1_14' title="bbox 107 1225 1905 1290; baseline 0.002 -15"><span class='ocrx_word' id='word_1_100' title='bbox 107 1228 332 1290; x_wconf 87' lang='lat' dir='ltr'><strong>Plerique</strong></span> <span class='ocrx_word' id='word_1_101' title='bbox 371 1237 535 1276; x_wconf 90' lang='lat' dir='ltr'><strong>autem</strong></span> <span class='ocrx_word' id='word_1_102' title='bbox 575 1228 784 1276; x_wconf 89' lang='lat' dir='ltr'><strong>vestium</strong></span> <span class='ocrx_word' id='word_1_103' title='bbox 829 1237 912 1275; x_wconf 92' lang='lat' dir='ltr'><strong>aut</strong></span> <span class='ocrx_word' id='word_1_104' title='bbox 948 1244 975 1274; x_wconf 92' lang='lat' dir='ltr'><strong>a</strong></span> <span class='ocrx_word' id='word_1_105' title='bbox 1012 1236 1247 1289; x_wconf 90' lang='lat' dir='ltr'><strong>tempore,</strong></span> <span class='ocrx_word' id='word_1_106' title='bbox 1289 1243 1389 1289; x_wconf 84' lang='lat' dir='ltr'><strong>quo</strong></span> <span class='ocrx_word' id='word_1_107' title='bbox 1426 1225 1637 1274; x_wconf 84' lang='lat' dir='ltr'><strong>maxime</strong></span> <span class='ocrx_word' id='word_1_108' title='bbox 1674 1225 1723 1274; x_wconf 92' lang='lat' dir='ltr'><strong>in</strong></span> <span class='ocrx_word' id='word_1_109' title='bbox 1758 1243 1848 1275; x_wconf 85' lang='lat' dir='ltr'><strong>usu</strong></span> <span class='ocrx_word' id='word_1_110' title='bbox 1873 1233 1905 1278; x_wconf 95' lang='lat'>4</span> 
     </span>
     <span class='ocr_line' id='line_1_15' title="bbox 107 1307 1850 1372; baseline -0.001 -15"><span class='ocrx_word' id='word_1_111' title='bbox 107 1319 232 1368; x_wconf 90' lang='lat' dir='ltr'><strong>sunt,</strong></span> <span class='ocrx_word' id='word_1_112' title='bbox 272 1310 593 1372; x_wconf 84' lang='lat' dir='ltr'><strong>appellantur,</strong></span> <span class='ocrx_word' id='word_1_113' title='bbox 633 1319 716 1357; x_wconf 91' lang='lat' dir='ltr'><strong>aut</strong></span> <span class='ocrx_word' id='word_1_114' title='bbox 753 1326 781 1357; x_wconf 92' lang='lat' dir='ltr'><strong>a</strong></span> <span class='ocrx_word' id='word_1_115' title='bbox 817 1309 951 1368; x_wconf 90' lang='lat' dir='ltr'><strong>locis,</strong></span> <span class='ocrx_word' id='word_1_116' title='bbox 993 1308 1077 1357; x_wconf 91' lang='lat' dir='ltr'><strong>ubi</strong></span> <span class='ocrx_word' id='word_1_117' title='bbox 1117 1311 1189 1357; x_wconf 92' lang='lat' dir='ltr'><strong>vel</strong></span> <span class='ocrx_word' id='word_1_118' title='bbox 1227 1307 1438 1371; x_wconf 92' lang='lat' dir='ltr'><strong>primum</strong></span> <span class='ocrx_word' id='word_1_119' title='bbox 1480 1310 1735 1358; x_wconf 89' lang='lat' dir='ltr'><strong>confectae</strong></span> <span class='ocrx_word' id='word_1_120' title='bbox 1775 1311 1850 1357; x_wconf 93' lang='lat' dir='ltr'><strong>vel</strong></span> 
     </span>
     <span class='ocr_line' id='line_1_16' title="bbox 37 1390 1852 1454; baseline 0.001 -16"><span class='ocrx_word' id='word_1_121' title='bbox 37 1409 83 1451; x_wconf 86' lang='lat'><strong>15</strong></span> <span class='ocrx_word' id='word_1_122' title='bbox 108 1391 317 1439; x_wconf 87' lang='lat' dir='ltr'><strong>maxime</strong></span> <span class='ocrx_word' id='word_1_123' title='bbox 342 1390 669 1449; x_wconf 87' lang='lat' dir='ltr'><strong>venditantur,</strong></span> <span class='ocrx_word' id='word_1_124' title='bbox 697 1399 780 1438; x_wconf 90' lang='lat' dir='ltr'><strong>aut</strong></span> <span class='ocrx_word' id='word_1_125' title='bbox 809 1408 838 1438; x_wconf 89' lang='lat' dir='ltr'><strong>a</strong></span> <span class='ocrx_word' id='word_1_126' title='bbox 869 1407 1046 1452; x_wconf 84' lang='lat' dir='ltr'><strong>genere</strong></span> <span class='ocrx_word' id='word_1_127' title='bbox 1077 1390 1270 1449; x_wconf 86' lang='lat' dir='ltr'><strong>coloris,</strong></span> <span class='ocrx_word' id='word_1_128' title='bbox 1295 1399 1379 1438; x_wconf 91' lang='lat' dir='ltr'><strong>aut</strong></span> <span class='ocrx_word' id='word_1_129' title='bbox 1412 1408 1440 1438; x_wconf 91' lang='lat' dir='ltr'><strong>a</strong></span> <span class='ocrx_word' id='word_1_130' title='bbox 1470 1390 1671 1439; x_wconf 90' lang='lat' dir='ltr'><strong>nomine</strong></span> <span class='ocrx_word' id='word_1_131' title='bbox 1697 1407 1852 1454; x_wconf 87' lang='lat' dir='ltr'><strong>reper—</strong></span> 
     </span>
     <span class='ocr_line' id='line_1_17' title="bbox 107 1472 1903 1535; baseline 0 -14"><span class='ocrx_word' id='word_1_132' title='bbox 107 1483 282 1522; x_wconf 89' lang='lat' dir='ltr'><strong>torum.</strong></span> <span class='ocrx_word' id='word_1_133' title='bbox 358 1472 522 1521; x_wconf 90' lang='lat' dir='ltr'><strong>Vestis</strong></span> <span class='ocrx_word' id='word_1_134' title='bbox 547 1472 886 1535; x_wconf 89' lang='lat' dir='ltr'><strong>antiquissima</strong></span> <span class='ocrx_word' id='word_1_135' title='bbox 911 1472 1168 1522; x_wconf 89' lang='lat' dir='ltr'><strong>hominum</strong></span> <span class='ocrx_word' id='word_1_136' title='bbox 1190 1472 1279 1520; x_wconf 89' lang='lat' dir='ltr'><strong>fuit</strong></span> <span class='ocrx_word' id='word_1_137' title='bbox 1304 1472 1673 1535; x_wconf 88' lang='lat' dir='ltr'><strong>perizomatum,</strong></span> <span class='ocrx_word' id='word_1_138' title='bbox 1702 1472 1751 1522; x_wconf 94' lang='lat' dir='ltr'><strong>id</strong></span> <span class='ocrx_word' id='word_1_139' title='bbox 1778 1483 1851 1522; x_wconf 88' lang='lat' dir='ltr'><strong>est</strong></span> <span class='ocrx_word' id='word_1_140' title='bbox 1874 1484 1903 1532; x_wconf 89' lang='lat'>5</span> 
     </span>
     <span class='ocr_line' id='line_1_18' title="bbox 108 1554 1854 1618; baseline -0.001 -15"><span class='ocrx_word' id='word_1_141' title='bbox 108 1554 509 1613; x_wconf 82' lang='lat' dir='ltr'><strong>subcinctorium,</strong></span> <span class='ocrx_word' id='word_1_142' title='bbox 550 1571 650 1617; x_wconf 88' lang='lat' dir='ltr'><strong>quo</strong></span> <span class='ocrx_word' id='word_1_143' title='bbox 686 1563 878 1603; x_wconf 89' lang='lat' dir='ltr'><strong>tantum</strong></span> <span class='ocrx_word' id='word_1_144' title='bbox 919 1554 1147 1618; x_wconf 85' lang='lat' dir='ltr'><strong>genitalia</strong></span> <span class='ocrx_word' id='word_1_145' title='bbox 1189 1564 1532 1616; x_wconf 90' lang='lat' dir='ltr'><strong>conteguntur.</strong></span> <span class='ocrx_word' id='word_1_146' title='bbox 1607 1556 1724 1603; x_wconf 95' lang='lat' dir='ltr'><strong>Hoc</strong></span> <span class='ocrx_word' id='word_1_147' title='bbox 1763 1555 1854 1618; x_wconf 89' lang='lat' dir='ltr'><strong>pri-</strong></span> 
     </span>
     <span class='ocr_line' id='line_1_19' title="bbox 110 1635 1854 1699; baseline 0.001 -15"><span class='ocrx_word' id='word_1_148' title='bbox 110 1654 246 1684; x_wconf 90' lang='lat' dir='ltr'><strong>mum</strong></span> <span class='ocrx_word' id='word_1_149' title='bbox 283 1636 425 1699; x_wconf 90' lang='lat' dir='ltr'><strong>primi</strong></span> <span class='ocrx_word' id='word_1_150' title='bbox 463 1637 692 1685; x_wconf 89' lang='lat' dir='ltr'><strong>mortales</strong></span> <span class='ocrx_word' id='word_1_151' title='bbox 729 1653 756 1685; x_wconf 93' lang='lat' dir='ltr'><strong>e</strong></span> <span class='ocrx_word' id='word_1_152' title='bbox 792 1635 919 1684; x_wconf 90' lang='lat' dir='ltr'><strong>foliis</strong></span> <span class='ocrx_word' id='word_1_153' title='bbox 957 1636 1186 1685; x_wconf 87' lang='lat' dir='ltr'><strong>arborum</strong></span> <span class='ocrx_word' id='word_1_154' title='bbox 1219 1636 1310 1685; x_wconf 91' lang='lat' dir='ltr'><strong>sibi</strong></span> <span class='ocrx_word' id='word_1_155' title='bbox 1347 1638 1580 1696; x_wconf 90' lang='lat' dir='ltr'><strong>fecerunt,</strong></span> <span class='ocrx_word' id='word_1_156' title='bbox 1618 1636 1854 1699; x_wconf 87' lang='lat' dir='ltr'><strong>quoniam</strong></span> 
     </span>
     <span class='ocr_line' id='line_1_20' title="bbox 110 1717 1859 1782; baseline 0.001 -16"><span class='ocrx_word' id='word_1_157' title='bbox 110 1727 222 1782; x_wconf 90' lang='lat' dir='ltr'><strong>post</strong></span> <span class='ocrx_word' id='word_1_158' title='bbox 246 1717 712 1781; x_wconf 90' lang='lat' dir='ltr'><strong>praevaricationem</strong></span> <span class='ocrx_word' id='word_1_159' title='bbox 745 1718 1091 1766; x_wconf 85' lang='lat' dir='ltr'><strong>erubescentes</strong></span> <span class='ocrx_word' id='word_1_160' title='bbox 1129 1719 1364 1780; x_wconf 91' lang='lat' dir='ltr'><strong>pudenda</strong></span> <span class='ocrx_word' id='word_1_161' title='bbox 1393 1719 1628 1767; x_wconf 89' lang='lat' dir='ltr'><strong>velarunt.</strong></span> <span class='ocrx_word' id='word_1_162' title='bbox 1703 1718 1859 1769; x_wconf 89' lang='lat' dir='ltr'><strong>Cuius</strong></span> 
     </span>
     <span class='ocr_line' id='line_1_21' title="bbox 39 1798 1859 1863; baseline -0.002 -10"><span class='ocrx_word' id='word_1_163' title='bbox 39 1824 90 1853; x_wconf 82' lang='lat'><strong>20</strong></span> <span class='ocrx_word' id='word_1_164' title='bbox 113 1818 254 1849; x_wconf 89' lang='lat' dir='ltr'><strong>usum</strong></span> <span class='ocrx_word' id='word_1_165' title='bbox 282 1801 525 1862; x_wconf 88' lang='lat' dir='ltr'><strong>quaedam</strong></span> <span class='ocrx_word' id='word_1_166' title='bbox 554 1799 789 1848; x_wconf 89' lang='lat' dir='ltr'><strong>barbarae</strong></span> <span class='ocrx_word' id='word_1_167' title='bbox 818 1809 1004 1863; x_wconf 88' lang='lat' dir='ltr'><strong>gentes,</strong></span> <span class='ocrx_word' id='word_1_168' title='bbox 1032 1800 1152 1848; x_wconf 91' lang='lat' dir='ltr'><strong>dum</strong></span> <span class='ocrx_word' id='word_1_169' title='bbox 1188 1798 1284 1847; x_wconf 90' lang='lat' dir='ltr'><strong>sint</strong></span> <span class='ocrx_word' id='word_1_170' title='bbox 1318 1801 1496 1859; x_wconf 92' lang='lat' dir='ltr'><strong>nudae,</strong></span> <span class='ocrx_word' id='word_1_171' title='bbox 1526 1817 1683 1863; x_wconf 85' lang='lat' dir='ltr'><strong>usque</strong></span> <span class='ocrx_word' id='word_1_172' title='bbox 1708 1800 1859 1849; x_wconf 91' lang='lat' dir='ltr'><strong>hodie</strong></span> 
     </span>
     <span class='ocr_line' id='line_1_22' title="bbox 112 1880 1857 1944; baseline 0 -14"><span class='ocrx_word' id='word_1_173' title='bbox 112 1890 295 1930; x_wconf 90' lang='lat' dir='ltr'><strong>tenent.</strong></span> <span class='ocrx_word' id='word_1_174' title='bbox 371 1883 514 1929; x_wconf 90' lang='lat' dir='ltr'><strong>Haec</strong></span> <span class='ocrx_word' id='word_1_175' title='bbox 540 1890 587 1930; x_wconf 94' lang='lat' dir='ltr'><strong>et</strong></span> <span class='ocrx_word' id='word_1_176' title='bbox 612 1880 904 1943; x_wconf 85' lang='lat' dir='ltr'><strong>campestria</strong></span> <span class='ocrx_word' id='word_1_177' title='bbox 929 1889 1289 1943; x_wconf 88' lang='lat' dir='ltr'><strong>nuncupantur,</strong></span> <span class='ocrx_word' id='word_1_178' title='bbox 1309 1898 1397 1943; x_wconf 92' lang='lat' dir='ltr'><strong>pro</strong></span> <span class='ocrx_word' id='word_1_179' title='bbox 1422 1897 1482 1929; x_wconf 92' lang='lat' dir='ltr'><strong>eo</strong></span> <span class='ocrx_word' id='word_1_180' title='bbox 1509 1882 1644 1944; x_wconf 88' lang='lat' dir='ltr'><strong>quod</strong></span> <span class='ocrx_word' id='word_1_181' title='bbox 1671 1880 1857 1930; x_wconf 91' lang='lat' dir='ltr'><strong>eisdem</strong></span> 
     </span>
     <span class='ocr_line' id='line_1_23' title="bbox 113 1962 1852 2025; baseline 0 -15"><span class='ocrx_word' id='word_1_182' title='bbox 113 1963 326 2023; x_wconf 91' lang='lat' dir='ltr'><strong>iuvenes,</strong></span> <span class='ocrx_word' id='word_1_183' title='bbox 368 1962 452 2025; x_wconf 88' lang='lat' dir='ltr'><strong>qui</strong></span> <span class='ocrx_word' id='word_1_184' title='bbox 499 1962 620 2011; x_wconf 91' lang='lat' dir='ltr'><strong>nudi</strong></span> <span class='ocrx_word' id='word_1_185' title='bbox 668 1971 955 2010; x_wconf 86' lang='lat' dir='ltr'><strong>exercentur</strong></span> <span class='ocrx_word' id='word_1_186' title='bbox 1001 1962 1051 2009; x_wconf 92' lang='lat' dir='ltr'><strong>in</strong></span> <span class='ocrx_word' id='word_1_187' title='bbox 1100 1978 1291 2024; x_wconf 90' lang='lat' dir='ltr'><strong>campo,</strong></span> <span class='ocrx_word' id='word_1_188' title='bbox 1335 1963 1570 2024; x_wconf 90' lang='lat' dir='ltr'><strong>pudenda</strong></span> <span class='ocrx_word' id='word_1_189' title='bbox 1612 1962 1852 2025; x_wconf 76' lang='lat' dir='ltr'><strong>operiunt,</strong></span> 
     </span>
     <span class='ocr_line' id='line_1_24' title="bbox 114 2042 1913 2106; baseline 0.001 -13"><span class='ocrx_word' id='word_1_190' title='bbox 114 2045 305 2094; x_wconf 93' lang='lat' dir='ltr'><strong>Tonica</strong></span> <span class='ocrx_word' id='word_1_191' title='bbox 337 2044 482 2093; x_wconf 92' lang='lat' dir='ltr'><strong>vestis</strong></span> <span class='ocrx_word' id='word_1_192' title='bbox 518 2043 859 2106; x_wconf 87' lang='lat' dir='ltr'><strong>antiquissima</strong></span> <span class='ocrx_word' id='word_1_193' title='bbox 894 2045 1139 2106; x_wconf 89' lang='lat' dir='ltr'><strong>appellata</strong></span> <span class='ocrx_word' id='word_1_194' title='bbox 1176 2043 1290 2106; x_wconf 86' lang='lat' dir='ltr'><strong>quia</strong></span> <span class='ocrx_word' id='word_1_195' title='bbox 1326 2042 1376 2090; x_wconf 88' lang='lat' dir='ltr'><strong>in</strong></span> <span class='ocrx_word' id='word_1_196' title='bbox 1407 2053 1545 2092; x_wconf 92' lang='lat' dir='ltr'><strong>motu</strong></span> <span class='ocrx_word' id='word_1_197' title='bbox 1579 2043 1855 2093; x_wconf 87' lang='lat' dir='ltr'><strong>incedentis</strong></span> <span class='ocrx_word' id='word_1_198' title='bbox 1879 2047 1913 2094; x_wconf 90' lang='lat'>6</span> 
     </span>
     <span class='ocr_line' id='line_1_25' title="bbox 116 2124 1857 2186; baseline -0.001 -11"><span class='ocrx_word' id='word_1_199' title='bbox 116 2144 293 2175; x_wconf 91' lang='lat' dir='ltr'><strong>sonum</strong></span> <span class='ocrx_word' id='word_1_200' title='bbox 336 2125 451 2174; x_wconf 90' lang='lat' dir='ltr'><strong>facit</strong></span> <span class='ocrx_word' id='word_1_201' title='bbox 471 2144 485 2186; x_wconf 77' lang='lat'><em>3</em></span> <span class='ocrx_word' id='word_1_202' title='bbox 534 2135 681 2175; x_wconf 88' lang='lat' dir='ltr'><strong>tonus</strong></span> <span class='ocrx_word' id='word_1_203' title='bbox 724 2125 854 2173; x_wconf 89' lang='lat' dir='ltr'><strong>enim</strong></span> <span class='ocrx_word' id='word_1_204' title='bbox 900 2142 1048 2174; x_wconf 90' lang='lat' dir='ltr'><strong>sonus</strong></span> <span class='ocrx_word' id='word_1_205' title='bbox 1092 2134 1178 2173; x_wconf 91' lang='lat' dir='ltr'><strong>est.</strong></span> <span class='ocrx_word' id='word_1_206' title='bbox 1252 2124 1471 2173; x_wconf 90' lang='lat' dir='ltr'><strong>Primum</strong></span> <span class='ocrx_word' id='word_1_207' title='bbox 1514 2135 1679 2174; x_wconf 90' lang='lat' dir='ltr'><strong>autem</strong></span> <span class='ocrx_word' id='word_1_208' title='bbox 1723 2128 1857 2175; x_wconf 91' lang='lat' dir='ltr'><strong>fuere</strong></span> 
     </span>
     <span class='ocr_line' id='line_1_26' title="bbox 44 2206 1859 2272; baseline -0.001 -14"><span class='ocrx_word' id='word_1_209' title='bbox 44 2231 62 2258; x_wconf 87' lang='lat'><strong>2</strong></span> <span class='ocrx_word' id='word_1_210' title='bbox 71 2231 92 2271; x_wconf 86' lang='lat'><strong>5</strong></span> <span class='ocrx_word' id='word_1_211' title='bbox 116 2207 337 2272; x_wconf 91' lang='lat' dir='ltr'><strong>pelliciae</strong></span> <span class='ocrx_word' id='word_1_212' title='bbox 362 2209 573 2267; x_wconf 90' lang='lat' dir='ltr'><strong>tunicae,</strong></span> <span class='ocrx_word' id='word_1_213' title='bbox 601 2207 780 2270; x_wconf 89' lang='lat' dir='ltr'><strong>quibus</strong></span> <span class='ocrx_word' id='word_1_214' title='bbox 811 2217 922 2270; x_wconf 89' lang='lat' dir='ltr'><strong>post</strong></span> <span class='ocrx_word' id='word_1_215' title='bbox 956 2209 1194 2256; x_wconf 89' lang='lat' dir='ltr'><strong>offensam</strong></span> <span class='ocrx_word' id='word_1_216' title='bbox 1229 2216 1277 2255; x_wconf 88' lang='lat' dir='ltr'><strong>et</strong></span> <span class='ocrx_word' id='word_1_217' title='bbox 1311 2206 1604 2256; x_wconf 90' lang='lat' dir='ltr'><strong>eiectionem</strong></span> <span class='ocrx_word' id='word_1_218' title='bbox 1631 2209 1694 2257; x_wconf 94' lang='lat' dir='ltr'><strong>de</strong></span> <span class='ocrx_word' id='word_1_219' title='bbox 1720 2211 1859 2256; x_wconf 91' lang='lat' dir='ltr'><strong>Para-</strong></span> 
     </span>
     <span class='ocr_line' id='line_1_27' title="bbox 117 2288 1912 2352; baseline 0 -14"><span class='ocrx_word' id='word_1_220' title='bbox 117 2290 226 2339; x_wconf 89' lang='lat' dir='ltr'><strong>diso</strong></span> <span class='ocrx_word' id='word_1_221' title='bbox 251 2291 414 2338; x_wconf 89' lang='lat' dir='ltr'><strong>Adam</strong></span> <span class='ocrx_word' id='word_1_222' title='bbox 442 2298 489 2338; x_wconf 93' lang='lat' dir='ltr'><strong>et</strong></span> <span class='ocrx_word' id='word_1_223' title='bbox 516 2291 621 2337; x_wconf 90' lang='lat' dir='ltr'><strong>Eva</strong></span> <span class='ocrx_word' id='word_1_224' title='bbox 644 2289 804 2338; x_wconf 91' lang='lat' dir='ltr'><strong>induti</strong></span> <span class='ocrx_word' id='word_1_225' title='bbox 837 2298 962 2337; x_wconf 89' lang='lat' dir='ltr'><strong>sunt.</strong></span> <span class='ocrx_word' id='word_1_226' title='bbox 1037 2288 1225 2337; x_wconf 88' lang='lat' dir='ltr'><strong>Talaris</strong></span> <span class='ocrx_word' id='word_1_227' title='bbox 1263 2289 1429 2338; x_wconf 89' lang='lat' dir='ltr'><strong>tunica</strong></span> <span class='ocrx_word' id='word_1_228' title='bbox 1462 2289 1595 2338; x_wconf 87' lang='lat' dir='ltr'><strong>dicta</strong></span> <span class='ocrx_word' id='word_1_229' title='bbox 1627 2306 1687 2339; x_wconf 93' lang='lat' dir='ltr'><strong>eo</strong></span> <span class='ocrx_word' id='word_1_230' title='bbox 1724 2290 1860 2352; x_wconf 87' lang='lat' dir='ltr'><strong>quod</strong></span> <span class='ocrx_word' id='word_1_231' title='bbox 1883 2294 1912 2343; x_wconf 91' lang='lat'><strong>7</strong></span> 
     </span>
     <span class='ocr_line' id='line_1_28' title="bbox 118 2370 1859 2435; baseline -0.001 -15"><span class='ocrx_word' id='word_1_232' title='bbox 118 2373 181 2422; x_wconf 89' lang='lat' dir='ltr'><strong>ad</strong></span> <span class='ocrx_word' id='word_1_233' title='bbox 208 2373 332 2420; x_wconf 88' lang='lat' dir='ltr'><strong>talos</strong></span> <span class='ocrx_word' id='word_1_234' title='bbox 358 2388 513 2433; x_wconf 86' lang='lat' dir='ltr'><strong>usque</strong></span> <span class='ocrx_word' id='word_1_235' title='bbox 539 2372 807 2420; x_wconf 91' lang='lat' dir='ltr'><strong>descendat</strong></span> <span class='ocrx_word' id='word_1_236' title='bbox 833 2380 880 2419; x_wconf 91' lang='lat' dir='ltr'><strong>et</strong></span> <span class='ocrx_word' id='word_1_237' title='bbox 914 2372 977 2419; x_wconf 90' lang='lat' dir='ltr'><strong>ad</strong></span> <span class='ocrx_word' id='word_1_238' title='bbox 1003 2371 1156 2433; x_wconf 90' lang='lat' dir='ltr'><strong>pedes</strong></span> <span class='ocrx_word' id='word_1_239' title='bbox 1182 2371 1364 2420; x_wconf 89' lang='lat' dir='ltr'><strong>defluat</strong></span> <span class='ocrx_word' id='word_1_240' title='bbox 1388 2389 1400 2431; x_wconf 79' lang='lat'>3</span> <span class='ocrx_word' id='word_1_241' title='bbox 1435 2370 1560 2419; x_wconf 88' lang='lat' dir='ltr'><strong>sicut</strong></span> <span class='ocrx_word' id='word_1_242' title='bbox 1586 2371 1859 2435; x_wconf 85' lang='lat' dir='ltr'><strong>pectoralis,</strong></span> 
     </span>
    </p>
   </div>
   <div class='ocr_carea' id='block_1_3' title="bbox 122 2500 1875 3044">
    <p class='ocr_par' dir='ltr' id='par_1_3' title="bbox 122 2500 1875 3044">
     <span class='ocr_line' id='line_1_29' title="bbox 181 2500 1865 2554; baseline -0.002 -12"><span class='ocrx_word' id='word_1_243' title='bbox 181 2516 198 2542; x_wconf 90' lang='lat'>1</span> <span class='ocrx_word' id='word_1_244' title='bbox 232 2502 484 2542; x_wconf 88' lang='lat' dir='ltr'><strong>verecundia</strong></span> <span class='ocrx_word' id='word_1_245' title='bbox 504 2502 562 2541; x_wconf 90' lang='grc' dir='ltr'><strong>Β1</strong></span> <span class='ocrx_word' id='word_1_246' title='bbox 639 2501 847 2542; x_wconf 89' lang='lat' dir='ltr'><strong>sacerdoti</strong></span> <span class='ocrx_word' id='word_1_247' title='bbox 876 2502 912 2540; x_wconf 94' lang='lat' dir='ltr'><em>T</em></span> <span class='ocrx_word' id='word_1_248' title='bbox 980 2502 1127 2540; x_wconf 82' lang='lat' dir='ltr'><strong>seclusi</strong></span> <span class='ocrx_word' id='word_1_249' title='bbox 1250 2513 1273 2550; x_wconf 88' lang='lat'>5</span> <span class='ocrx_word' id='word_1_250' title='bbox 1303 2507 1345 2539; x_wconf 91' lang='lat' dir='ltr'><strong>et</strong></span> <span class='ocrx_word' id='word_1_251' title='bbox 1367 2502 1441 2540; x_wconf 88' lang='lat' dir='ltr'><strong>rel.</strong></span> <span class='ocrx_word' id='word_1_252' title='bbox 1466 2515 1549 2541; x_wconf 88' lang='lat' dir='ltr'><strong>om.</strong></span> <span class='ocrx_word' id='word_1_253' title='bbox 1571 2500 1662 2539; x_wconf 91' lang='lat' dir='ltr'><strong>KN</strong></span> <span class='ocrx_word' id='word_1_254' title='bbox 1679 2502 1781 2552; x_wconf 82' lang='lat' dir='ltr'><strong>(non</strong></span> <span class='ocrx_word' id='word_1_255' title='bbox 1808 2500 1865 2554; x_wconf 90' lang='lat' dir='ltr'><strong>U)</strong></span> 
     </span>
     <span class='ocr_line' id='line_1_30' title="bbox 122 2555 1867 2608; baseline -0.001 -12"><span class='ocrx_word' id='word_1_256' title='bbox 122 2558 340 2607; x_wconf 87' lang='lat' dir='ltr'><strong>Tegumen</strong></span> <span class='ocrx_word' id='word_1_257' title='bbox 362 2558 439 2597; x_wconf 88' lang='lat' dir='ltr'><strong>dic.</strong></span> <span class='ocrx_word' id='word_1_258' title='bbox 463 2558 509 2596; x_wconf 89' lang='lat' dir='ltr'><em>K</em></span> <span class='ocrx_word' id='word_1_259' title='bbox 713 2560 739 2596; x_wconf 88' lang='lat'>6</span> <span class='ocrx_word' id='word_1_260' title='bbox 766 2557 872 2595; x_wconf 88' lang='lat' dir='ltr'><strong>sicut</strong></span> <span class='ocrx_word' id='word_1_261' title='bbox 892 2562 935 2594; x_wconf 88' lang='lat' dir='ltr'><strong>et</strong></span> <span class='ocrx_word' id='word_1_262' title='bbox 955 2562 1040 2606; x_wconf 86' lang='lat' dir='ltr'><strong>teg.</strong></span> <span class='ocrx_word' id='word_1_263' title='bbox 1070 2555 1107 2594; x_wconf 95' lang='lat' dir='ltr'><em>T</em></span> <span class='ocrx_word' id='word_1_264' title='bbox 1274 2556 1401 2608; x_wconf 91' lang='lat' dir='ltr'><strong>quae]</strong></span> <span class='ocrx_word' id='word_1_265' title='bbox 1427 2556 1525 2604; x_wconf 87' lang='lat' dir='ltr'><strong>quia</strong></span> <span class='ocrx_word' id='word_1_266' title='bbox 1548 2555 1583 2594; x_wconf 89' lang='lat' dir='ltr'><em>C</em></span> <span class='ocrx_word' id='word_1_267' title='bbox 1763 2569 1867 2595; x_wconf 88' lang='lat' dir='ltr'><strong>vero</strong></span> 
     </span>
     <span class='ocr_line' id='line_1_31' title="bbox 123 2609 1866 2662; baseline -0.002 -10"><span class='ocrx_word' id='word_1_268' title='bbox 123 2612 304 2652; x_wconf 84' lang='lat' dir='ltr'><em>BCTF:</em></span> <span class='ocrx_word' id='word_1_269' title='bbox 335 2625 500 2662; x_wconf 89' lang='lat' dir='ltr'><strong>quoque</strong></span> <span class='ocrx_word' id='word_1_270' title='bbox 521 2611 611 2650; x_wconf 93' lang='lat' dir='ltr'><strong>KN</strong></span> <span class='ocrx_word' id='word_1_271' title='bbox 716 2626 738 2662; x_wconf 90' lang='lat'>7</span> <span class='ocrx_word' id='word_1_272' title='bbox 771 2624 853 2661; x_wconf 92' lang='lat' dir='ltr'><strong>quo</strong></span> <span class='ocrx_word' id='word_1_273' title='bbox 874 2611 930 2649; x_wconf 85' lang='grc' dir='ltr'><strong>Β1</strong></span> <span class='ocrx_word' id='word_1_274' title='bbox 1036 2611 1334 2660; x_wconf 90' lang='lat' dir='ltr'><strong>praetenditur</strong></span> <span class='ocrx_word' id='word_1_275' title='bbox 1354 2611 1488 2660; x_wconf 85' lang='lat' dir='ltr'><strong>(pre-)</strong></span> <span class='ocrx_word' id='word_1_276' title='bbox 1509 2609 1641 2649; x_wconf 89' lang='lat' dir='ltr'><strong>BTU</strong></span> <span class='ocrx_word' id='word_1_277' title='bbox 1740 2611 1866 2649; x_wconf 85' lang='lat' dir='ltr'><strong>vesti-</strong></span> 
     </span>
     <span class='ocr_line' id='line_1_32' title="bbox 125 2664 1874 2717; baseline -0.002 -11"><span class='ocrx_word' id='word_1_278' title='bbox 125 2668 357 2717; x_wconf 87' lang='lat' dir='ltr'><strong>gimentum</strong></span> <span class='ocrx_word' id='word_1_279' title='bbox 386 2680 514 2716; x_wconf 84' lang='lat' dir='ltr'><strong>usque</strong></span> <span class='ocrx_word' id='word_1_280' title='bbox 543 2666 602 2705; x_wconf 89' lang='lat' dir='ltr'><strong>ad</strong></span> <span class='ocrx_word' id='word_1_281' title='bbox 627 2666 884 2716; x_wconf 84' lang='lat' dir='ltr'><strong>Apoealama</strong></span> <span class='ocrx_word' id='word_1_282' title='bbox 916 2667 956 2717; x_wconf 66' lang='grc' dir='ltr'><strong>(ξ</strong></span> <span class='ocrx_word' id='word_1_283' title='bbox 992 2670 1059 2714; x_wconf 86' lang='lat'><strong>13)</strong></span> <span class='ocrx_word' id='word_1_284' title='bbox 1087 2669 1180 2716; x_wconf 84' lang='lat' dir='ltr'><strong>post</strong></span> <span class='ocrx_word' id='word_1_285' title='bbox 1206 2664 1374 2714; x_wconf 88' lang='lat' dir='ltr'><strong>pellicia</strong></span> <span class='ocrx_word' id='word_1_286' title='bbox 1402 2666 1543 2714; x_wconf 79' lang='lat' dir='ltr'><strong>(xxw.</strong></span> <span class='ocrx_word' id='word_1_287' title='bbox 1580 2666 1619 2713; x_wconf 84' lang='lat'><strong>1)</strong></span> <span class='ocrx_word' id='word_1_288' title='bbox 1649 2670 1804 2715; x_wconf 82' lang='lat' dir='ltr'><strong>transp.</strong></span> <span class='ocrx_word' id='word_1_289' title='bbox 1832 2665 1874 2703; x_wconf 84' lang='lat' dir='ltr'><em>F</em></span> 
     </span>
     <span class='ocr_line' id='line_1_33' title="bbox 126 2719 1867 2771; baseline -0.002 -12"><span class='ocrx_word' id='word_1_290' title='bbox 126 2724 150 2759; x_wconf 92' lang='lat'>8</span> <span class='ocrx_word' id='word_1_291' title='bbox 181 2723 255 2761; x_wconf 91' lang='lat' dir='ltr'><strong>sed</strong></span> <span class='ocrx_word' id='word_1_292' title='bbox 295 2727 396 2771; x_wconf 87' lang='lat' dir='ltr'><strong>aput</strong></span> <span class='ocrx_word' id='word_1_293' title='bbox 429 2721 785 2760; x_wconf 89' lang='lat' dir='ltr'><strong>consuetudinem</strong></span> <span class='ocrx_word' id='word_1_294' title='bbox 821 2734 879 2760; x_wconf 87' lang='lat' dir='ltr'><strong>se.</strong></span> <span class='ocrx_word' id='word_1_295' title='bbox 914 2734 977 2759; x_wconf 88' lang='lat' dir='ltr'><strong>au.</strong></span> <span class='ocrx_word' id='word_1_296' title='bbox 1020 2719 1295 2758; x_wconf 85' lang='lat' dir='ltr'><strong>confunditur</strong></span> <span class='ocrx_word' id='word_1_297' title='bbox 1324 2719 1414 2758; x_wconf 89' lang='lat' dir='ltr'><strong>KN</strong></span> <span class='ocrx_word' id='word_1_298' title='bbox 1440 2720 1543 2770; x_wconf 83' lang='lat' dir='ltr'><strong>(non</strong></span> <span class='ocrx_word' id='word_1_299' title='bbox 1572 2720 1629 2771; x_wconf 64' lang='lat' dir='ltr'><strong>F&gt;</strong></span> <span class='ocrx_word' id='word_1_300' title='bbox 1751 2733 1777 2769; x_wconf 92' lang='lat'><strong>9</strong></span> <span class='ocrx_word' id='word_1_301' title='bbox 1806 2720 1867 2756; x_wconf 91' lang='lat' dir='ltr'><strong>in-</strong></span> 
     </span>
     <span class='ocr_line' id='line_1_34' title="bbox 128 2773 1873 2824; baseline -0.002 -9"><span class='ocrx_word' id='word_1_302' title='bbox 128 2777 293 2815; x_wconf 87' lang='lat' dir='ltr'><strong>ducitur</strong></span> <span class='ocrx_word' id='word_1_303' title='bbox 333 2775 367 2814; x_wconf 88' lang='lat' dir='ltr'><em>C</em></span> <span class='ocrx_word' id='word_1_304' title='bbox 619 2789 659 2813; x_wconf 86' lang='lat'><strong>11</strong></span> <span class='ocrx_word' id='word_1_305' title='bbox 693 2776 847 2814; x_wconf 82' lang='lat' dir='ltr'><strong>lautius</strong></span> <span class='ocrx_word' id='word_1_306' title='bbox 887 2775 928 2812; x_wconf 88' lang='grc' dir='ltr'><em>Β</em></span> <span class='ocrx_word' id='word_1_307' title='bbox 1106 2773 1263 2824; x_wconf 90' lang='lat' dir='ltr'><strong>cultus]</strong></span> <span class='ocrx_word' id='word_1_308' title='bbox 1304 2775 1422 2812; x_wconf 89' lang='lat' dir='ltr'><strong>cuius</strong></span> <span class='ocrx_word' id='word_1_309' title='bbox 1468 2774 1506 2812; x_wconf 92' lang='lat' dir='ltr'><em>T</em></span> <span class='ocrx_word' id='word_1_310' title='bbox 1678 2774 1788 2812; x_wconf 90' lang='lat' dir='ltr'><strong>idem</strong></span> <span class='ocrx_word' id='word_1_311' title='bbox 1828 2773 1873 2811; x_wconf 91' lang='lat' dir='ltr'><em>K</em></span> 
     </span>
     <span class='ocr_line' id='line_1_35' title="bbox 132 2828 1868 2880; baseline -0.001 -12"><span class='ocrx_word' id='word_1_312' title='bbox 132 2844 180 2880; x_wconf 87' lang='lat'><strong>13</strong></span> <span class='ocrx_word' id='word_1_313' title='bbox 209 2830 416 2880; x_wconf 87' lang='lat' dir='ltr'><strong>Pleraque</strong></span> <span class='ocrx_word' id='word_1_314' title='bbox 438 2830 473 2869; x_wconf 81' lang='lat' dir='ltr'>C</span> <span class='ocrx_word' id='word_1_315' title='bbox 604 2837 673 2869; x_wconf 84' lang='lat' dir='ltr'><strong>aut</strong></span> <span class='ocrx_word' id='word_1_316' title='bbox 693 2837 825 2880; x_wconf 91' lang='lat' dir='ltr'><strong>temp.</strong></span> <span class='ocrx_word' id='word_1_317' title='bbox 846 2830 912 2868; x_wconf 89' lang='lat' dir='ltr'><strong>B:</strong></span> <span class='ocrx_word' id='word_1_318' title='bbox 941 2843 965 2868; x_wconf 90' lang='lat' dir='ltr'><strong>a</strong></span> <span class='ocrx_word' id='word_1_319' title='bbox 985 2835 1112 2879; x_wconf 87' lang='lat' dir='ltr'><strong>temp.</strong></span> <span class='ocrx_word' id='word_1_320' title='bbox 1133 2829 1178 2867; x_wconf 90' lang='lat' dir='ltr'><em>K</em></span> <span class='ocrx_word' id='word_1_321' title='bbox 1369 2841 1417 2878; x_wconf 90' lang='lat'><strong>15</strong></span> <span class='ocrx_word' id='word_1_322' title='bbox 1447 2829 1590 2868; x_wconf 85' lang='lat' dir='ltr'><strong>taloris</strong></span> <span class='ocrx_word' id='word_1_323' title='bbox 1614 2828 1660 2867; x_wconf 80' lang='lat' dir='ltr'><strong>C1</strong></span> <span class='ocrx_word' id='word_1_324' title='bbox 1803 2841 1868 2867; x_wconf 88' lang='lat' dir='ltr'><strong>re-</strong></span> 
     </span>
     <span class='ocr_line' id='line_1_36' title="bbox 130 2882 1871 2935; baseline -0.001 -11"><span class='ocrx_word' id='word_1_325' title='bbox 130 2885 309 2935; x_wconf 86' lang='lat' dir='ltr'><strong>pertoris</strong></span> <span class='ocrx_word' id='word_1_326' title='bbox 329 2885 375 2924; x_wconf 93' lang='lat' dir='ltr'><em>K</em></span> <span class='ocrx_word' id='word_1_327' title='bbox 498 2887 547 2923; x_wconf 88' lang='lat'><strong>16</strong></span> <span class='ocrx_word' id='word_1_328' title='bbox 575 2885 877 2935; x_wconf 86' lang='lat' dir='ltr'><strong>parizomatum</strong></span> <span class='ocrx_word' id='word_1_329' title='bbox 898 2884 1003 2923; x_wconf 88' lang='lat' dir='ltr'><strong>BT:</strong></span> <span class='ocrx_word' id='word_1_330' title='bbox 1033 2897 1088 2922; x_wconf 85' lang='lat' dir='ltr'><strong>an</strong></span> <span class='ocrx_word' id='word_1_331' title='bbox 1107 2883 1412 2933; x_wconf 64' lang='lat' dir='ltr'><strong>perizomatin&#39;l</strong></span> <span class='ocrx_word' id='word_1_332' title='bbox 1546 2896 1592 2932; x_wconf 91' lang='lat'><strong>17</strong></span> <span class='ocrx_word' id='word_1_333' title='bbox 1624 2883 1799 2932; x_wconf 89' lang='lat' dir='ltr'><strong>gentilia</strong></span> <span class='ocrx_word' id='word_1_334' title='bbox 1821 2882 1871 2922; x_wconf 85' lang='lat' dir='ltr'><strong>C1</strong></span> 
     </span>
     <span class='ocr_line' id='line_1_37' title="bbox 135 2936 1875 2990; baseline -0.002 -11"><span class='ocrx_word' id='word_1_335' title='bbox 135 2941 184 2979; x_wconf 91' lang='lat'><strong>18</strong></span> <span class='ocrx_word' id='word_1_336' title='bbox 213 2939 258 2990; x_wconf 85' lang='lat' dir='ltr'><strong>e]</strong></span> <span class='ocrx_word' id='word_1_337' title='bbox 281 2941 333 2980; x_wconf 91' lang='lat' dir='ltr'><strong>de</strong></span> <span class='ocrx_word' id='word_1_338' title='bbox 353 2939 399 2978; x_wconf 90' lang='lat' dir='ltr'><em>K</em></span> <span class='ocrx_word' id='word_1_339' title='bbox 506 2940 704 2989; x_wconf 89' lang='lat' dir='ltr'><strong>quoniam</strong></span> <span class='ocrx_word' id='word_1_340' title='bbox 727 2939 798 2980; x_wconf 84' lang='lat' dir='ltr'><strong>K:</strong></span> <span class='ocrx_word' id='word_1_341' title='bbox 826 2952 953 2988; x_wconf 88' lang='lat' dir='ltr'><strong>quum</strong></span> <span class='ocrx_word' id='word_1_342' title='bbox 982 2939 1032 2978; x_wconf 87' lang='lat' dir='ltr'><strong>T:</strong></span> <span class='ocrx_word' id='word_1_343' title='bbox 1063 2939 1233 2988; x_wconf 83' lang='lat' dir='ltr'><strong>quando</strong></span> <span class='ocrx_word' id='word_1_344' title='bbox 1254 2937 1332 2978; x_wconf 89' lang='lat' dir='ltr'><strong>BC</strong></span> <span class='ocrx_word' id='word_1_345' title='bbox 1462 2950 1509 2976; x_wconf 84' lang='lat'><strong>21</strong></span> <span class='ocrx_word' id='word_1_346' title='bbox 1544 2936 1812 2988; x_wconf 88' lang='lat' dir='ltr'><strong>campisteria</strong></span> <span class='ocrx_word' id='word_1_347' title='bbox 1829 2937 1875 2976; x_wconf 93' lang='lat' dir='ltr'><em>K</em></span> 
     </span>
     <span class='ocr_line' id='line_1_38' title="bbox 129 2991 1870 3044; baseline -0.002 -11"><span class='ocrx_word' id='word_1_348' title='bbox 129 2995 243 3044; x_wconf 89' lang='lat' dir='ltr'><strong>quod</strong></span> <span class='ocrx_word' id='word_1_349' title='bbox 264 2994 316 3033; x_wconf 92' lang='lat' dir='ltr'><strong>de</strong></span> <span class='ocrx_word' id='word_1_350' title='bbox 335 2995 469 3034; x_wconf 90' lang='lat' dir='ltr'><strong>isdem</strong></span> <span class='ocrx_word' id='word_1_351' title='bbox 490 2994 536 3032; x_wconf 91' lang='lat' dir='ltr'><em>K</em></span> <span class='ocrx_word' id='word_1_352' title='bbox 755 3008 807 3044; x_wconf 84' lang='lat'><strong>23</strong></span> <span class='ocrx_word' id='word_1_353' title='bbox 836 2994 996 3032; x_wconf 86' lang='lat' dir='ltr'><strong>Tunica</strong></span> <span class='ocrx_word' id='word_1_354' title='bbox 1015 2992 1126 3033; x_wconf 87' lang='lat' dir='ltr'><strong>codd.</strong></span> <span class='ocrx_word' id='word_1_355' title='bbox 1297 2993 1432 3044; x_wconf 89' lang='lat' dir='ltr'><strong>motu]</strong></span> <span class='ocrx_word' id='word_1_356' title='bbox 1455 2993 1621 3031; x_wconf 88' lang='lat' dir='ltr'><strong>modum</strong></span> <span class='ocrx_word' id='word_1_357' title='bbox 1644 2991 1712 3030; x_wconf 89' lang='lat' dir='ltr'><strong>K:</strong></span> <span class='ocrx_word' id='word_1_358' title='bbox 1745 2993 1870 3031; x_wconf 91' lang='lat' dir='ltr'><strong>modo</strong></span> 
     </span>
    </p>
   </div>
   <div class='ocr_carea' id='block_1_4' title="bbox 133 3046 1871 3143">
    <p class='ocr_par' dir='ltr' id='par_1_4' title="bbox 133 3046 1871 3143">
     <span class='ocr_line' id='line_1_39' title="bbox 139 3046 1871 3099; baseline -0.002 -11"><span class='ocrx_word' id='word_1_359' title='bbox 139 3049 294 3098; x_wconf 85' lang='lat' dir='ltr'><strong>T(non</strong></span> <span class='ocrx_word' id='word_1_360' title='bbox 322 3047 375 3097; x_wconf 57' lang='lat' dir='ltr'><strong>U?</strong></span> <span class='ocrx_word' id='word_1_361' title='bbox 513 3060 563 3097; x_wconf 84' lang='lat'><strong>25</strong></span> <span class='ocrx_word' id='word_1_362' title='bbox 595 3050 762 3088; x_wconf 89' lang='lat' dir='ltr'><strong>tunicae</strong></span> <span class='ocrx_word' id='word_1_363' title='bbox 783 3061 864 3088; x_wconf 83' lang='lat' dir='ltr'><strong>om.</strong></span> <span class='ocrx_word' id='word_1_364' title='bbox 890 3047 980 3086; x_wconf 90' lang='grc' dir='ltr'><strong>ΚΝ</strong></span> <span class='ocrx_word' id='word_1_365' title='bbox 997 3051 1098 3099; x_wconf 75' lang='lat' dir='ltr'><strong>(uon</strong></span> <span class='ocrx_word' id='word_1_366' title='bbox 1125 3046 1179 3098; x_wconf 71' lang='lat' dir='ltr'><strong>U)</strong></span> <span class='ocrx_word' id='word_1_367' title='bbox 1324 3047 1485 3086; x_wconf 80' lang='lat' dir='ltr'><strong>oflensa</strong></span> <span class='ocrx_word' id='word_1_368' title='bbox 1505 3046 1595 3086; x_wconf 90' lang='lat' dir='ltr'><strong>KN</strong></span> <span class='ocrx_word' id='word_1_369' title='bbox 1741 3059 1790 3095; x_wconf 85' lang='lat'><strong>27</strong></span> <span class='ocrx_word' id='word_1_370' title='bbox 1820 3047 1871 3085; x_wconf 90' lang='lat' dir='ltr'><strong>ad</strong></span> 
     </span>
     <span class='ocr_line' id='line_1_40' title="bbox 133 3101 702 3143; baseline -0.002 -1"><span class='ocrx_word' id='word_1_371' title='bbox 133 3117 213 3143; x_wconf 85' lang='lat' dir='ltr'><strong>om.</strong></span> <span class='ocrx_word' id='word_1_372' title='bbox 238 3101 326 3142; x_wconf 88' lang='grc' dir='ltr'><strong>ΒΚ</strong></span> <span class='ocrx_word' id='word_1_373' title='bbox 432 3103 637 3142; x_wconf 85' lang='lat' dir='ltr'><strong>discindat</strong></span> <span class='ocrx_word' id='word_1_374' title='bbox 658 3102 702 3141; x_wconf 91' lang='lat' dir='ltr'><em>K</em></span> 
     </span>
    </p>
   </div>
  </div>
 </body>
</html>
