2228 3444
472 158 1105 208 ETYMOLOGIARVM
1147 158 1275 205 LIB.
1314 157 1401 204 IV.
1438 155 1563 204 ix-xi

144 290 393 339 medicum
427 298 475 339 et
508 288 767 354 praeterita
800 304 1080 352 agnoscere,
1109 296 1160 337 et
1185 286 1462 350 praesentia
1491 285 1628 346 scire,
1651 295 1699 334 et
1731 288 1893 335 futura

141 372 438 434 praevidere.
511 371 811 431 Dinamidia,
844 378 1063 434 potestas
1097 369 1375 427 herbarum,
1404 368 1453 417 id
1491 377 1564 416 est
1597 366 1668 416 vis
1702 376 1751 417 et
1783 385 1891 431 pos·
1915 380 1944 427 3

142 453 363 503 sibilitas.
435 456 564 503 Nam
613 453 664 502 in
712 452 974 502 herbarum
1025 469 1141 500 cura
1183 450 1254 499 vis
1302 449 1409 513 ipsa
1457 450 1645 514 δύναμις
1682 449 1892 509 dicitur,-

140 537 273 585 unde
311 545 359 586 et
402 535 674 585 dinamidia
721 542 1048 598 nuncupatur,
1100 532 1185 582 ubi
1234 549 1405 581 eorum
1456 530 1734 581 medicinae
1782 530 1891 580 scri·
1915 536 1947 583 4

95 638 116 677 5
139 618 336 667 buntur.
443 618 743 667 Butanicum
803 616 1066 665 herbarum
1127 614 1306 665 dicitur
1372 615 1509 678 quod
1577 614 1645 662 ibi
1706 613 1889 663 herbae

138 709 383 750 notentur.

275 785 359 831 DE
380 795 768 832 INSTRVMENTIS
792 782 1143 829 MEmCORvM.
1194 776 1521 827 Enchiridion
1541 775 1732 826 dictum
1754 777 1889 840 quod
1913 782 1975 822 XI

141 881 291 913 manu
307 865 647 927 adstringatur,
661 864 782 912 dum
798 860 1009 926 plurima
1025 859 1278 910 contineat
1294 861 1589 909 ferramenta
1603 877 1612 918 3
1637 860 1739 924 χείρ
1755 858 1888 908 enim

141 949 330 996 Graece
363 957 539 995 manus
565 954 781 995 vocatur.
856 944 1243 993 Phlebotomum
1268 943 1333 991 ab
1360 941 1600 991 incisione
1626 951 1856 991 vocatum
1876 961 1889 1002 ‚-
1911 951 1942 985 2

70 1047 117 1075 [ο
141 1045 254 1076 nam
310 1027 484 1077 incisio
532 1030 722 1077 Graece
775 1027 896 1091 τομὴ
945 1025 1136 1075 dicitur.
1231 1023 1487 1074 Similaria.
1583 1023 1941 1088 Angistrum.3

64 1452 109 1495 15

61 1861 111 1890 20

139 1112 435 1174 Spatomele.
526 1111 683 1170 Guva,
723 1126 850 1172 quae
891 1126 920 1158 a
958 1107 1146 1157 Latinis
1189 1124 1218 1156 a
1255 1106 1577 1156 similitudine
1615 1106 1884 1167 cucurbita,

136 1211 164 1241 a
190 1192 398 1257 suspirio
423 1201 631 1241 ventosa
655 1200 870 1241 vocatur.
948 1189 1181 1253 Denique
1214 1188 1432 1238 animata
1458 1188 1630 1253 spiritu
1658 1205 1742 1252 per
1768 1188 1887 1252 igni-

136 1276 317 1335 culum,
346 1273 528 1323 dehinc
563 1272 783 1337 praeciso
818 1271 1013 1338 corpori
1047 1270 1356 1336 superposita
1390 1287 1554 1330 omne,
1592 1271 1728 1334 quod
1762 1269 1889 1319 intra

136 1366 300 1405 cutem
354 1357 430 1405 vel
485 1355 629 1404 altius
686 1364 890 1415 aestuat,
942 1354 1043 1403 sive
1098 1355 1371 1413 humorem,
1423 1352 1523 1402 sive
1578 1351 1884 1416 sanguinem,

136 1446 307 1486 evocat
344 1437 394 1485 in
432 1438 760 1501 superficiem.
834 1437 1055 1488 Clistere.
1132 1435 1238 1484 Pila
1272 1453 1301 1483 a
1338 1434 1557 1499 pisendis
1595 1433 1881 1495 seminibus,
1907 1449 1939 1495 4

135 1516 186 1567 id
223 1528 296 1567 est
334 1519 561 1569 terendis.
638 1519 774 1567 Hinc
812 1528 860 1567 et
896 1517 1161 1582 pigmenta,
1206 1533 1265 1566 eo
1303 1518 1439 1581 quod
1478 1516 1527 1565 in
1566 1516 1663 1580 pila
1700 1527 1748 1566 et
1784 1517 1886 1581 pilo

135 1609 356 1663 aguntur,
397 1602 536 1665 quasi
578 1601 880 1666 piligmenta.
957 1602 1046 1649 Est
1090 1599 1222 1648 enim
1266 1599 1364 1663 pila
1401 1615 1484 1648 vas
1527 1616 1803 1648 concavum
1841 1609 1887 1648 et

136 1682 442 1733 medicorum
479 1693 650 1748 aptum
688 1683 812 1744 usui,
841 1682 892 1731 in
931 1699 1030 1746 quo
1066 1681 1263 1746 proprie
1300 1681 1524 1745 ptisanae
1562 1681 1665 1731 fieri
1703 1691 1750 1731 et
1789 1681 1886 1745 pig-

136 1777 302 1816 menta
318 1767 515 1818 concidi
527 1770 702 1818 solent.
747 1770 902 1816 Varro
918 1776 1084 1816 autem
1105 1768 1248 1815 refert
1266 1764 1614 1832 Pilumn[i]um
1633 1763 1882 1830 quendam
1906 1777 1938 1826 5

135 1847 184 1896 in
212 1848 354 1898 Italia
378 1849 542 1911 fuisse,
571 1849 655 1913 qui
690 1849 946 1914 pinsendis
982 1848 1192 1913 praefuit
1226 1847 1366 1909 arvis,
1396 1849 1530 1896 unde
1558 1846 1649 1914 [et]
1676 1848 1885 1911 pilumni

134 1940 181 1979 et
218 1930 438 1995 pistores.
513 1932 594 1980 Ab
631 1933 727 1981 hoc
764 1931 908 1996 igitur
944 1931 1099 1996 pilum
1137 1939 1185 1980 et
1220 1930 1370 1994 pilam
1409 1930 1674 1988 inventam,
1705 1929 1886 1993 quibus

134 2014 203 2061 sar
236 2012 456 2076 pinsitur,
487 2024 534 2062 et
563 2031 620 2062 ex
646 2013 750 2062 eius
776 2013 981 2062 nomine
1006 2012 1073 2061 ita
1097 2013 1355 2075 appellata.
1430 2010 1590 2059 Pilum
1617 2020 1783 2060 autem
1810 2023 1883 2061 est

133 2095 266 2143 unde
293 2094 615 2143 contunditur
641 2094 885 2158 quidquid
911 2093 962 2141 in
987 2094 1086 2157 pila
1112 2092 1333 2141 mittitur.
1409 2090 1717 2152 Mortarium‚
1747 2092 1880 2154 quod
1905 2093 1938 2139 6

134 2175 201 2225 ibi
245 2175 341 2224 iam
386 2175 575 2225 semina
617 2176 666 2224 in
709 2178 960 2241 pulverem
1004 2176 1203 2224 redacta
1245 2185 1292 2224 et
1336 2183 1529 2223 mortua
1571 2172 1879 2222 condiantur.

192 2320 207 2345 1
241 2321 500 2359 cognoscere
522 2308 561 2347 B
727 2320 751 2345 2
785 2307 1035 2346 Dinamedia
1055 2306 1166 2347 codd.
1316 2312 1404 2357 pot.
1428 2311 1493 2344 est
1515 2305 1632 2346 herb.
1659 2304 1694 2343 C
1840 2306 1881 2345 id

134 2363 220 2414 est]
233 2362 346 2403 idem
360 2363 399 2402 Β
509 2377 534 2413 3
556 2375 699 2402 earum
713 2362 911 2402 Sclzwarz
1042 2376 1066 2411 4
1089 2361 1329 2401 dinamedia
1347 2361 1470 2399 BCK
1577 2372 1601 2410 5
1625 2361 1720 2400 But.
1739 2366 1881 2400 autem

131 2417 174 2457 h.
205 2417 242 2456 T
436 2418 646 2457 erbarium
671 2418 706 2456 C
903 2418 928 2456 8
958 2417 1206 2456 contineant
1234 2416 1274 2454 Β
1492 2414 1600 2467 χείρ]
1631 2416 1749 2454 ciron
1779 2415 1880 2454 ET:

132 2472 278 2511 chiron
298 2470 367 2511 K:
397 2486 499 2523 cyro
520 2473 586 2512 B:
617 2486 750 2523 cyron
776 2472 810 2511 C
968 2485 995 2521 9
1022 2477 1196 2511 vocatur
1215 2469 1332 2509 BCE
1338 2470 1398 2510 T:
1429 2470 1582 2510 dicitur
1600 2470 1646 2509 K
1791 2469 1822 2507 F
1826 2470 1880 2508 le-

133 2526 347 2567 botomum
362 2527 402 2566 Β
423 2541 431 2566 :
454 2527 747 2567 Fleuthomum
766 2526 814 2566 C¹
834 2542 840 2566 :
865 2527 897 2565 F
900 2527 1157 2565 leothomum
1173 2524 1219 2563 K
1236 2539 1244 2562 ι
1267 2527 1298 2564 F
1300 2526 1527 2565 leotomum
1549 2524 1585 2563 T
1687 2537 1735 2563 10
1754 2523 1880 2574 τομή]

133 2586 289 2620 tomum
313 2581 441 2634 (tho-3
464 2582 575 2622 codd.
740 2595 783 2620 11
816 2581 1050 2632 spatomele
1072 2581 1113 2618 Β
1133 2595 1142 2619 :
1171 2581 1404 2631 spatumele
1430 2580 1484 2621 C:
1518 2579 1788 2630 spathumele
1810 2577 1877 2618 K:

131 2636 389 2686 sapatomele
410 2635 447 2675 T
526 2650 633 2687 guva
646 2636 727 2676 BE
735 2636 772 2675 T
784 2650 791 2675 :
815 2649 918 2687 gura
934 2635 968 2674 C
971 2635 983 2657 ¹
1003 2651 1012 2675 ε
1033 2648 1133 2674 cura
1146 2633 1191 2672 K
1271 2635 1485 2674 cocurbite
1499 2633 1546 2671 K
1666 2647 1713 2673 12
1742 2633 1880 2672 anima

131 2688 177 2727 K
306 2704 354 2741 13
383 2691 550 2742 prociso
571 2690 618 2729 K
725 2691 916 2741 corporis
941 2689 975 2729 C
979 2690 990 2713 ¹
1105 2702 1154 2738 14
1183 2691 1369 2742 aestuat]
1390 2695 1482 2728 aest
1502 2688 1563 2726 Kl
1678 2700 1727 2736 15
1757 2694 1880 2727 vocat

131 2743 198 2784 B:
228 2752 401 2784 evacuat
429 2744 466 2784 T
582 2746 798 2785 clisterem
825 2745 863 2784 T
969 2745 1137 2795 pisendi
1158 2743 1204 2782 K
1394 2757 1440 2792 17
1472 2757 1538 2793 qu.
1565 2743 1820 2794 pilagmenta
1848 2740 1884 2779 T

130 2799 242 2839 enim
263 2799 445 2840 BCET:
477 2807 617 2840 autem
638 2799 684 2838 K
879 2802 927 2839 18
956 2800 1055 2839 abtu
1085 2798 1123 2837 T
1282 2812 1366 2849 qua
1386 2799 1503 2837 BCE
1666 2803 1708 2836 et
1729 2810 1811 2835 om.
1835 2795 1883 2833 K

130 2867 184 2893 20
213 2855 446 2905 pensendis
466 2854 602 2895 BClE
620 2869 628 2894 :
657 2854 827 2906 pisendi
848 2854 913 2896 K:
951 2854 1170 2906 pinsandis
1198 2852 1235 2892 T
1341 2860 1384 2893 et
1400 2854 1494 2894 hab.
1515 2851 1654 2892 BCE:
1685 2864 1770 2890 om,
1795 2849 1884 2889 KT

131 2921 179 2947 21
212 2909 298 2960 pila
318 2910 492 2950 inventa
512 2916 577 2951 est
596 2911 688 2960 quis
709 2908 755 2947 K
939 2923 991 2949 22
1022 2910 1085 2948 far
1105 2909 1269 2959 pisetur
1289 2907 1335 2947 K
1353 2923 1362 2948 ε
1388 2908 1451 2948 sar
1470 2908 1666 2959 pinsatur
1693 2904 1750 2944 T:
1782 2918 1877 2956 per-

131 2964 324 3011 pensitur
343 2964 384 3003 E
507 2965 743 3017 appellatur
781 2963 817 3002 T
939 2969 1004 3003 est
1033 2977 1115 3003 om.
1149 2962 1194 3000 K
1373 2977 1425 3014 23
1453 2960 1676 3013 quidquid]
1700 2959 1812 3010 quod
1835 2958 1880 2998 K

132 3029 182 3065 24
212 3018 419 3058 seminum
447 3018 484 3057 T
589 3019 841 3060 condiantur
861 3017 1004 3057 BCT:
1034 3023 1310 3058 conterantur
1332 3017 1377 3056 K

187 3116 288 3154 1182
678 3160 685 3167 .
987 3132 1021 3165 N
