2176 3424
283 134 918 185 ETYMOLOGIARVM
956 133 1085 180 LIB.
1126 133 1324 178 XVIII.
1365 129 1662 178 xxxi-xxxvii

98 267 316 327 libidine,
346 276 398 314 ut
423 267 616 314 fabulae
643 267 816 323 ferunt,
844 271 1140 326 procreatus,
1166 269 1447 324 portentum
1483 258 1846 317 daemonicum,

98 349 252 397 immo
290 347 531 405 diaboluS‚
575 345 660 408 qui
701 346 886 408 primus
931 342 1114 391 Iunoni
1161 357 1356 390 currum
1404 340 1665 389 dedicavit.
1737 342 1847 388 Tali

98 438 299 479 auctore
324 429 589 491 quadrigae
614 428 885 490 productae
910 434 1038 473 sunt.

234 513 316 558 DE
342 522 530 558 CVRRV.
604 509 787 557 Currus
819 515 984 554 autem
1020 522 1050 553 a
1078 521 1223 553 cursu
1257 503 1432 563 dictus,
1460 504 1538 551 vel
1571 501 1686 565 quia
1719 511 1849 550 rotas
1874 505 2043 544 XXXV

53 604 75 644 5
100 593 281 640 habere
306 590 498 639 videtur
526 586 746 655 [multas]
761 607 773 648 5
819 589 954 636 unde
980 595 1028 635 et
1053 603 1245 635 carrum
1271 583 1410 647 quasi
1435 601 1645 632 currum.
1720 585 1851 644 Qua-

100 673 345 736 drigarum
372 688 486 720 vero
513 688 680 719 currus
703 668 889 733 duplici
918 670 1035 717 olim
1057 678 1258 716 temone
1277 676 1414 715 erant
1438 676 1778 729 perpetuoque
1803 674 1851 714 et

101 757 184 817 qui
205 754 437 802 omnibus
458 752 596 815 equis
622 752 883 800 iniceretur
903 752 1030 814 iugo.
1084 749 1277 798 Primus
1295 747 1575 798 Clisthenes
1592 747 1850 810 Sicyonius
1873 758 1902 791 2

100 846 290 885 tantum
318 835 508 884 medios
533 834 726 898 iugavit,
747 835 917 896 eisque
933 832 1150 896 singulos
1175 847 1234 880 ex
1253 839 1459 893 utraque
1479 840 1616 893 parte
1641 829 1851 892 simplici

100 915 298 964 vinculo
343 916 620 978 adplicavit,
672 931 796 977 quos
836 913 1014 963 Graeci
1061 914 1382 976 σειραφόρους,
1430 911 1593 959 Latini
1635 910 1851 959 funarios

30 1012 79 1041 10
101 1007 292 1058 vocant,
320 1014 349 1045 a
372 1013 551 1061 genere
575 996 772 1056 vinculi,
801 1013 901 1058 quo
926 995 1058 1059 prius
1082 995 1420 1058 alligabantur.

237 1081 320 1126 DE
373 1093 522 1135 EQVls
577 1093 758 1134 Qvlssvs
809 1092 1090 1126 CVRRles.
1162 1075 1444 1139 Quadrigae
1494 1083 1542 1124 et
1592 1075 1748 1138 bigae,
1803 1083 1851 1123 et
1874 1082 2064 1125 XXXVI

102 1159 254 1222 trigae
279 1169 327 1208 et
352 1159 548 1222 seiugae
573 1176 602 1207 a
633 1175 842 1208 numero
876 1175 1117 1221 equorum
1147 1166 1196 1207 et
1226 1157 1340 1220 iugo
1365 1156 1499 1206 dicti.
1572 1158 1646 1204 Ex
1672 1156 1854 1219 quibus

103 1240 362 1304 quadrigas
388 1241 492 1301 soli,
511 1241 649 1304 bigas
673 1243 833 1300 lunae,
856 1242 1002 1304 trigas
1028 1240 1208 1298 inferis,
1228 1238 1418 1302 seiugas
1440 1238 1562 1298 Iovi,
1581 1240 1856 1287 desultores

106 1324 333 1372 Lucifero
350 1331 397 1371 et
424 1325 654 1386 Hespero
671 1332 996 1371 sacraverunt.
1071 1320 1375 1384 Quadrigam
1403 1322 1516 1369 ideo
1537 1320 1627 1369 soli
1647 1322 1857 1383 iungunt

33 1420 80 1460 15
105 1403 219 1466 quia
235 1421 320 1467 per
338 1413 569 1467 quattuor
587 1414 810 1467 tempora
825 1419 985 1452 annus
1000 1402 1220 1452 vertitur:
1252 1419 1379 1461 vere,
1396 1410 1595 1460 aestate,
1612 1411 1855 1450 autumno

104 1495 151 1533 et
176 1484 354 1535 hieme.
427 1485 572 1549 Bigas
596 1487 756 1545 lunae,
784 1485 1020 1548 quoniam
1057 1484 1257 1548 gemino
1289 1501 1434 1532 cursu
1468 1500 1582 1531 cum
1612 1485 1715 1532 sole
1740 1501 1855 1532 con-
1875 1497 1905 1531 2

105 1567 275 1627 tendit,
305 1567 405 1617 sive
430 1567 546 1630 quia
570 1577 618 1616 et
643 1576 791 1616 nocte
825 1576 871 1615 et
897 1566 978 1615 die
1003 1566 1210 1614 videtur.
1285 1567 1503 1628 Iungunt
1533 1564 1666 1614 enim
1697 1583 1851 1613 unum

105 1665 289 1711 equum
314 1649 521 1712 nigrum,
548 1651 755 1698 alterum
790 1648 1075 1697 candidum.
1147 1647 1320 1710 Trigas
1345 1646 1439 1695 diis
1469 1646 1646 1706 inferis,
1675 1646 1791 1710 quia
1816 1647 1855 1696 is

107 1747 192 1793 per
233 1739 329 1779 tres
365 1740 549 1780 aetates
587 1730 814 1779 homines
850 1731 915 1778 ad
952 1746 1004 1778 se
1040 1728 1193 1792 rapit:
1252 1730 1302 1776 id
1339 1738 1412 1776 est
1453 1744 1538 1791 per
1580 1727 1850 1789 infantiam,

34 1830 83 1857 20
106 1811 410 1861 iuventutem
449 1822 598 1876 atque
638 1821 902 1861 senectam.
977 1810 1155 1874 Seiuga
1202 1809 1443 1859 maximus
1492 1827 1659 1858 currus
1707 1812 1855 1859 currit

107 1896 229 1954 Iovi,
257 1905 453 1958 propter
468 1896 604 1958 quod
630 1894 899 1943 maximum
919 1895 1126 1942 deorum
1152 1909 1351 1941 suorum
1369 1909 1482 1940 eum
1504 1908 1610 1940 esse
1630 1894 1850 1941 credunt.

109 1975 233 2021 Ideo
249 1982 413 2022 autem
439 1974 556 2022 rotis
572 1972 832 2036 quadrigas
853 1988 1043 2020 currere
1062 1971 1249 2031 dicunt,
1269 1972 1369 2019 sive
1389 1972 1504 2033 quia
1518 1972 1736 2019 mundus
1763 1971 1853 2019 iste
1876 1985 1906 2029 3

106 2054 273 2102 circuli
299 2054 373 2102 sui
407 2055 654 2104 celeritate
686 2053 982 2114 transcurrit,
1011 2055 1111 2102 sive
1146 2061 1344 2116 propter
1376 2054 1544 2111 solem,
1574 2055 1689 2114 quia
1722 2055 1853 2101 volu-

106 2138 193 2186 bili
217 2136 407 2186 ambitu
432 2146 559 2185 rotat
581 2155 592 2196 3
629 2138 753 2184 sicut
777 2135 845 2184 ait
871 2135 1062 2183 Ennius
1088 2134 1240 2198 (Ann.
1266 2150 1290 2197 5
1299 2133 1410 2198 58):

36 2238 84 2281 2'5
377 2219 502 2267 Inde
535 2217 765 2281 patefecit
801 2217 947 2265 radiis
983 2227 1087 2265 rota
1123 2216 1337 2264 candida
1372 2217 1580 2264 caelum.

245 2303 327 2347 DE
376 2314 577 2348 SEPTEM
622 2313 827 2348 SPATIIS.
903 2300 1103 2361 Septem
1146 2299 1303 2360 spatia
1344 2299 1610 2360 quadrigae
1651 2306 1852 2346 currunt
1876 2300 2087 2339 XXXVII

166 2440 190 2464 2
219 2427 380 2476 primus
417 2425 518 2464 BC:
566 2438 697 2462 —mum
738 2424 783 2462 K
802 2439 810 2463 :
859 2437 943 2462 ·me
978 2423 1021 2471 (i.
1039 2437 1068 2463 e.
1109 2424 1235 2474 -mae)
1277 2423 1314 2461 T
1419 2437 1443 2472 4
1473 2428 1612 2462 autem
1649 2438 1730 2462 om.
1769 2423 1859 2462 KN

112 2481 228 2533 quia]
248 2483 358 2531 quod
383 2480 418 2519 C
592 2492 616 2529 5
647 2480 797 2518 multas
817 2479 911 2519 hab.
934 2477 1032 2518 CK:
1064 2491 1145 2518 om.
1169 2477 1255 2515 BT
1272 2478 1334 2527 (cf.
1361 2477 1459 2518 XX.
1484 2491 1560 2518 ΧΠ.
1588 2479 1629 2530 1)
1782 2492 1851 2527 qu.

112 2549 282 2575 curvum
306 2534 375 2574 K:
406 2548 474 2584 qu.
497 2547 662 2573 cursum
684 2534 764 2573 BC
870 2535 896 2570 6
925 2546 1075 2572 cursus
1098 2532 1133 2571 C
1212 2539 1303 2572 erat
1324 2531 1370 2570 K
1478 2546 1499 2582 7
1532 2533 1792 2572 inicerentur
1812 2532 1858 2570 K

112 2592 344 2630 cirestenes
369 2589 467 2628 CT:
498 2589 721 2628 ciristenes
747 2589 812 2627 U:
843 2587 1156 2626 cirestenosB:
1186 2587 1427 2637 cyristenes
1448 2586 1494 2624 K
1652 2587 1854 2626 sicionios

112 2645 168 2684 Βι
336 2645 360 2682 8
389 2644 553 2682 medius
573 2643 732 2682 BlClT
875 2643 1022 2692 eisque
1046 2641 1188 2680 BCT:
1218 2655 1311 2680 cum
1335 2641 1424 2679 KN
1597 2655 1624 2691 9
1653 2641 1854 2691 adplicuit

115 2701 254 2751 (app-)
275 2697 397 2736 BCK
568 2698 640 2738 Gr.
664 2697 864 2736 siraforos
881 2697 991 2748 (sy-)
1021 2695 1112 2735 TC:
1144 2696 1217 2736 Gr.
1240 2696 1442 2735 siraforas
1462 2695 1504 2733 Β
1522 2710 1531 2735 :
1561 2697 1634 2735 Gr.
1657 2696 1855 2735 sitaforus

115 2753 162 2791 K
314 2752 500 2791 lunarios
519 2751 587 2790 K:
618 2751 798 2790 furarios
820 2751 855 2790 C
1046 2763 1091 2789 11
1125 2756 1166 2789 et
1186 2750 1317 2800 trigae
1336 2764 1418 2789 om.
1442 2749 1547 2788 B¹K
1736 2764 1784 2789 12
1814 2757 1856 2789 et

115 2808 289 2857 seiugae
311 2820 394 2846 om.
422 2805 460 2845 T
632 2807 770 2845 dictae
789 2807 835 2845 K
1042 2817 1090 2854 13
1119 2805 1336 2854 quadrigis
1357 2804 1413 2842 Β1
1564 2805 1718 2856 trigas]
1739 2804 1859 2854 bigas

120 2863 184 2901 dis
204 2862 250 2900 K
403 2861 528 2900 inferi
556 2860 594 2898 T
747 2873 793 2909 14
823 2866 865 2900 et
886 2859 1025 2899 esfero
1047 2858 1115 2898 K:
1147 2873 1230 2898 om.
1259 2859 1297 2897 T
1450 2870 1498 2908 15
1525 2872 1601 2898 ver
1619 2859 1724 2897 BT:
1757 2872 1859 2898 vere

120 2922 163 2955 et
187 2915 233 2953 K
348 2917 396 2954 16
426 2921 468 2955 et
487 2929 568 2955 om.
592 2915 638 2954 K
744 2928 813 2964 qu.
837 2920 879 2954 et
898 2927 1008 2964 gem.
1034 2913 1069 2952 C
1186 2926 1232 2963 17
1264 2927 1328 2963 eq.
1354 2914 1438 2963 nig.
1455 2927 1523 2952 un.
1557 2914 1594 2952 T
1715 2914 1763 2950 18
1792 2927 1860 2964 qu.

123 2970 190 3009 his
210 2968 297 3007 ΒΚ
303 2969 341 3007 T
356 2971 399 3020 (i.
413 2983 444 3010 e.
466 2970 519 3021 is)
665 2981 713 3019 19
743 2969 911 3020 rapiunt
931 2970 977 3007 K
1113 2981 1166 3007 20
1196 2974 1457 3007 senectutem
1479 2967 1525 3005 K
1660 2969 1865 3007 maximos

121 3023 168 3063 K
329 3036 475 3063 cursus
498 3023 620 3063 BCK
793 3035 842 3062 21*
877 3023 963 3062 Iovi
983 3036 1064 3062 om.
1091 3022 1140 3062 C1
1161 3028 1208 3062 ut
1225 3022 1303 3063 vid.
1481 3034 1532 3071 25
1563 3022 1763 3072 patefacit
1782 3022 1870 3060 ΒΚ

121 3081 174 3118 26
202 3078 331 3118 currit
357 3078 395 3117 T
1320 3084 1323 3085 ⁷
