<?xml version="1.0" encoding="UTF-8"?>
<!DOCTYPE html PUBLIC "-//W3C//DTD XHTML 1.0 Transitional//EN"
    "http://www.w3.org/TR/xhtml1/DTD/xhtml1-transitional.dtd">
<html xmlns="http://www.w3.org/1999/xhtml" xml:lang="en" lang="en">
 <head>
  <title>
</title>
<meta http-equiv="Content-Type" content="text/html;charset=utf-8" />
  <meta name='ocr-system' content='tesseract 3.04.00' />
  <meta name='ocr-capabilities' content='ocr_page ocr_carea ocr_par ocr_line ocrx_word'/>
</head>
<body>
  <div class='ocr_page' id='page_1' title='image "./isidori01isiduoft/isidori01isiduoft_0572.png"; bbox 0 0 2176 3424; ppageno 0'>
   <div class='ocr_carea' id='block_1_1' title="bbox 1090 134 1363 183">
    <p class='ocr_par' dir='ltr' id='par_1_1' title="bbox 1090 134 1363 183">
     <span class='ocr_line' id='line_1_1' title="bbox 1090 134 1363 183; baseline 0.007 -3"><span class='ocrx_word' id='word_1_1' title='bbox 1090 134 1363 183; x_wconf 89' lang='lat' dir='ltr'><strong>ISIDORI</strong></span> 
     </span>
    </p>
   </div>
   <div class='ocr_carea' id='block_1_2' title="bbox 267 261 2105 2547">
    <p class='ocr_par' dir='ltr' id='par_1_2' title="bbox 363 261 2101 326">
     <span class='ocr_line' id='line_1_2' title="bbox 363 261 2101 326; baseline 0 -15"><span class='ocrx_word' id='word_1_2' title='bbox 363 270 702 326; x_wconf 83' lang='lat' dir='ltr'><strong>generatorem</strong></span> <span class='ocrx_word' id='word_1_3' title='bbox 751 261 1020 326; x_wconf 83' lang='lat' dir='ltr'><strong>equorum’</strong></span> <span class='ocrx_word' id='word_1_4' title='bbox 1081 263 1162 326; x_wconf 91' lang='lat' dir='ltr'><strong>(cf.</strong></span> <span class='ocrx_word' id='word_1_5' title='bbox 1179 261 1311 326; x_wconf 88' lang='lat' dir='ltr'><strong>Virg.</strong></span> <span class='ocrx_word' id='word_1_6' title='bbox 1330 266 1455 311; x_wconf 91' lang='lat' dir='ltr'><strong>Aen.</strong></span> <span class='ocrx_word' id='word_1_7' title='bbox 1478 279 1519 324; x_wconf 88' lang='lat'><strong>3,</strong></span> <span class='ocrx_word' id='word_1_8' title='bbox 1543 261 1672 326; x_wconf 86' lang='lat'><strong>704).</strong></span> <span class='ocrx_word' id='word_1_9' title='bbox 1753 263 1812 311; x_wconf 91' lang='lat' dir='ltr'><strong>In</strong></span> <span class='ocrx_word' id='word_1_10' title='bbox 1850 280 1908 312; x_wconf 90' lang='lat' dir='ltr'><strong>ea</strong></span> <span class='ocrx_word' id='word_1_11' title='bbox 1942 264 2101 311; x_wconf 86' lang='lat' dir='ltr'><strong>insula</strong></span> 
     </span>
    </p>

    <p class='ocr_par' dir='ltr' id='par_1_3' title="bbox 268 344 2102 820">
     <span class='ocr_line' id='line_1_3' title="bbox 268 344 2096 408; baseline 0.001 -16"><span class='ocrx_word' id='word_1_12' title='bbox 268 354 334 402; x_wconf 87' lang='lat'><strong>34</strong></span> <span class='ocrx_word' id='word_1_13' title='bbox 358 346 571 407; x_wconf 91' lang='lat' dir='ltr'><strong>primum</strong></span> <span class='ocrx_word' id='word_1_14' title='bbox 598 354 671 394; x_wconf 90' lang='lat' dir='ltr'><strong>est</strong></span> <span class='ocrx_word' id='word_1_15' title='bbox 696 346 895 394; x_wconf 89' lang='lat' dir='ltr'><strong>inventa</strong></span> <span class='ocrx_word' id='word_1_16' title='bbox 921 344 1197 394; x_wconf 84' lang='lat' dir='ltr'><strong>comoedia.</strong></span> <span class='ocrx_word' id='word_1_17' title='bbox 1267 346 1495 393; x_wconf 86' lang='lat' dir='ltr'><strong>Achaten</strong></span> <span class='ocrx_word' id='word_1_18' title='bbox 1515 344 1728 408; x_wconf 82' lang='lat' dir='ltr'><strong>lapidem</strong></span> <span class='ocrx_word' id='word_1_19' title='bbox 1755 345 1860 408; x_wconf 90' lang='lat' dir='ltr'><strong>ipsa</strong></span> <span class='ocrx_word' id='word_1_20' title='bbox 1884 346 2096 408; x_wconf 91' lang='lat' dir='ltr'><strong>primum</strong></span> 
     </span>
     <span class='ocr_line' id='line_1_4' title="bbox 359 426 2099 488; baseline -0.001 -12"><span class='ocrx_word' id='word_1_21' title='bbox 359 444 418 476; x_wconf 88' lang='lat' dir='ltr'><strong>ex</strong></span> <span class='ocrx_word' id='word_1_22' title='bbox 450 428 641 476; x_wconf 86' lang='lat' dir='ltr'><strong>Achate</strong></span> <span class='ocrx_word' id='word_1_23' title='bbox 680 426 883 476; x_wconf 88' lang='lat' dir='ltr'><strong>flumine</strong></span> <span class='ocrx_word' id='word_1_24' title='bbox 926 427 1076 476; x_wconf 90' lang='lat' dir='ltr'><strong>dedit.</strong></span> <span class='ocrx_word' id='word_1_25' title='bbox 1155 426 1363 475; x_wconf 88' lang='lat' dir='ltr'><strong>Parturit</strong></span> <span class='ocrx_word' id='word_1_26' title='bbox 1400 435 1448 476; x_wconf 89' lang='lat' dir='ltr'><strong>et</strong></span> <span class='ocrx_word' id='word_1_27' title='bbox 1491 443 1622 475; x_wconf 86' lang='lat' dir='ltr'><strong>mare</strong></span> <span class='ocrx_word' id='word_1_28' title='bbox 1665 427 1768 476; x_wconf 91' lang='lat' dir='ltr'><strong>eius</strong></span> <span class='ocrx_word' id='word_1_29' title='bbox 1811 426 2099 488; x_wconf 72' lang='lat' dir='ltr'><strong>corallium,</strong></span> 
     </span>
     <span class='ocr_line' id='line_1_5' title="bbox 356 507 2098 574; baseline 0.002 -19"><span class='ocrx_word' id='word_1_30' title='bbox 356 507 510 572; x_wconf 86' lang='lat' dir='ltr'><strong>gignit</strong></span> <span class='ocrx_word' id='word_1_31' title='bbox 550 518 598 558; x_wconf 92' lang='lat' dir='ltr'><strong>et</strong></span> <span class='ocrx_word' id='word_1_32' title='bbox 641 510 765 558; x_wconf 89' lang='lat' dir='ltr'><strong>sales</strong></span> <span class='ocrx_word' id='word_1_33' title='bbox 808 508 1157 573; x_wconf 87' lang='lat' dir='ltr'><strong>Agrigentinos</strong></span> <span class='ocrx_word' id='word_1_34' title='bbox 1196 508 1247 557; x_wconf 93' lang='lat' dir='ltr'><strong>in</strong></span> <span class='ocrx_word' id='word_1_35' title='bbox 1284 508 1395 573; x_wconf 89' lang='lat' dir='ltr'><strong>igne</strong></span> <span class='ocrx_word' id='word_1_36' title='bbox 1429 508 1676 568; x_wconf 87' lang='lat' dir='ltr'><strong>solubiles,</strong></span> <span class='ocrx_word' id='word_1_37' title='bbox 1714 509 2006 574; x_wconf 86' lang='lat' dir='ltr'><strong>crepitantes</strong></span> <span class='ocrx_word' id='word_1_38' title='bbox 2049 508 2098 558; x_wconf 92' lang='lat' dir='ltr'><strong>in</strong></span> 
     </span>
     <span class='ocr_line' id='line_1_6' title="bbox 359 589 2099 654; baseline 0.001 -15"><span class='ocrx_word' id='word_1_39' title='bbox 359 590 514 654; x_wconf 90' lang='lat' dir='ltr'><strong>aquis.</strong></span> <span class='ocrx_word' id='word_1_40' title='bbox 589 590 766 640; x_wconf 91' lang='lat' dir='ltr'><strong>Omnis</strong></span> <span class='ocrx_word' id='word_1_41' title='bbox 792 591 1007 640; x_wconf 87' lang='lat' dir='ltr'><strong>ambitus</strong></span> <span class='ocrx_word' id='word_1_42' title='bbox 1034 590 1138 640; x_wconf 90' lang='lat' dir='ltr'><strong>eius</strong></span> <span class='ocrx_word' id='word_1_43' title='bbox 1160 590 1401 640; x_wconf 88' lang='lat' dir='ltr'><strong>clauditur</strong></span> <span class='ocrx_word' id='word_1_44' title='bbox 1421 589 1690 640; x_wconf 90' lang='lat' dir='ltr'><strong>stadiorum</strong></span> <span class='ocrx_word' id='word_1_45' title='bbox 1707 591 1860 640; x_wconf 87' lang='lat' dir='ltr'><strong>tribus</strong></span> <span class='ocrx_word' id='word_1_46' title='bbox 1885 590 2099 640; x_wconf 92' lang='lat' dir='ltr'><strong>milibus.</strong></span> 
     </span>
     <span class='ocr_line' id='line_1_7' title="bbox 360 671 2102 739; baseline 0 -18"><span class='ocrx_word' id='word_1_47' title='bbox 360 672 617 721; x_wconf 89' lang='lat' dir='ltr'><strong>Sallustius</strong></span> <span class='ocrx_word' id='word_1_48' title='bbox 637 672 791 737; x_wconf 90' lang='lat' dir='ltr'><strong>(Hist.</strong></span> <span class='ocrx_word' id='word_1_49' title='bbox 804 691 847 733; x_wconf 90' lang='lat'><strong>4,</strong></span> <span class='ocrx_word' id='word_1_50' title='bbox 865 673 1130 739; x_wconf 31' lang='lat' dir='ltr'><strong>26)‚autem</strong></span> <span class='ocrx_word' id='word_1_51' title='bbox 1151 673 1270 723; x_wconf 88' lang='lat' dir='ltr'><strong>dicit</strong></span> <span class='ocrx_word' id='word_1_52' title='bbox 1292 672 1463 722; x_wconf 88' lang='lat' dir='ltr'><strong>Italiae</strong></span> <span class='ocrx_word' id='word_1_53' title='bbox 1483 671 1799 721; x_wconf 88' lang='lat' dir='ltr'><strong>coniunctam</strong></span> <span class='ocrx_word' id='word_1_54' title='bbox 1820 672 1968 722; x_wconf 87' lang='lat' dir='ltr'><strong>fuisse</strong></span> <span class='ocrx_word' id='word_1_55' title='bbox 1987 671 2102 723; x_wconf 89' lang='lat' dir='ltr'><strong>Sici-</strong></span> 
     </span>
     <span class='ocr_line' id='line_1_8' title="bbox 356 754 2100 820; baseline 0.001 -17"><span class='ocrx_word' id='word_1_56' title='bbox 356 755 486 816; x_wconf 89' lang='lat' dir='ltr'><strong>liam,</strong></span> <span class='ocrx_word' id='word_1_57' title='bbox 499 757 587 805; x_wconf 93' lang='lat' dir='ltr'><strong>sed</strong></span> <span class='ocrx_word' id='word_1_58' title='bbox 599 755 819 805; x_wconf 91' lang='lat' dir='ltr'><strong>medium</strong></span> <span class='ocrx_word' id='word_1_59' title='bbox 831 756 1044 819; x_wconf 90' lang='lat' dir='ltr'><strong>spatium</strong></span> <span class='ocrx_word' id='word_1_60' title='bbox 1062 757 1248 820; x_wconf 88' lang='lat' dir='ltr'><strong>impetu</strong></span> <span class='ocrx_word' id='word_1_61' title='bbox 1269 757 1414 804; x_wconf 90' lang='lat' dir='ltr'><strong>maris</strong></span> <span class='ocrx_word' id='word_1_62' title='bbox 1432 755 1644 804; x_wconf 90' lang='lat' dir='ltr'><strong>divisum</strong></span> <span class='ocrx_word' id='word_1_63' title='bbox 1662 765 1709 804; x_wconf 90' lang='lat' dir='ltr'><strong>et</strong></span> <span class='ocrx_word' id='word_1_64' title='bbox 1724 772 1811 819; x_wconf 92' lang='lat' dir='ltr'><strong>per</strong></span> <span class='ocrx_word' id='word_1_65' title='bbox 1826 754 2100 819; x_wconf 89' lang='lat' dir='ltr'><strong>angustiam</strong></span> 
     </span>
    </p>

    <p class='ocr_par' dir='ltr' id='par_1_4' title="bbox 271 836 2101 984">
     <span class='ocr_line' id='line_1_9' title="bbox 271 836 2101 902; baseline 0 -16"><span class='ocrx_word' id='word_1_66' title='bbox 271 852 334 902; x_wconf 88' lang='lat'><strong>35</strong></span> <span class='ocrx_word' id='word_1_67' title='bbox 358 837 581 886; x_wconf 88' lang='lat' dir='ltr'><strong>scissum.</strong></span> <span class='ocrx_word' id='word_1_68' title='bbox 653 839 884 902; x_wconf 89' lang='lat' dir='ltr'><strong>Thapsus</strong></span> <span class='ocrx_word' id='word_1_69' title='bbox 911 838 1070 887; x_wconf 92' lang='lat' dir='ltr'><strong>insula</strong></span> <span class='ocrx_word' id='word_1_70' title='bbox 1096 837 1265 888; x_wconf 89' lang='lat' dir='ltr'><strong>stadiis</strong></span> <span class='ocrx_word' id='word_1_71' title='bbox 1291 839 1465 887; x_wconf 92' lang='lat' dir='ltr'><strong>decem</strong></span> <span class='ocrx_word' id='word_1_72' title='bbox 1486 854 1514 885; x_wconf 90' lang='lat' dir='ltr'><strong>a</strong></span> <span class='ocrx_word' id='word_1_73' title='bbox 1535 836 1697 887; x_wconf 90' lang='lat' dir='ltr'><strong>Sicilia</strong></span> <span class='ocrx_word' id='word_1_74' title='bbox 1723 847 1912 887; x_wconf 86' lang='lat' dir='ltr'><strong>remota</strong></span> <span class='ocrx_word' id='word_1_75' title='bbox 1938 836 2101 886; x_wconf 88' lang='lat' dir='ltr'><strong>iacens</strong></span> 
     </span>
     <span class='ocr_line' id='line_1_10' title="bbox 356 918 2100 984; baseline 0 -16"><span class='ocrx_word' id='word_1_76' title='bbox 356 929 404 969; x_wconf 89' lang='lat' dir='ltr'><strong>et</strong></span> <span class='ocrx_word' id='word_1_77' title='bbox 430 919 633 984; x_wconf 88' lang='lat' dir='ltr'><strong>planior,</strong></span> <span class='ocrx_word' id='word_1_78' title='bbox 653 922 788 970; x_wconf 90' lang='lat' dir='ltr'><strong>unde</strong></span> <span class='ocrx_word' id='word_1_79' title='bbox 813 929 862 969; x_wconf 91' lang='lat' dir='ltr'><strong>et</strong></span> <span class='ocrx_word' id='word_1_80' title='bbox 887 930 1186 984; x_wconf 90' lang='lat' dir='ltr'><strong>nuncupata.</strong></span> <span class='ocrx_word' id='word_1_81' title='bbox 1238 922 1316 969; x_wconf 92' lang='lat' dir='ltr'><strong>De</strong></span> <span class='ocrx_word' id='word_1_82' title='bbox 1341 937 1439 983; x_wconf 87' lang='lat' dir='ltr'><strong>qua</strong></span> <span class='ocrx_word' id='word_1_83' title='bbox 1458 919 1699 983; x_wconf 87' lang='lat' dir='ltr'><strong>Vergilius</strong></span> <span class='ocrx_word' id='word_1_84' title='bbox 1719 919 1868 984; x_wconf 82' lang='lat' dir='ltr'><strong>(Aen.</strong></span> <span class='ocrx_word' id='word_1_85' title='bbox 1889 936 1931 982; x_wconf 87' lang='lat'><strong>3,</strong></span> <span class='ocrx_word' id='word_1_86' title='bbox 1953 918 2069 984; x_wconf 84' lang='lat'>689)</span> <span class='ocrx_word' id='word_1_87' title='bbox 2092 938 2100 968; x_wconf 74' lang='grc' dir='ltr'>ε</span> 
     </span>
    </p>

    <p class='ocr_par' dir='ltr' id='par_1_5' title="bbox 898 1002 1553 1067">
     <span class='ocr_line' id='line_1_11' title="bbox 898 1002 1553 1067; baseline -0.002 -16"><span class='ocrx_word' id='word_1_88' title='bbox 898 1005 1256 1067; x_wconf 89' lang='lat' dir='ltr'><strong>Thapsumque</strong></span> <span class='ocrx_word' id='word_1_89' title='bbox 1294 1002 1553 1052; x_wconf 91' lang='lat' dir='ltr'><strong>iacentem.</strong></span> 
     </span>
    </p>

    <p class='ocr_par' dir='ltr' id='par_1_6' title="bbox 267 1079 2104 1478">
     <span class='ocr_line' id='line_1_12' title="bbox 267 1079 2099 1149; baseline -0.002 -15"><span class='ocrx_word' id='word_1_90' title='bbox 267 1079 335 1138; x_wconf 89' lang='lat'><strong>36</strong></span> <span class='ocrx_word' id='word_1_91' title='bbox 358 1084 562 1134; x_wconf 89' lang='lat' dir='ltr'><strong>Aeoliae</strong></span> <span class='ocrx_word' id='word_1_92' title='bbox 596 1084 784 1134; x_wconf 89' lang='lat' dir='ltr'><strong>insulae</strong></span> <span class='ocrx_word' id='word_1_93' title='bbox 825 1085 1018 1135; x_wconf 90' lang='lat' dir='ltr'><strong>Siciliae</strong></span> <span class='ocrx_word' id='word_1_94' title='bbox 1060 1087 1334 1149; x_wconf 90' lang='lat' dir='ltr'><strong>appellatae</strong></span> <span class='ocrx_word' id='word_1_95' title='bbox 1377 1085 1440 1134; x_wconf 90' lang='lat' dir='ltr'><strong>ab</strong></span> <span class='ocrx_word' id='word_1_96' title='bbox 1480 1086 1640 1134; x_wconf 92' lang='lat' dir='ltr'><strong>Aeolo</strong></span> <span class='ocrx_word' id='word_1_97' title='bbox 1687 1083 1941 1147; x_wconf 87' lang='lat' dir='ltr'><strong>Hippotae</strong></span> <span class='ocrx_word' id='word_1_98' title='bbox 1984 1083 2099 1144; x_wconf 90' lang='lat' dir='ltr'><strong>filio,</strong></span> 
     </span>
     <span class='ocr_line' id='line_1_13' title="bbox 357 1167 2102 1232; baseline -0.001 -17"><span class='ocrx_word' id='word_1_99' title='bbox 357 1185 506 1231; x_wconf 88' lang='lat' dir='ltr'><strong>quem</strong></span> <span class='ocrx_word' id='word_1_100' title='bbox 542 1177 718 1230; x_wconf 90' lang='lat' dir='ltr'><strong>poetae</strong></span> <span class='ocrx_word' id='word_1_101' title='bbox 752 1169 997 1216; x_wconf 86' lang='lat' dir='ltr'><strong>finxerunt</strong></span> <span class='ocrx_word' id='word_1_102' title='bbox 1034 1185 1198 1232; x_wconf 89' lang='lat' dir='ltr'><strong>regem</strong></span> <span class='ocrx_word' id='word_1_103' title='bbox 1235 1167 1384 1217; x_wconf 90' lang='lat' dir='ltr'><strong>fuisse</strong></span> <span class='ocrx_word' id='word_1_104' title='bbox 1421 1176 1709 1216; x_wconf 85' lang='lat' dir='ltr'><strong>ventorum:</strong></span> <span class='ocrx_word' id='word_1_105' title='bbox 1748 1168 1836 1215; x_wconf 93' lang='lat' dir='ltr'><strong>sed</strong></span> <span class='ocrx_word' id='word_1_106' title='bbox 1869 1176 1922 1214; x_wconf 92' lang='lat' dir='ltr'><strong>ut</strong></span> <span class='ocrx_word' id='word_1_107' title='bbox 1946 1168 2102 1214; x_wconf 89' lang='lat' dir='ltr'><strong>Varro</strong></span> 
     </span>
     <span class='ocr_line' id='line_1_14' title="bbox 358 1247 2103 1312; baseline -0.001 -14"><span class='ocrx_word' id='word_1_108' title='bbox 358 1250 491 1310; x_wconf 90' lang='lat' dir='ltr'><strong>dicit,</strong></span> <span class='ocrx_word' id='word_1_109' title='bbox 521 1259 679 1299; x_wconf 91' lang='lat' dir='ltr'><strong>rector</strong></span> <span class='ocrx_word' id='word_1_110' title='bbox 705 1250 795 1299; x_wconf 86' lang='lat' dir='ltr'><strong>fuit</strong></span> <span class='ocrx_word' id='word_1_111' title='bbox 821 1250 1022 1299; x_wconf 91' lang='lat' dir='ltr'><strong>istarum</strong></span> <span class='ocrx_word' id='word_1_112' title='bbox 1050 1250 1333 1309; x_wconf 89' lang='lat' dir='ltr'><strong>insularum,</strong></span> <span class='ocrx_word' id='word_1_113' title='bbox 1357 1259 1404 1298; x_wconf 92' lang='lat' dir='ltr'><strong>et</strong></span> <span class='ocrx_word' id='word_1_114' title='bbox 1431 1248 1546 1312; x_wconf 89' lang='lat' dir='ltr'><strong>quia</strong></span> <span class='ocrx_word' id='word_1_115' title='bbox 1571 1265 1629 1298; x_wconf 88' lang='lat' dir='ltr'><strong>ex</strong></span> <span class='ocrx_word' id='word_1_116' title='bbox 1649 1265 1815 1297; x_wconf 90' lang='lat' dir='ltr'><strong>earum</strong></span> <span class='ocrx_word' id='word_1_117' title='bbox 1841 1247 2034 1296; x_wconf 90' lang='lat' dir='ltr'><strong>nebulis</strong></span> <span class='ocrx_word' id='word_1_118' title='bbox 2055 1258 2103 1297; x_wconf 92' lang='lat' dir='ltr'><strong>et</strong></span> 
     </span>
     <span class='ocr_line' id='line_1_15' title="bbox 357 1329 2104 1396; baseline -0.001 -16"><span class='ocrx_word' id='word_1_119' title='bbox 357 1334 495 1381; x_wconf 88' lang='lat' dir='ltr'><strong>fumo</strong></span> <span class='ocrx_word' id='word_1_120' title='bbox 521 1334 708 1382; x_wconf 88' lang='lat' dir='ltr'><strong>futuros</strong></span> <span class='ocrx_word' id='word_1_121' title='bbox 734 1333 1051 1396; x_wconf 86' lang='lat' dir='ltr'><strong>praedicebat</strong></span> <span class='ocrx_word' id='word_1_122' title='bbox 1076 1334 1220 1381; x_wconf 88' lang='lat' dir='ltr'><strong>flatus</strong></span> <span class='ocrx_word' id='word_1_123' title='bbox 1246 1341 1518 1391; x_wconf 91' lang='lat' dir='ltr'><strong>ventorum,</strong></span> <span class='ocrx_word' id='word_1_124' title='bbox 1541 1331 1605 1379; x_wconf 92' lang='lat' dir='ltr'><strong>ab</strong></span> <span class='ocrx_word' id='word_1_125' title='bbox 1630 1330 1848 1392; x_wconf 92' lang='lat' dir='ltr'><strong>inperitis</strong></span> <span class='ocrx_word' id='word_1_126' title='bbox 1874 1329 2004 1378; x_wconf 91' lang='lat' dir='ltr'><strong>visus</strong></span> <span class='ocrx_word' id='word_1_127' title='bbox 2030 1339 2104 1379; x_wconf 90' lang='lat' dir='ltr'><strong>est</strong></span> 
     </span>
     <span class='ocr_line' id='line_1_16' title="bbox 357 1411 2102 1478; baseline -0.001 -15"><span class='ocrx_word' id='word_1_128' title='bbox 357 1424 532 1463; x_wconf 89' lang='lat' dir='ltr'><strong>ventos</strong></span> <span class='ocrx_word' id='word_1_129' title='bbox 559 1432 646 1463; x_wconf 89' lang='lat' dir='ltr'><strong>sua</strong></span> <span class='ocrx_word' id='word_1_130' title='bbox 671 1424 915 1478; x_wconf 88' lang='lat' dir='ltr'><strong>potestate</strong></span> <span class='ocrx_word' id='word_1_131' title='bbox 941 1414 1213 1464; x_wconf 90' lang='lat' dir='ltr'><strong>retinuisse.</strong></span> <span class='ocrx_word' id='word_1_132' title='bbox 1291 1415 1512 1463; x_wconf 88' lang='lat' dir='ltr'><strong>Eaedem</strong></span> <span class='ocrx_word' id='word_1_133' title='bbox 1539 1412 1727 1461; x_wconf 90' lang='lat' dir='ltr'><strong>insulae</strong></span> <span class='ocrx_word' id='word_1_134' title='bbox 1752 1422 1800 1461; x_wconf 91' lang='lat' dir='ltr'><strong>et</strong></span> <span class='ocrx_word' id='word_1_135' title='bbox 1831 1411 2102 1461; x_wconf 88' lang='lat' dir='ltr'><strong>Vulcaniae</strong></span> 
     </span>
    </p>

    <p class='ocr_par' dir='ltr' id='par_1_7' title="bbox 273 1496 2105 2051">
     <span class='ocr_line' id='line_1_17' title="bbox 273 1496 2102 1560; baseline -0.002 -14"><span class='ocrx_word' id='word_1_136' title='bbox 273 1506 335 1556; x_wconf 89' lang='lat'><strong>37</strong></span> <span class='ocrx_word' id='word_1_137' title='bbox 359 1507 609 1557; x_wconf 90' lang='lat' dir='ltr'><strong>vocantur,</strong></span> <span class='ocrx_word' id='word_1_138' title='bbox 649 1499 786 1560; x_wconf 88' lang='lat' dir='ltr'><strong>quod</strong></span> <span class='ocrx_word' id='word_1_139' title='bbox 823 1507 870 1546; x_wconf 93' lang='lat' dir='ltr'><strong>et</strong></span> <span class='ocrx_word' id='word_1_140' title='bbox 908 1497 1042 1560; x_wconf 90' lang='lat' dir='ltr'><strong>ipsae</strong></span> <span class='ocrx_word' id='word_1_141' title='bbox 1085 1496 1209 1546; x_wconf 90' lang='lat' dir='ltr'><strong>sicut</strong></span> <span class='ocrx_word' id='word_1_142' title='bbox 1248 1497 1449 1546; x_wconf 88' lang='lat' dir='ltr'><strong>Aethna</strong></span> <span class='ocrx_word' id='word_1_143' title='bbox 1484 1496 1701 1544; x_wconf 90' lang='lat' dir='ltr'><strong>ardeant.</strong></span> <span class='ocrx_word' id='word_1_144' title='bbox 1777 1497 1901 1544; x_wconf 89' lang='lat' dir='ltr'><strong>Sunt</strong></span> <span class='ocrx_word' id='word_1_145' title='bbox 1935 1503 2102 1544; x_wconf 89' lang='lat' dir='ltr'><strong>autem</strong></span> 
     </span>
     <span class='ocr_line' id='line_1_18' title="bbox 358 1576 2102 1643; baseline -0.003 -14"><span class='ocrx_word' id='word_1_146' title='bbox 358 1597 537 1629; x_wconf 90' lang='lat' dir='ltr'><strong>novem</strong></span> <span class='ocrx_word' id='word_1_147' title='bbox 574 1579 816 1628; x_wconf 89' lang='lat' dir='ltr'><strong>habentes</strong></span> <span class='ocrx_word' id='word_1_148' title='bbox 853 1579 1049 1643; x_wconf 91' lang='lat' dir='ltr'><strong>propria</strong></span> <span class='ocrx_word' id='word_1_149' title='bbox 1090 1578 1307 1628; x_wconf 89' lang='lat' dir='ltr'><strong>nomina.</strong></span> <span class='ocrx_word' id='word_1_150' title='bbox 1383 1581 1606 1640; x_wconf 84' lang='lat' dir='ltr'><strong>Quarum</strong></span> <span class='ocrx_word' id='word_1_151' title='bbox 1643 1576 1852 1641; x_wconf 91' lang='lat' dir='ltr'><strong>primam</strong></span> <span class='ocrx_word' id='word_1_152' title='bbox 1896 1576 2102 1640; x_wconf 92' lang='lat' dir='ltr'><strong>Liparus</strong></span> 
     </span>
     <span class='ocr_line' id='line_1_19' title="bbox 357 1660 2103 1725; baseline -0.002 -15"><span class='ocrx_word' id='word_1_153' title='bbox 357 1661 560 1725; x_wconf 88' lang='lat' dir='ltr'><strong>quidam</strong></span> <span class='ocrx_word' id='word_1_154' title='bbox 601 1661 812 1725; x_wconf 91' lang='lat' dir='ltr'><strong>Liparen</strong></span> <span class='ocrx_word' id='word_1_155' title='bbox 851 1660 1056 1720; x_wconf 91' lang='lat' dir='ltr'><strong>vocavit,</strong></span> <span class='ocrx_word' id='word_1_156' title='bbox 1092 1660 1177 1724; x_wconf 86' lang='lat' dir='ltr'><strong>qui</strong></span> <span class='ocrx_word' id='word_1_157' title='bbox 1214 1677 1324 1710; x_wconf 91' lang='lat' dir='ltr'><strong>eam</strong></span> <span class='ocrx_word' id='word_1_158' title='bbox 1357 1669 1473 1709; x_wconf 93' lang='lat' dir='ltr'><strong>ante</strong></span> <span class='ocrx_word' id='word_1_159' title='bbox 1515 1661 1727 1709; x_wconf 91' lang='lat' dir='ltr'><strong>Aeolum</strong></span> <span class='ocrx_word' id='word_1_160' title='bbox 1767 1660 1887 1708; x_wconf 83' lang='lat' dir='ltr'><strong>rexit</strong></span> <span class='ocrx_word' id='word_1_161' title='bbox 1905 1677 1919 1719; x_wconf 79' lang='lat'><em>3</em></span> <span class='ocrx_word' id='word_1_162' title='bbox 1953 1660 2103 1708; x_wconf 91' lang='lat' dir='ltr'><strong>altera</strong></span> 
     </span>
     <span class='ocr_line' id='line_1_20' title="bbox 358 1740 2099 1807; baseline -0.002 -14"><span class='ocrx_word' id='word_1_163' title='bbox 358 1743 514 1793; x_wconf 89' lang='lat' dir='ltr'><strong>Hiera</strong></span> <span class='ocrx_word' id='word_1_164' title='bbox 538 1753 751 1804; x_wconf 89' lang='lat' dir='ltr'><strong>vocatur,</strong></span> <span class='ocrx_word' id='word_1_165' title='bbox 781 1744 917 1807; x_wconf 89' lang='lat' dir='ltr'><strong>quod</strong></span> <span class='ocrx_word' id='word_1_166' title='bbox 943 1742 1002 1792; x_wconf 92' lang='lat' dir='ltr'><strong>sit</strong></span> <span class='ocrx_word' id='word_1_167' title='bbox 1028 1742 1237 1792; x_wconf 91' lang='lat' dir='ltr'><strong>collibus</strong></span> <span class='ocrx_word' id='word_1_168' title='bbox 1262 1741 1662 1792; x_wconf 88' lang='lat' dir='ltr'><strong>eminentissimis</strong></span> <span class='ocrx_word' id='word_1_169' title='bbox 1682 1758 1694 1801; x_wconf 87' lang='lat'>;</span> <span class='ocrx_word' id='word_1_170' title='bbox 1731 1740 1947 1804; x_wconf 86' lang='lat' dir='ltr'><strong>reliquae</strong></span> <span class='ocrx_word' id='word_1_171' title='bbox 1970 1757 2099 1800; x_wconf 89' lang='lat' dir='ltr'><strong>vero,</strong></span> 
     </span>
     <span class='ocr_line' id='line_1_21' title="bbox 357 1822 2101 1889; baseline -0.002 -14"><span class='ocrx_word' id='word_1_172' title='bbox 357 1826 408 1876; x_wconf 93' lang='lat' dir='ltr'><strong>id</strong></span> <span class='ocrx_word' id='word_1_173' title='bbox 446 1836 518 1875; x_wconf 89' lang='lat' dir='ltr'><strong>est</strong></span> <span class='ocrx_word' id='word_1_174' title='bbox 554 1827 823 1889; x_wconf 87' lang='lat' dir='ltr'><strong>Strongyle,</strong></span> <span class='ocrx_word' id='word_1_175' title='bbox 859 1824 1090 1889; x_wconf 91' lang='lat' dir='ltr'><strong>Didyme,</strong></span> <span class='ocrx_word' id='word_1_176' title='bbox 1125 1824 1382 1888; x_wconf 90' lang='lat' dir='ltr'><strong>Eriphusa,</strong></span> <span class='ocrx_word' id='word_1_177' title='bbox 1419 1825 1744 1887; x_wconf 89' lang='lat' dir='ltr'><strong>Hephaestia,</strong></span> <span class='ocrx_word' id='word_1_178' title='bbox 1778 1822 2101 1883; x_wconf 89' lang='lat' dir='ltr'><strong>Phaenicusa,</strong></span> 
     </span>
     <span class='ocr_line' id='line_1_22' title="bbox 358 1903 2105 1972; baseline -0.003 -14"><span class='ocrx_word' id='word_1_179' title='bbox 358 1910 663 1972; x_wconf 90' lang='lat' dir='ltr'><strong>Euonymos,</strong></span> <span class='ocrx_word' id='word_1_180' title='bbox 691 1907 949 1971; x_wconf 89' lang='lat' dir='ltr'><strong>Tripodes,</strong></span> <span class='ocrx_word' id='word_1_181' title='bbox 978 1909 1205 1966; x_wconf 92' lang='lat' dir='ltr'><strong>Sonores,</strong></span> <span class='ocrx_word' id='word_1_182' title='bbox 1234 1905 1471 1970; x_wconf 86' lang='lat' dir='ltr'><strong>quoniam</strong></span> <span class='ocrx_word' id='word_1_183' title='bbox 1506 1914 1654 1954; x_wconf 90' lang='lat' dir='ltr'><strong>nocte</strong></span> <span class='ocrx_word' id='word_1_184' title='bbox 1685 1906 1872 1964; x_wconf 87' lang='lat' dir='ltr'><strong>ardent,</strong></span> <span class='ocrx_word' id='word_1_185' title='bbox 1900 1903 2105 1953; x_wconf 88' lang='lat' dir='ltr'><strong>Aeoliae</strong></span> 
     </span>
     <span class='ocr_line' id='line_1_23' title="bbox 358 1985 2104 2051; baseline -0.003 -11"><span class='ocrx_word' id='word_1_186' title='bbox 358 1991 460 2040; x_wconf 92' lang='lat' dir='ltr'><strong>sive</strong></span> <span class='ocrx_word' id='word_1_187' title='bbox 507 1990 780 2039; x_wconf 89' lang='lat' dir='ltr'><strong>Vulcaniae</strong></span> <span class='ocrx_word' id='word_1_188' title='bbox 829 1989 1073 2039; x_wconf 91' lang='lat' dir='ltr'><strong>dicuntur.</strong></span> <span class='ocrx_word' id='word_1_189' title='bbox 1163 1991 1237 2037; x_wconf 82' lang='lat' dir='ltr'><strong>Ex</strong></span> <span class='ocrx_word' id='word_1_190' title='bbox 1284 1988 1360 2037; x_wconf 91' lang='lat' dir='ltr'><strong>his</strong></span> <span class='ocrx_word' id='word_1_191' title='bbox 1408 1988 1655 2051; x_wconf 88' lang='lat' dir='ltr'><strong>quaedam</strong></span> <span class='ocrx_word' id='word_1_192' title='bbox 1703 1986 1767 2035; x_wconf 90' lang='lat' dir='ltr'><strong>ab</strong></span> <span class='ocrx_word' id='word_1_193' title='bbox 1815 1985 1956 2035; x_wconf 88' lang='lat' dir='ltr'><strong>initio</strong></span> <span class='ocrx_word' id='word_1_194' title='bbox 2003 2003 2104 2035; x_wconf 92' lang='lat' dir='ltr'><strong>non</strong></span> 
     </span>
    </p>

    <p class='ocr_par' dir='ltr' id='par_1_8' title="bbox 271 2067 2105 2382">
     <span class='ocr_line' id='line_1_24' title="bbox 271 2067 2105 2139; baseline -0.003 -17"><span class='ocrx_word' id='word_1_195' title='bbox 271 2080 336 2139; x_wconf 85' lang='lat'><strong>38</strong></span> <span class='ocrx_word' id='word_1_196' title='bbox 359 2076 555 2123; x_wconf 89' lang='lat' dir='ltr'><strong>fuerunt</strong></span> <span class='ocrx_word' id='word_1_197' title='bbox 574 2091 586 2134; x_wconf 85' lang='lat'>;</span> <span class='ocrx_word' id='word_1_198' title='bbox 624 2082 797 2136; x_wconf 88' lang='lat' dir='ltr'><strong>postea</strong></span> <span class='ocrx_word' id='word_1_199' title='bbox 818 2088 950 2120; x_wconf 91' lang='lat' dir='ltr'><strong>mare</strong></span> <span class='ocrx_word' id='word_1_200' title='bbox 971 2073 1132 2121; x_wconf 89' lang='lat' dir='ltr'><strong>editae</strong></span> <span class='ocrx_word' id='word_1_201' title='bbox 1158 2087 1315 2134; x_wconf 86' lang='lat' dir='ltr'><strong>usque</strong></span> <span class='ocrx_word' id='word_1_202' title='bbox 1337 2067 1441 2136; x_wconf 88' lang='lat' dir='ltr'><strong>[ad]</strong></span> <span class='ocrx_word' id='word_1_203' title='bbox 1463 2086 1596 2118; x_wconf 89' lang='lat' dir='ltr'><strong>nunc</strong></span> <span class='ocrx_word' id='word_1_204' title='bbox 1615 2077 1921 2132; x_wconf 89' lang='lat' dir='ltr'><strong>permanent.</strong></span> <span class='ocrx_word' id='word_1_205' title='bbox 1972 2071 2105 2118; x_wconf 91' lang='lat' dir='ltr'><strong>Stoe-</strong></span> 
     </span>
     <span class='ocr_line' id='line_1_25' title="bbox 359 2143 2104 2216; baseline -0.003 -12"><span class='ocrx_word' id='word_1_206' title='bbox 359 2157 542 2205; x_wconf 90' lang='lat' dir='ltr'><strong>chades</strong></span> <span class='ocrx_word' id='word_1_207' title='bbox 574 2156 762 2203; x_wconf 89' lang='lat' dir='ltr'><strong>insulae</strong></span> <span class='ocrx_word' id='word_1_208' title='bbox 797 2153 1184 2204; x_wconf 88' lang='lat' dir='ltr'><strong>Massiliensium</strong></span> <span class='ocrx_word' id='word_1_209' title='bbox 1215 2154 1465 2216; x_wconf 87' lang='lat' dir='ltr'><strong>sexaginta</strong></span> <span class='ocrx_word' id='word_1_210' title='bbox 1501 2150 1690 2200; x_wconf 92' lang='lat' dir='ltr'><strong>milium</strong></span> <span class='ocrx_word' id='word_1_211' title='bbox 1729 2143 1887 2214; x_wconf 87' lang='lat' dir='ltr'><strong>spatio</strong></span> <span class='ocrx_word' id='word_1_212' title='bbox 1922 2167 1951 2199; x_wconf 93' lang='lat' dir='ltr'><strong>a</strong></span> <span class='ocrx_word' id='word_1_213' title='bbox 1987 2168 2104 2200; x_wconf 92' lang='lat' dir='ltr'><strong>con-</strong></span> 
     </span>
     <span class='ocr_line' id='line_1_26' title="bbox 359 2234 2103 2299; baseline -0.002 -13"><span class='ocrx_word' id='word_1_214' title='bbox 359 2236 535 2286; x_wconf 90' lang='lat' dir='ltr'><strong>tinenti</strong></span> <span class='ocrx_word' id='word_1_215' title='bbox 560 2236 611 2285; x_wconf 92' lang='lat' dir='ltr'><strong>in</strong></span> <span class='ocrx_word' id='word_1_216' title='bbox 631 2238 789 2286; x_wconf 87' lang='lat' dir='ltr'><strong>fronte</strong></span> <span class='ocrx_word' id='word_1_217' title='bbox 815 2235 1155 2285; x_wconf 89' lang='lat' dir='ltr'><strong>Narbonensis</strong></span> <span class='ocrx_word' id='word_1_218' title='bbox 1180 2234 1474 2299; x_wconf 91' lang='lat' dir='ltr'><strong>provinciae,</strong></span> <span class='ocrx_word' id='word_1_219' title='bbox 1503 2250 1600 2297; x_wconf 88' lang='lat' dir='ltr'><strong>qua</strong></span> <span class='ocrx_word' id='word_1_220' title='bbox 1626 2234 1903 2282; x_wconf 89' lang='lat' dir='ltr'><strong>Rhodanus</strong></span> <span class='ocrx_word' id='word_1_221' title='bbox 1928 2234 2103 2283; x_wconf 91' lang='lat' dir='ltr'><strong>fluvius</strong></span> 
     </span>
     <span class='ocr_line' id='line_1_27' title="bbox 361 2314 2104 2382; baseline -0.003 -14"><span class='ocrx_word' id='word_1_222' title='bbox 361 2319 411 2369; x_wconf 90' lang='lat' dir='ltr'><strong>in</strong></span> <span class='ocrx_word' id='word_1_223' title='bbox 437 2337 569 2369; x_wconf 91' lang='lat' dir='ltr'><strong>mare</strong></span> <span class='ocrx_word' id='word_1_224' title='bbox 596 2319 707 2369; x_wconf 85' lang='lat' dir='ltr'><strong>exit.</strong></span> <span class='ocrx_word' id='word_1_225' title='bbox 783 2317 960 2367; x_wconf 90' lang='lat' dir='ltr'><strong>Dictae</strong></span> <span class='ocrx_word' id='word_1_226' title='bbox 989 2327 1155 2367; x_wconf 90' lang='lat' dir='ltr'><strong>autem</strong></span> <span class='ocrx_word' id='word_1_227' title='bbox 1188 2319 1376 2367; x_wconf 90' lang='lat' dir='ltr'><strong>Graece</strong></span> <span class='ocrx_word' id='word_1_228' title='bbox 1410 2316 1672 2382; x_wconf 81' lang='grc' dir='ltr'>Στοιχάδες,</span> <span class='ocrx_word' id='word_1_229' title='bbox 1701 2314 1840 2379; x_wconf 89' lang='lat' dir='ltr'><strong>quasi</strong></span> <span class='ocrx_word' id='word_1_230' title='bbox 1874 2331 2022 2378; x_wconf 90' lang='lat' dir='ltr'><strong>opere</strong></span> <span class='ocrx_word' id='word_1_231' title='bbox 2054 2315 2104 2364; x_wconf 92' lang='lat' dir='ltr'><strong>in</strong></span> 
     </span>
    </p>

    <p class='ocr_par' dir='ltr' id='par_1_9' title="bbox 360 2438 2104 2547">
     <span class='ocr_line' id='line_1_28' title="bbox 419 2438 2104 2493; baseline -0.004 -10"><span class='ocrx_word' id='word_1_232' title='bbox 419 2457 436 2482; x_wconf 96' lang='lat'>1</span> <span class='ocrx_word' id='word_1_233' title='bbox 470 2455 673 2493; x_wconf 81' lang='lat' dir='ltr'><strong>equorem</strong></span> <span class='ocrx_word' id='word_1_234' title='bbox 696 2442 743 2482; x_wconf 86' lang='lat' dir='ltr'><strong>C1</strong></span> <span class='ocrx_word' id='word_1_235' title='bbox 912 2456 937 2480; x_wconf 82' lang='lat'><em>2</em></span> <span class='ocrx_word' id='word_1_236' title='bbox 966 2441 1118 2481; x_wconf 89' lang='lat' dir='ltr'><strong>Acatin</strong></span> <span class='ocrx_word' id='word_1_237' title='bbox 1138 2441 1200 2480; x_wconf 87' lang='lat' dir='ltr'><strong>B:</strong></span> <span class='ocrx_word' id='word_1_238' title='bbox 1232 2440 1412 2480; x_wconf 88' lang='lat' dir='ltr'><strong>Acatem</strong></span> <span class='ocrx_word' id='word_1_239' title='bbox 1431 2439 1524 2479; x_wconf 85' lang='lat' dir='ltr'><strong>CT:</strong></span> <span class='ocrx_word' id='word_1_240' title='bbox 1556 2438 1727 2488; x_wconf 84' lang='lat' dir='ltr'><strong>Agaten</strong></span> <span class='ocrx_word' id='word_1_241' title='bbox 1744 2438 1791 2476; x_wconf 89' lang='lat' dir='ltr'><em>K</em></span> <span class='ocrx_word' id='word_1_242' title='bbox 1933 2450 1958 2486; x_wconf 87' lang='lat'><strong>3</strong></span> <span class='ocrx_word' id='word_1_243' title='bbox 1986 2443 2104 2476; x_wconf 87' lang='lat' dir='ltr'><strong>acate</strong></span> 
     </span>
     <span class='ocr_line' id='line_1_29' title="bbox 360 2492 2102 2547; baseline -0.005 -9"><span class='ocrx_word' id='word_1_244' title='bbox 360 2498 506 2539; x_wconf 88' lang='lat' dir='ltr'><strong>BCT:</strong></span> <span class='ocrx_word' id='word_1_245' title='bbox 535 2504 658 2547; x_wconf 85' lang='lat' dir='ltr'><strong>agate</strong></span> <span class='ocrx_word' id='word_1_246' title='bbox 679 2498 725 2536; x_wconf 90' lang='lat' dir='ltr'><em>K</em></span> <span class='ocrx_word' id='word_1_247' title='bbox 832 2497 1029 2536; x_wconf 87' lang='lat' dir='ltr'><strong>corallum</strong></span> <span class='ocrx_word' id='word_1_248' title='bbox 1050 2496 1137 2534; x_wconf 88' lang='grc' dir='ltr'><strong>ΒΚ</strong></span> <span class='ocrx_word' id='word_1_249' title='bbox 1262 2510 1286 2545; x_wconf 86' lang='lat'><strong>4</strong></span> <span class='ocrx_word' id='word_1_250' title='bbox 1316 2495 1420 2546; x_wconf 87' lang='lat' dir='ltr'><strong>Agr.</strong></span> <span class='ocrx_word' id='word_1_251' title='bbox 1446 2502 1488 2533; x_wconf 89' lang='lat' dir='ltr'><strong>et</strong></span> <span class='ocrx_word' id='word_1_252' title='bbox 1507 2494 1562 2543; x_wconf 89' lang='lat' dir='ltr'><strong>ig.</strong></span> <span class='ocrx_word' id='word_1_253' title='bbox 1580 2493 1626 2532; x_wconf 89' lang='lat' dir='ltr'><strong><em>K</em></strong></span> <span class='ocrx_word' id='word_1_254' title='bbox 1745 2506 1769 2542; x_wconf 89' lang='lat'>5</span> <span class='ocrx_word' id='word_1_255' title='bbox 1801 2492 1924 2531; x_wconf 86' lang='lat' dir='ltr'><strong>trium</strong></span> <span class='ocrx_word' id='word_1_256' title='bbox 1945 2492 2102 2530; x_wconf 89' lang='lat' dir='ltr'><strong>milium</strong></span> 
     </span>
    </p>
   </div>
   <div class='ocr_carea' id='block_1_3' title="bbox 359 2546 2112 2658">
    <p class='ocr_par' dir='ltr' id='par_1_10' title="bbox 359 2546 2112 2658">
     <span class='ocr_line' id='line_1_30' title="bbox 359 2546 2112 2601; baseline -0.005 -8"><span class='ocrx_word' id='word_1_257' title='bbox 359 2554 474 2594; x_wconf 87' lang='lat' dir='ltr'><strong>codd.</strong></span> <span class='ocrx_word' id='word_1_258' title='bbox 586 2555 613 2592; x_wconf 92' lang='lat'><strong>6</strong></span> <span class='ocrx_word' id='word_1_259' title='bbox 641 2552 800 2591; x_wconf 86' lang='lat' dir='ltr'><strong>italiam</strong></span> <span class='ocrx_word' id='word_1_260' title='bbox 819 2552 860 2590; x_wconf 90' lang='grc' dir='ltr'><em>Β</em></span> <span class='ocrx_word' id='word_1_261' title='bbox 983 2565 1004 2601; x_wconf 95' lang='lat'><strong>7</strong></span> <span class='ocrx_word' id='word_1_262' title='bbox 1037 2552 1118 2590; x_wconf 92' lang='lat' dir='ltr'><strong>div.</strong></span> <span class='ocrx_word' id='word_1_263' title='bbox 1144 2563 1220 2601; x_wconf 91' lang='lat' dir='ltr'><strong>per</strong></span> <span class='ocrx_word' id='word_1_264' title='bbox 1239 2550 1286 2588; x_wconf 89' lang='lat' dir='ltr'><em>K</em></span> <span class='ocrx_word' id='word_1_265' title='bbox 1392 2551 1418 2588; x_wconf 91' lang='lat'>8</span> <span class='ocrx_word' id='word_1_266' title='bbox 1446 2549 1634 2599; x_wconf 86' lang='lat' dir='ltr'><strong>Tapsum</strong></span> <span class='ocrx_word' id='word_1_267' title='bbox 1654 2547 1776 2586; x_wconf 85' lang='lat' dir='ltr'><strong>BCK</strong></span> <span class='ocrx_word' id='word_1_268' title='bbox 1791 2560 1799 2585; x_wconf 74' lang='grc' dir='ltr'>ε</span> <span class='ocrx_word' id='word_1_269' title='bbox 1829 2547 2045 2597; x_wconf 88' lang='lat' dir='ltr'><strong>Thapsum</strong></span> <span class='ocrx_word' id='word_1_270' title='bbox 2075 2546 2112 2584; x_wconf 95' lang='lat' dir='ltr'><strong>T</strong></span> 
     </span>
     <span class='ocr_line' id='line_1_31' title="bbox 360 2601 2108 2658; baseline -0.006 -10"><span class='ocrx_word' id='word_1_271' title='bbox 360 2610 439 2649; x_wconf 91' lang='lat' dir='ltr'><strong>iac.</strong></span> <span class='ocrx_word' id='word_1_272' title='bbox 463 2608 577 2658; x_wconf 88' lang='lat' dir='ltr'><strong>plan.</strong></span> <span class='ocrx_word' id='word_1_273' title='bbox 601 2607 647 2645; x_wconf 90' lang='lat' dir='ltr'><em>K</em></span> <span class='ocrx_word' id='word_1_274' title='bbox 812 2619 861 2645; x_wconf 89' lang='lat'><strong>10</strong></span> <span class='ocrx_word' id='word_1_275' title='bbox 890 2612 1140 2657; x_wconf 88' lang='lat' dir='ltr'><strong>tapsumque</strong></span> <span class='ocrx_word' id='word_1_276' title='bbox 1160 2605 1284 2644; x_wconf 90' lang='lat' dir='ltr'><strong>BCK</strong></span> <span class='ocrx_word' id='word_1_277' title='bbox 1299 2619 1306 2643; x_wconf 93' lang='lat'>:</span> <span class='ocrx_word' id='word_1_278' title='bbox 1336 2605 1612 2653; x_wconf 86' lang='lat' dir='ltr'><strong>thabsumque</strong></span> <span class='ocrx_word' id='word_1_279' title='bbox 1641 2602 1678 2640; x_wconf 94' lang='lat' dir='ltr'><strong>T</strong></span> <span class='ocrx_word' id='word_1_280' title='bbox 1830 2614 1877 2650; x_wconf 87' lang='lat'><strong>13</strong></span> <span class='ocrx_word' id='word_1_281' title='bbox 1907 2601 1981 2653; x_wconf 87' lang='lat' dir='ltr'><strong>ex]</strong></span> <span class='ocrx_word' id='word_1_282' title='bbox 1999 2601 2041 2639; x_wconf 91' lang='lat' dir='ltr'><strong>in</strong></span> <span class='ocrx_word' id='word_1_283' title='bbox 2062 2601 2108 2639; x_wconf 95' lang='lat' dir='ltr'><em>K</em></span> 
     </span>
    </p>
   </div>
   <div class='ocr_carea' id='block_1_4' title="bbox 362 2655 2107 2983">
    <p class='ocr_par' dir='ltr' id='par_1_11' title="bbox 362 2655 2107 2983">
     <span class='ocr_line' id='line_1_32' title="bbox 365 2655 2103 2712; baseline -0.005 -10"><span class='ocrx_word' id='word_1_284' title='bbox 365 2678 414 2712; x_wconf 90' lang='lat'><strong>14</strong></span> <span class='ocrx_word' id='word_1_285' title='bbox 444 2664 583 2702; x_wconf 84' lang='lat' dir='ltr'><strong>futuro</strong></span> <span class='ocrx_word' id='word_1_286' title='bbox 614 2661 652 2700; x_wconf 93' lang='lat' dir='ltr'><strong>T</strong></span> <span class='ocrx_word' id='word_1_287' title='bbox 757 2661 1029 2711; x_wconf 87' lang='lat' dir='ltr'><strong>praedicabat</strong></span> <span class='ocrx_word' id='word_1_288' title='bbox 1050 2659 1186 2712; x_wconf 85' lang='lat' dir='ltr'><strong>(pre-)</strong></span> <span class='ocrx_word' id='word_1_289' title='bbox 1209 2659 1296 2698; x_wconf 89' lang='grc' dir='ltr'><strong>ΒΤ</strong></span> <span class='ocrx_word' id='word_1_290' title='bbox 1460 2670 1507 2708; x_wconf 89' lang='lat'><strong>15</strong></span> <span class='ocrx_word' id='word_1_291' title='bbox 1536 2663 1664 2697; x_wconf 81' lang='lat' dir='ltr'><strong>vento</strong></span> <span class='ocrx_word' id='word_1_292' title='bbox 1686 2655 1818 2696; x_wconf 89' lang='lat' dir='ltr'><strong>suaB</strong></span> <span class='ocrx_word' id='word_1_293' title='bbox 1929 2656 2103 2694; x_wconf 87' lang='lat' dir='ltr'><strong>eeadem</strong></span> 
     </span>
     <span class='ocr_line' id='line_1_33' title="bbox 362 2710 2104 2759; baseline -0.006 -1"><span class='ocrx_word' id='word_1_294' title='bbox 362 2719 407 2757; x_wconf 92' lang='lat' dir='ltr'><em>K</em></span> <span class='ocrx_word' id='word_1_295' title='bbox 427 2732 437 2757; x_wconf 80' lang='lat'>2</span> <span class='ocrx_word' id='word_1_296' title='bbox 467 2718 614 2757; x_wconf 88' lang='lat' dir='ltr'><strong>eadem</strong></span> <span class='ocrx_word' id='word_1_297' title='bbox 639 2716 676 2755; x_wconf 96' lang='lat' dir='ltr'><strong>T</strong></span> <span class='ocrx_word' id='word_1_298' title='bbox 779 2716 914 2755; x_wconf 87' lang='lat' dir='ltr'><strong>insula</strong></span> <span class='ocrx_word' id='word_1_299' title='bbox 935 2716 982 2754; x_wconf 94' lang='lat' dir='ltr'><em>K</em></span> <span class='ocrx_word' id='word_1_300' title='bbox 1111 2717 1160 2753; x_wconf 92' lang='lat'><strong>16</strong></span> <span class='ocrx_word' id='word_1_301' title='bbox 1187 2720 1364 2754; x_wconf 89' lang='lat' dir='ltr'><strong>vocatur</strong></span> <span class='ocrx_word' id='word_1_302' title='bbox 1383 2712 1425 2750; x_wconf 92' lang='grc' dir='ltr'><em>Β</em></span> <span class='ocrx_word' id='word_1_303' title='bbox 1535 2713 1681 2752; x_wconf 86' lang='lat' dir='ltr'><strong>ardeat</strong></span> <span class='ocrx_word' id='word_1_304' title='bbox 1703 2711 1753 2751; x_wconf 92' lang='lat' dir='ltr'><strong>C1</strong></span> <span class='ocrx_word' id='word_1_305' title='bbox 1868 2723 1915 2759; x_wconf 88' lang='lat'><strong>17</strong></span> <span class='ocrx_word' id='word_1_306' title='bbox 1946 2710 2104 2759; x_wconf 88' lang='lat' dir='ltr'><strong>lyparis</strong></span> 
     </span>
     <span class='ocr_line' id='line_1_34' title="bbox 364 2763 2102 2821; baseline -0.006 -9"><span class='ocrx_word' id='word_1_307' title='bbox 364 2773 410 2812; x_wconf 92' lang='lat' dir='ltr'><em>K</em></span> <span class='ocrx_word' id='word_1_308' title='bbox 576 2774 625 2811; x_wconf 86' lang='lat'><strong>18</strong></span> <span class='ocrx_word' id='word_1_309' title='bbox 655 2771 834 2821; x_wconf 88' lang='lat' dir='ltr'><strong>liparem</strong></span> <span class='ocrx_word' id='word_1_310' title='bbox 855 2770 1002 2810; x_wconf 89' lang='lat' dir='ltr'><strong>BCT:</strong></span> <span class='ocrx_word' id='word_1_311' title='bbox 1032 2770 1153 2820; x_wconf 90' lang='lat' dir='ltr'><strong>lypar</strong></span> <span class='ocrx_word' id='word_1_312' title='bbox 1172 2769 1218 2807; x_wconf 92' lang='lat' dir='ltr'><em>K</em></span> <span class='ocrx_word' id='word_1_313' title='bbox 1336 2767 1454 2807; x_wconf 85' lang='lat' dir='ltr'><strong>vexit</strong></span> <span class='ocrx_word' id='word_1_314' title='bbox 1478 2767 1524 2806; x_wconf 94' lang='lat' dir='ltr'><em>K</em></span> <span class='ocrx_word' id='word_1_315' title='bbox 1636 2780 1687 2817; x_wconf 91' lang='lat'><strong>19</strong></span> <span class='ocrx_word' id='word_1_316' title='bbox 1714 2767 1848 2804; x_wconf 89' lang='lat' dir='ltr'><strong>hiram</strong></span> <span class='ocrx_word' id='word_1_317' title='bbox 1869 2777 1968 2804; x_wconf 86' lang='lat' dir='ltr'><strong>corr.</strong></span> <span class='ocrx_word' id='word_1_318' title='bbox 1988 2763 2102 2802; x_wconf 81' lang='lat' dir='ltr'><strong>hier-</strong></span> 
     </span>
     <span class='ocr_line' id='line_1_35' title="bbox 372 2817 2105 2876; baseline -0.006 -10"><span class='ocrx_word' id='word_1_319' title='bbox 372 2827 429 2866; x_wconf 85' lang='lat' dir='ltr'><strong>T:</strong></span> <span class='ocrx_word' id='word_1_320' title='bbox 470 2839 571 2876; x_wconf 89' lang='lat' dir='ltr'><strong>gera</strong></span> <span class='ocrx_word' id='word_1_321' title='bbox 609 2825 678 2865; x_wconf 91' lang='lat' dir='ltr'><strong>K:</strong></span> <span class='ocrx_word' id='word_1_322' title='bbox 709 2838 852 2873; x_wconf 88' lang='lat' dir='ltr'><strong>geram</strong></span> <span class='ocrx_word' id='word_1_323' title='bbox 889 2825 955 2865; x_wconf 88' lang='lat' dir='ltr'><strong>B:</strong></span> <span class='ocrx_word' id='word_1_324' title='bbox 1000 2825 1147 2874; x_wconf 89' lang='lat' dir='ltr'><strong>higera</strong></span> <span class='ocrx_word' id='word_1_325' title='bbox 1184 2825 1219 2862; x_wconf 87' lang='lat' dir='ltr'><em>C</em></span> <span class='ocrx_word' id='word_1_326' title='bbox 1381 2822 1666 2862; x_wconf 87' lang='lat' dir='ltr'><strong>eminentibus</strong></span> <span class='ocrx_word' id='word_1_327' title='bbox 1698 2821 1745 2858; x_wconf 92' lang='lat' dir='ltr'><em>K</em></span> <span class='ocrx_word' id='word_1_328' title='bbox 1865 2819 2026 2868; x_wconf 85' lang='lat' dir='ltr'><strong>reliqua</strong></span> <span class='ocrx_word' id='word_1_329' title='bbox 2063 2817 2105 2855; x_wconf 90' lang='grc' dir='ltr'><em>Β</em></span> 
     </span>
     <span class='ocr_line' id='line_1_36' title="bbox 364 2873 2107 2933; baseline -0.005 -12"><span class='ocrx_word' id='word_1_330' title='bbox 364 2895 418 2921; x_wconf 89' lang='lat'><strong>20</strong></span> <span class='ocrx_word' id='word_1_331' title='bbox 449 2882 492 2921; x_wconf 94' lang='lat' dir='ltr'><strong>id</strong></span> <span class='ocrx_word' id='word_1_332' title='bbox 527 2881 613 2933; x_wconf 85' lang='lat' dir='ltr'><strong>est]</strong></span> <span class='ocrx_word' id='word_1_333' title='bbox 644 2881 685 2919; x_wconf 92' lang='lat' dir='ltr'><strong>id</strong></span> <span class='ocrx_word' id='word_1_334' title='bbox 723 2879 758 2918; x_wconf 90' lang='lat' dir='ltr'><em>C</em></span> <span class='ocrx_word' id='word_1_335' title='bbox 919 2879 1149 2929; x_wconf 87' lang='lat' dir='ltr'><strong>strangilae</strong></span> <span class='ocrx_word' id='word_1_336' title='bbox 1180 2878 1222 2915; x_wconf 87' lang='grc' dir='ltr'><em>Β</em></span> <span class='ocrx_word' id='word_1_337' title='bbox 1386 2878 1510 2916; x_wconf 88' lang='lat' dir='ltr'><strong>festia</strong></span> <span class='ocrx_word' id='word_1_338' title='bbox 1543 2875 1655 2915; x_wconf 87' lang='lat' dir='ltr'><strong>codd.</strong></span> <span class='ocrx_word' id='word_1_339' title='bbox 1822 2873 2036 2912; x_wconf 83' lang='lat' dir='ltr'><strong>fenicussa</strong></span> <span class='ocrx_word' id='word_1_340' title='bbox 2071 2873 2107 2912; x_wconf 88' lang='lat' dir='ltr'><em>C</em></span> 
     </span>
     <span class='ocr_line' id='line_1_37' title="bbox 364 2927 2100 2983; baseline -0.004 -9"><span class='ocrx_word' id='word_1_341' title='bbox 364 2949 411 2974; x_wconf 87' lang='lat'><strong>21</strong></span> <span class='ocrx_word' id='word_1_342' title='bbox 446 2936 678 2976; x_wconf 87' lang='lat' dir='ltr'><strong>euonimon</strong></span> <span class='ocrx_word' id='word_1_343' title='bbox 717 2934 805 2972; x_wconf 89' lang='grc' dir='ltr'><strong>ΒΚ</strong></span> <span class='ocrx_word' id='word_1_344' title='bbox 812 2934 849 2972; x_wconf 94' lang='lat' dir='ltr'><strong>T</strong></span> <span class='ocrx_word' id='word_1_345' title='bbox 865 2949 873 2975; x_wconf 75' lang='grc' dir='ltr'>ε</span> <span class='ocrx_word' id='word_1_346' title='bbox 923 2935 1175 2975; x_wconf 83' lang='lat' dir='ltr'><strong>euonimons</strong></span> <span class='ocrx_word' id='word_1_347' title='bbox 1211 2931 1246 2970; x_wconf 90' lang='lat' dir='ltr'><em>C</em></span> <span class='ocrx_word' id='word_1_348' title='bbox 1417 2932 1628 2983; x_wconf 88' lang='lat' dir='ltr'><strong>stripodes</strong></span> <span class='ocrx_word' id='word_1_349' title='bbox 1666 2929 1712 2967; x_wconf 91' lang='lat' dir='ltr'><em>K</em></span> <span class='ocrx_word' id='word_1_350' title='bbox 1735 2943 1744 2967; x_wconf 73' lang='grc' dir='ltr'>ε</span> <span class='ocrx_word' id='word_1_351' title='bbox 1791 2928 1992 2978; x_wconf 86' lang='lat' dir='ltr'><strong>stripodis</strong></span> <span class='ocrx_word' id='word_1_352' title='bbox 2030 2927 2072 2964; x_wconf 91' lang='grc' dir='ltr'><em>Β</em></span> <span class='ocrx_word' id='word_1_353' title='bbox 2092 2943 2100 2967; x_wconf 89' lang='lat'><strong>:</strong></span> 
     </span>
    </p>
   </div>
   <div class='ocr_carea' id='block_1_5' title="bbox 364 2982 2104 3195">
    <p class='ocr_par' dir='ltr' id='par_1_12' title="bbox 364 2982 2104 3195">
     <span class='ocr_line' id='line_1_38' title="bbox 364 2982 2102 3042; baseline -0.005 -14"><span class='ocrx_word' id='word_1_354' title='bbox 364 2991 593 3042; x_wconf 87' lang='lat' dir='ltr'><strong>istripodes</strong></span> <span class='ocrx_word' id='word_1_355' title='bbox 614 2990 670 3029; x_wconf 92' lang='lat' dir='ltr'><strong>T:</strong></span> <span class='ocrx_word' id='word_1_356' title='bbox 700 2990 890 3040; x_wconf 84' lang='lat' dir='ltr'><strong>tripodas</strong></span> <span class='ocrx_word' id='word_1_357' title='bbox 913 2989 948 3028; x_wconf 93' lang='lat' dir='ltr'><em>C</em></span> <span class='ocrx_word' id='word_1_358' title='bbox 1055 2989 1214 3037; x_wconf 83' lang='lat' dir='ltr'><strong>ardens</strong></span> <span class='ocrx_word' id='word_1_359' title='bbox 1227 2985 1322 3025; x_wconf 89' lang='lat' dir='ltr'><strong>BCl</strong></span> <span class='ocrx_word' id='word_1_360' title='bbox 1433 2999 1485 3025; x_wconf 82' lang='lat'><strong>22</strong></span> <span class='ocrx_word' id='word_1_361' title='bbox 1515 2999 1598 3025; x_wconf 90' lang='lat' dir='ltr'><strong>non</strong></span> <span class='ocrx_word' id='word_1_362' title='bbox 1613 2997 1694 3023; x_wconf 88' lang='lat' dir='ltr'><strong>om.</strong></span> <span class='ocrx_word' id='word_1_363' title='bbox 1710 2983 1756 3022; x_wconf 95' lang='lat' dir='ltr'><em>K</em></span> <span class='ocrx_word' id='word_1_364' title='bbox 1861 2994 1912 3030; x_wconf 84' lang='lat'><strong>23</strong></span> <span class='ocrx_word' id='word_1_365' title='bbox 1943 2983 1995 3020; x_wconf 88' lang='lat' dir='ltr'><strong>ad</strong></span> <span class='ocrx_word' id='word_1_366' title='bbox 2010 2982 2102 3021; x_wconf 81' lang='lat' dir='ltr'><strong>hab.</strong></span> 
     </span>
     <span class='ocr_line' id='line_1_39' title="bbox 365 3037 2104 3087; baseline -0.005 -4"><span class='ocrx_word' id='word_1_367' title='bbox 365 3044 472 3084; x_wconf 89' lang='lat' dir='ltr'><strong>BT:</strong></span> <span class='ocrx_word' id='word_1_368' title='bbox 502 3059 584 3085; x_wconf 84' lang='lat' dir='ltr'><strong>om.</strong></span> <span class='ocrx_word' id='word_1_369' title='bbox 607 3045 686 3085; x_wconf 89' lang='lat' dir='ltr'><strong>CK</strong></span> <span class='ocrx_word' id='word_1_370' title='bbox 797 3044 1035 3084; x_wconf 86' lang='lat' dir='ltr'><strong>Stoecades</strong></span> <span class='ocrx_word' id='word_1_371' title='bbox 1047 3043 1128 3083; x_wconf 87' lang='lat' dir='ltr'><strong>BC</strong></span> <span class='ocrx_word' id='word_1_372' title='bbox 1141 3058 1149 3083; x_wconf 76' lang='grc' dir='ltr'>ε</span> <span class='ocrx_word' id='word_1_373' title='bbox 1173 3041 1414 3081; x_wconf 84' lang='lat' dir='ltr'><strong>Istoecades</strong></span> <span class='ocrx_word' id='word_1_374' title='bbox 1435 3041 1493 3082; x_wconf 86' lang='lat' dir='ltr'><strong>T:</strong></span> <span class='ocrx_word' id='word_1_375' title='bbox 1513 3039 1720 3079; x_wconf 83' lang='lat' dir='ltr'><strong>Stocades</strong></span> <span class='ocrx_word' id='word_1_376' title='bbox 1740 3037 1786 3076; x_wconf 93' lang='lat' dir='ltr'><em>K</em></span> <span class='ocrx_word' id='word_1_377' title='bbox 1895 3050 1947 3086; x_wconf 91' lang='lat'><strong>24</strong></span> <span class='ocrx_word' id='word_1_378' title='bbox 1967 3037 2104 3087; x_wconf 81' lang='lat' dir='ltr'><strong>spatia</strong></span> 
     </span>
     <span class='ocr_line' id='line_1_40' title="bbox 364 3089 2104 3195; baseline -0.007 -55"><span class='ocrx_word' id='word_1_379' title='bbox 364 3100 562 3195; x_wconf 41' lang='lat' dir='ltr'><strong>§ponctgdz&#39;s</strong></span> <span class='ocrx_word' id='word_1_380' title='bbox 580 3153 626 3193; x_wconf 82' lang='lat' dir='ltr'><em>K</em></span> <span class='ocrx_word' id='word_1_381' title='bbox 725 3113 776 3150; x_wconf 86' lang='lat'><strong>25</strong></span> <span class='ocrx_word' id='word_1_382' title='bbox 806 3099 989 3138; x_wconf 89' lang='lat' dir='ltr'><strong>frontem</strong></span> <span class='ocrx_word' id='word_1_383' title='bbox 1020 3097 1133 3137; x_wconf 88' lang='lat' dir='ltr'><strong>codd.</strong></span> <span class='ocrx_word' id='word_1_384' title='bbox 1301 3097 1353 3135; x_wconf 85' lang='lat'><strong>26</strong></span> <span class='ocrx_word' id='word_1_385' title='bbox 1382 3095 1606 3135; x_wconf 81' lang='lat' dir='ltr'><strong>stoecades</strong></span> <span class='ocrx_word' id='word_1_386' title='bbox 1635 3092 1713 3132; x_wconf 90' lang='lat' dir='ltr'><strong>BC</strong></span> <span class='ocrx_word' id='word_1_387' title='bbox 1727 3107 1735 3132; x_wconf 92' lang='lat'>:</span> <span class='ocrx_word' id='word_1_388' title='bbox 1765 3093 2003 3131; x_wconf 86' lang='lat' dir='ltr'><strong>istoecades</strong></span> <span class='ocrx_word' id='word_1_389' title='bbox 2045 3089 2104 3128; x_wconf 87' lang='lat' dir='ltr'><strong>T:</strong></span> 
     </span>
    </p>
   </div>
   <div class='ocr_carea' id='block_1_6' title="bbox 2126 617 2148 657">
    <p class='ocr_par' dir='ltr' id='par_1_13' title="bbox 2126 617 2148 657">
     <span class='ocr_line' id='line_1_41' title="bbox 2126 617 2148 657; baseline 0 0"><span class='ocrx_word' id='word_1_390' title='bbox 2126 617 2148 657; x_wconf 84' lang='lat'><strong>5</strong></span> 
     </span>
    </p>
   </div>
   <div class='ocr_carea' id='block_1_7' title="bbox 2129 1023 2176 1052">
    <p class='ocr_par' dir='ltr' id='par_1_14' title="bbox 2129 1023 2176 1052">
     <span class='ocr_line' id='line_1_42' title="bbox 2129 1023 2176 1052; baseline 0.021 -1"><span class='ocrx_word' id='word_1_391' title='bbox 2129 1023 2176 1052; x_wconf 87' lang='lat'><strong>10</strong></span> 
     </span>
    </p>
   </div>
   <div class='ocr_carea' id='block_1_8' title="bbox 2129 1432 2176 1473">
    <p class='ocr_par' dir='ltr' id='par_1_15' title="bbox 2129 1432 2176 1473">
     <span class='ocr_line' id='line_1_43' title="bbox 2129 1432 2176 1473; baseline 0 0"><span class='ocrx_word' id='word_1_392' title='bbox 2129 1432 2176 1473; x_wconf 83' lang='lat'><strong>15</strong></span> 
     </span>
    </p>
   </div>
   <div class='ocr_carea' id='block_1_9' title="bbox 2130 1842 2176 1870">
    <p class='ocr_par' dir='ltr' id='par_1_16' title="bbox 2130 1842 2176 1870">
     <span class='ocr_line' id='line_1_44' title="bbox 2130 1842 2176 1870; baseline 0 0"><span class='ocrx_word' id='word_1_393' title='bbox 2130 1842 2176 1870; x_wconf 88' lang='lat' dir='ltr'><strong>2c</strong></span> 
     </span>
    </p>
   </div>
   <div class='ocr_carea' id='block_1_10' title="bbox 2129 2252 2176 2293">
    <p class='ocr_par' dir='ltr' id='par_1_17' title="bbox 2129 2252 2176 2293">
     <span class='ocr_line' id='line_1_45' title="bbox 2129 2252 2176 2293; baseline 0 0"><span class='ocrx_word' id='word_1_394' title='bbox 2129 2252 2176 2293; x_wconf 61' lang='lat'><strong>²5</strong></span> 
     </span>
    </p>
   </div>
  </div>
 </body>
</html>
