2176 3424
1020 292 1235 340 LIBER
1282 293 1435 339 XVII

825 424 932 475 DE
977 423 1229 476 REBVS
1272 422 1628 476 RVSTICIS

324 569 340 607 I
505 569 587 614 DE
623 580 943 614 AVCTORIBVS
981 581 1164 613 RERVM
1192 580 1540 614 RVSTICARVM.
1615 569 1802 615 Rerum
1822 566 2110 615 rusticarum

366 647 614 696 scribendi
649 647 913 696 sollertiam
951 649 1085 711 apud
1115 648 1333 697 Graecos
1371 647 1557 710 primus
1593 647 1848 697 Hesiodus
1876 647 2111 698 Boeotius

364 729 594 778 humanis
628 729 802 778 studiis
838 729 1048 778 contulit
1067 748 1080 791 5
1116 729 1300 779 deinde
1326 729 1658 779 Democritus.
1733 732 1886 793 Mago
1912 747 2112 794 quoque

364 811 783 875 Carthaginiensis
821 811 870 859 in
908 811 1079 875 viginti
1113 822 1227 861 octo
1260 811 1596 861 voluminibus
1628 810 1847 860 studium
1883 810 2112 874 agricola-

368 893 515 943 tionis
552 894 858 958 conscripsit.
932 896 1084 958 Apud
1111 897 1370 944 Romanos
1405 904 1570 944 autem
1603 895 1666 943 de
1698 893 1992 957 agricultura
2025 893 2114 956 pri·
2137 916 2159 955 5

370 993 478 1025 mus
505 979 633 1027 Cato
658 976 867 1026 instituit
890 995 902 1037 3
938 994 1087 1039 quam
1115 976 1298 1026 deinde
1327 978 1525 1025 Marcus
1551 977 1814 1024 Terentius
1852 974 2116 1039 expolivit,

370 1073 483 1104 mox
509 1056 752 1120 Vergilius
778 1059 924 1106 laude
949 1056 1224 1105 carminum
1251 1057 1433 1104 extulit.
1510 1057 1616 1104 Nec
1634 1054 1875 1103 minorem
1897 1054 2115 1103 studium

370 1140 650 1189 habuerunt
697 1140 1018 1203 postmodum
1069 1137 1329 1188 Cornelius
1378 1137 1554 1187 Celsus
1604 1147 1650 1186 et
1700 1136 1855 1184 Iulius
1906 1135 2113 1195 Atticus,

371 1222 693 1282 Aemilianus,
728 1221 828 1271 sive
860 1223 1138 1272 Columella
1171 1219 1372 1283 insignis
1410 1229 1585 1279 orator,
1626 1219 1709 1282 qui
1743 1229 1900 1268 totum
1939 1235 2116 1282 corpus

319 1327 349 1361 2
373 1304 662 1367 disciplinae
688 1303 910 1353 eiusdem
937 1305 1207 1367 conplexus
1233 1312 1319 1351 est.
1394 1301 1611 1350 Primum
1637 1303 1701 1350 ad
1725 1311 1937 1350 aratrum
1964 1302 2116 1350 boves
2144 1324 2176 1352 ιι

374 1384 588 1433 iunxisse
631 1385 793 1432 ferunt
832 1384 1083 1445 quendam
1123 1381 1366 1445 privatum
1405 1380 1659 1429 hominem
1700 1390 1747 1429 et
1786 1380 2116 1439 fulminatum,

375 1466 577 1516 nomine
605 1464 939 1528 Homogirum
958 1483 970 1525 3
1011 1463 1213 1527 quidam
1245 1472 1410 1512 autem
1447 1461 1628 1511 Osirim
1662 1463 1834 1511 dicunt
1868 1479 1974 1511 esse
2006 1460 2120 1511 artis

374 1549 520 1597 huius
547 1550 854 1603 inventorem
874 1565 886 1607 3
923 1546 1126 1610 quidam
1146 1545 1524 1609 Triptolemum.
1600 1547 1664 1592 Et
1689 1543 1768 1592 hic
1801 1544 2024 1607 quaestio
2050 1554 2122 1593 est

376 1631 633 1694 quomodo
659 1629 817 1692 prima
842 1628 993 1679 Ceres
1020 1629 1146 1676 ferro
1173 1629 1222 1675 in
1250 1626 1457 1676 Graecia
1485 1635 1670 1676 vertere
1690 1636 1866 1676 terram
1894 1625 2120 1687 instituit,

323 1730 354 1777 3
375 1714 462 1762 sed
481 1713 606 1761 ferro
623 1710 987 1774 qualicumque,
1009 1727 1110 1759 non
1131 1708 1406 1772 specialiter
1423 1725 1620 1757 vomere
1641 1718 1727 1756 aut
1747 1717 1921 1757 aratro.
1999 1709 2125 1756 Ster—
2149 1739 2166 1768 1

376 1793 579 1844 corandi
603 1792 703 1856 agri
729 1792 971 1841 rationem
999 1791 1183 1855 primus
1203 1789 1394 1840 induxit
1420 1789 1622 1852 quidam
1650 1789 1853 1839 nomine
1869 1791 2123 1838 Stercutus

378 1878 427 1925 in
464 1875 621 1935 Italia,
649 1874 788 1923 cuius
819 1891 900 1923 ara
932 1891 961 1922 a
987 1873 1107 1922 Pico
1141 1871 1371 1921 dedicata
1405 1880 1478 1920 est
1505 1873 1730 1920 Romae:
1770 1871 1850 1919 hic
1881 1873 2019 1934 plura
2058 1871 2125 1918 in-

379 1966 650 2008 strumenta
665 1956 987 2020 agriculturae
1009 1957 1234 2019 repperit,
1254 1953 1540 2018 primusque
1556 1970 1697 2017 agros
1715 1953 1940 2003 firmavit.
1992 1955 2125 2002 Eun-

379 2044 494 2091 dem
521 2039 724 2103 quidam
751 2041 1013 2088 Saturnum
1050 2045 1343 2102 putaverunt
1369 2046 1421 2084 ut
1447 2036 1682 2084 maiorem
1713 2035 1781 2083 illi
1813 2035 2123 2085 nobilitatem

379 2126 595 2172 facerent
620 2124 717 2171 hoc
743 2121 959 2181 nomine,
980 2137 1080 2184 quo
1106 2119 1366 2185 splendide
1385 2127 1583 2168 sonaret
1608 2128 1655 2167 et
1682 2117 1972 2181 dignitatem
1998 2117 2124 2167 tituli
2152 2151 2176 2179 2,

380 2214 684 2269 conpararet.

315 2298 353 2336 11
516 2291 599 2337 DE
636 2302 874 2336 CVLTVRA
903 2300 1175 2334 AGRORVM.
1286 2286 1491 2334 Cultura
1523 2293 1596 2332 est
1634 2300 1730 2346 qua
1766 2284 2010 2332 frumenta
2052 2283 2128 2331 vel

378 2372 491 2418 vina
516 2386 696 2433 magno
721 2369 891 2418 labore
927 2376 1240 2432 quaeruntur,
1268 2367 1332 2415 ab
1366 2365 1632 2415 incolendo
1657 2374 1842 2414 vocata.
1918 2364 2130 2414 Divitiae

381 2451 515 2501 enim
531 2453 847 2514 antiquorum
864 2450 913 2498 in
930 2452 1006 2499 his
1023 2450 1219 2499 duobus
1239 2457 1388 2508 erant,
1406 2447 1535 2496 bene
1554 2463 1754 2510 pascere
1773 2455 1822 2496 et
1839 2447 1966 2495 bene
1981 2463 2129 2495 arare.

384 2534 591 2585 Cultura
606 2533 706 2597 agri
723 2533 858 2590 cinis,
877 2532 1044 2593 aratio,
1063 2531 1373 2589 intermissio,
1394 2527 1614 2577 incensio
1633 2528 1935 2591 stipularum,
1955 2537 2131 2578 sterco-
2158 2556 2176 2583 :-

336 2617 519 2677 2ratio,
566 2615 770 2676 occatio,
809 2616 1044 2663 runcatio.
1120 2612 1257 2664 Cinis
1293 2621 1366 2661 est
1404 2611 1689 2659 incendium
1725 2627 1812 2673 per
1847 2611 1982 2672 quod
2022 2624 2134 2671 ager

386 2699 610 2748 inutilem
653 2700 911 2746 humorem
952 2697 1146 2745 exudat.
1219 2692 1389 2742 Aratio
1429 2691 1558 2740 dicta
1598 2690 1712 2754 quia
1749 2692 1812 2740 de
1853 2707 1964 2740 aere
2000 2688 2133 2752 prius

442 2828 526 2867 Per
541 2829 654 2867 hunc
672 2827 825 2866 librum
846 2828 967 2865 etiam
989 2826 1032 2863 D
1051 2824 1213 2875 contuli,
1237 2836 1319 2861 non
1341 2827 1480 2861 tamen
1500 2821 1580 2860 BC
1753 2834 1771 2860 1
1807 2822 1965 2860 Rerum
1985 2833 2067 2859 om.
2090 2819 2133 2858 D

388 2896 413 2933 3
445 2883 594 2935 Mago]
615 2895 793 2932 magnus
811 2881 924 2920 codd.
999 2893 1024 2930 5
1053 2886 1194 2919 autem
1215 2891 1301 2919 om.
1321 2877 1367 2915 K
1438 2879 1464 2915 6
1495 2875 1668 2927 deinde]
1690 2875 1790 2915 inde
1810 2875 1854 2914 D
1928 2887 1950 2924 7
1981 2875 2134 2914 extulit
2172 2896 2176 2898 ·

388 2952 473 2979 om.
492 2937 554 2976 Dl
610 2938 774 2976 minure
794 2935 841 2973 K
917 2938 943 2975 8
972 2942 1014 2973 et
1034 2948 1115 2974 om.
1143 2933 1180 2972 T
1249 2945 1292 2971 11
1325 2933 1584 2971 ssuminatum
1613 2929 1650 2967 T
1719 2943 1766 2969 12
1797 2927 2138 2978 homogerumK

394 3006 442 3042 13
471 2993 771 3043 treptolemum
798 2990 900 3030 TD:
932 2989 1164 3040 tripolitum
1184 2987 1228 3026 K
1367 2988 1416 3025 16
1445 2999 1514 3036 qu.
1537 2985 1619 3024 ind.
1649 2983 1686 3022 T
1817 2997 1870 3024 20
1897 2984 1978 3024 hoc
2001 2982 2131 3035 nom.]

391 3048 562 3087 homine
583 3046 629 3085 K
737 3059 784 3085 21
820 3051 1026 3095 conparet
1045 3043 1088 3082 D
1198 3045 1250 3081 26
1279 3055 1356 3092 per
1375 3054 1458 3091 quo
1488 3039 1565 3079 TD
