<?xml version="1.0" encoding="UTF-8"?>
<!DOCTYPE html PUBLIC "-//W3C//DTD XHTML 1.0 Transitional//EN"
    "http://www.w3.org/TR/xhtml1/DTD/xhtml1-transitional.dtd">
<html xmlns="http://www.w3.org/1999/xhtml" xml:lang="en" lang="en">
 <head>
  <title>
</title>
<meta http-equiv="Content-Type" content="text/html;charset=utf-8" />
  <meta name='ocr-system' content='tesseract 3.04.00' />
  <meta name='ocr-capabilities' content='ocr_page ocr_carea ocr_par ocr_line ocrx_word'/>
</head>
<body>
  <div class='ocr_page' id='page_1' title='image "./isidori01isiduoft/isidori01isiduoft_0481.png"; bbox 0 0 2176 3424; ppageno 0'>
   <div class='ocr_carea' id='block_1_1' title="bbox 514 113 1544 170">
    <p class='ocr_par' dir='ltr' id='par_1_1' title="bbox 514 113 1544 170">
     <span class='ocr_line' id='line_1_1' title="bbox 514 113 1544 170; baseline -0.012 0"><span class='ocrx_word' id='word_1_1' title='bbox 514 118 1144 170; x_wconf 77' lang='lat' dir='ltr'><strong>ETYMOLOGIARVM</strong></span> <span class='ocrx_word' id='word_1_2' title='bbox 1186 117 1315 162; x_wconf 85' lang='lat' dir='ltr'>LIB.</span> <span class='ocrx_word' id='word_1_3' title='bbox 1355 116 1477 161; x_wconf 82' lang='lat' dir='ltr'>XII.</span> <span class='ocrx_word' id='word_1_4' title='bbox 1514 113 1544 158; x_wconf 89' lang='lat' dir='ltr'>ii</span> 
     </span>
    </p>
   </div>
   <div class='ocr_carea' id='block_1_2' title="bbox 46 231 1992 2600">
    <p class='ocr_par' dir='ltr' id='par_1_2' title="bbox 151 231 1988 559">
     <span class='ocr_line' id='line_1_2' title="bbox 152 231 1988 310; baseline -0.011 -10"><span class='ocrx_word' id='word_1_5' title='bbox 152 253 278 300; x_wconf 91' lang='lat' dir='ltr'>libus</span> <span class='ocrx_word' id='word_1_6' title='bbox 295 251 492 299; x_wconf 89' lang='lat' dir='ltr'>habent.</span> <span class='ocrx_word' id='word_1_7' title='bbox 548 250 777 310; x_wconf 82' lang='lat' dir='ltr'>Namque</span> <span class='ocrx_word' id='word_1_8' title='bbox 798 245 887 295; x_wconf 91' lang='lat' dir='ltr'>soli</span> <span class='ocrx_word' id='word_1_9' title='bbox 909 261 994 293; x_wconf 91' lang='lat' dir='ltr'>sua</span> <span class='ocrx_word' id='word_1_10' title='bbox 1015 242 1217 291; x_wconf 85' lang='lat' dir='ltr'>nomina</span> <span class='ocrx_word' id='word_1_11' title='bbox 1236 247 1597 304; x_wconf 89' lang='lat' dir='ltr'>recognoscunt</span> <span class='ocrx_word' id='word_1_12' title='bbox 1615 256 1626 297; x_wconf 79' lang='lat'><em>3</em></span> <span class='ocrx_word' id='word_1_13' title='bbox 1663 237 1894 285; x_wconf 87' lang='lat' dir='ltr'>dominos</span> <span class='ocrx_word' id='word_1_14' title='bbox 1919 231 1988 278; x_wconf 86' lang='lat'>26</span> 
     </span>
     <span class='ocr_line' id='line_1_3' title="bbox 151 317 1894 394; baseline -0.011 -12"><span class='ocrx_word' id='word_1_15' title='bbox 151 350 265 382; x_wconf 87' lang='lat' dir='ltr'>suos</span> <span class='ocrx_word' id='word_1_16' title='bbox 299 332 507 394; x_wconf 90' lang='lat' dir='ltr'>diligunt</span> <span class='ocrx_word' id='word_1_17' title='bbox 526 348 536 390; x_wconf 81' lang='lat'><em>3</em></span> <span class='ocrx_word' id='word_1_18' title='bbox 573 329 889 378; x_wconf 88' lang='lat' dir='ltr'>dominorum</span> <span class='ocrx_word' id='word_1_19' title='bbox 923 334 1052 374; x_wconf 89' lang='lat' dir='ltr'>tecta</span> <span class='ocrx_word' id='word_1_20' title='bbox 1085 324 1359 373; x_wconf 87' lang='lat' dir='ltr'>defendunt</span> <span class='ocrx_word' id='word_1_21' title='bbox 1378 340 1390 382; x_wconf 79' lang='lat'><em>3</em></span> <span class='ocrx_word' id='word_1_22' title='bbox 1427 338 1514 384; x_wconf 90' lang='lat' dir='ltr'>pro</span> <span class='ocrx_word' id='word_1_23' title='bbox 1546 318 1761 368; x_wconf 87' lang='lat' dir='ltr'>dominis</span> <span class='ocrx_word' id='word_1_24' title='bbox 1795 317 1894 365; x_wconf 91' lang='lat' dir='ltr'>suis</span> 
     </span>
     <span class='ocr_line' id='line_1_4' title="bbox 151 402 1896 470; baseline -0.01 -8"><span class='ocrx_word' id='word_1_25' title='bbox 151 431 202 462; x_wconf 90' lang='lat' dir='ltr'>se</span> <span class='ocrx_word' id='word_1_26' title='bbox 222 412 363 462; x_wconf 91' lang='lat' dir='ltr'>morti</span> <span class='ocrx_word' id='word_1_27' title='bbox 384 411 606 460; x_wconf 90' lang='lat' dir='ltr'>obiciunt</span> <span class='ocrx_word' id='word_1_28' title='bbox 623 429 636 470; x_wconf 79' lang='lat'><em>3</em></span> <span class='ocrx_word' id='word_1_29' title='bbox 672 408 944 457; x_wconf 81' lang='lat' dir='ltr'>voluntarie</span> <span class='ocrx_word' id='word_1_30' title='bbox 963 423 1076 454; x_wconf 92' lang='lat' dir='ltr'>cum</span> <span class='ocrx_word' id='word_1_31' title='bbox 1098 404 1304 454; x_wconf 90' lang='lat' dir='ltr'>domino</span> <span class='ocrx_word' id='word_1_32' title='bbox 1324 404 1387 452; x_wconf 94' lang='lat' dir='ltr'>ad</span> <span class='ocrx_word' id='word_1_33' title='bbox 1407 402 1639 466; x_wconf 81' lang='lat' dir='ltr'>praedam</span> <span class='ocrx_word' id='word_1_34' title='bbox 1666 407 1866 448; x_wconf 89' lang='lat' dir='ltr'>currunt</span> <span class='ocrx_word' id='word_1_35' title='bbox 1884 415 1896 457; x_wconf 83' lang='lat'>3</span> 
     </span>
     <span class='ocr_line' id='line_1_5' title="bbox 151 483 1893 559; baseline -0.01 -15"><span class='ocrx_word' id='word_1_36' title='bbox 151 512 325 559; x_wconf 89' lang='lat' dir='ltr'>corpus</span> <span class='ocrx_word' id='word_1_37' title='bbox 358 493 549 542; x_wconf 91' lang='lat' dir='ltr'>domini</span> <span class='ocrx_word' id='word_1_38' title='bbox 583 493 657 540; x_wconf 92' lang='lat' dir='ltr'>sui</span> <span class='ocrx_word' id='word_1_39' title='bbox 691 491 838 540; x_wconf 89' lang='lat' dir='ltr'>etiam</span> <span class='ocrx_word' id='word_1_40' title='bbox 872 498 1122 537; x_wconf 91' lang='lat' dir='ltr'>mortuum</span> <span class='ocrx_word' id='word_1_41' title='bbox 1155 504 1257 536; x_wconf 90' lang='lat' dir='ltr'>non</span> <span class='ocrx_word' id='word_1_42' title='bbox 1294 484 1590 548; x_wconf 89' lang='lat' dir='ltr'>relinquunt.</span> <span class='ocrx_word' id='word_1_43' title='bbox 1666 483 1893 542; x_wconf 88' lang='lat' dir='ltr'>Quorum</span> 
     </span>
    </p>

    <p class='ocr_par' dir='ltr' id='par_1_3' title="bbox 103 562 1984 969">
     <span class='ocr_line' id='line_1_6' title="bbox 103 562 1895 641; baseline -0.01 -15"><span class='ocrx_word' id='word_1_44' title='bbox 103 602 124 641; x_wconf 78' lang='lat'><strong>5</strong></span> <span class='ocrx_word' id='word_1_45' title='bbox 149 587 399 641; x_wconf 90' lang='lat' dir='ltr'>postremo</span> <span class='ocrx_word' id='word_1_46' title='bbox 418 584 620 623; x_wconf 88' lang='lat' dir='ltr'>naturae</span> <span class='ocrx_word' id='word_1_47' title='bbox 639 583 712 621; x_wconf 90' lang='lat' dir='ltr'>est</span> <span class='ocrx_word' id='word_1_48' title='bbox 731 580 863 620; x_wconf 87' lang='lat' dir='ltr'>extra</span> <span class='ocrx_word' id='word_1_49' title='bbox 888 571 1116 618; x_wconf 90' lang='lat' dir='ltr'>homines</span> <span class='ocrx_word' id='word_1_50' title='bbox 1137 584 1244 617; x_wconf 91' lang='lat' dir='ltr'>esse</span> <span class='ocrx_word' id='word_1_51' title='bbox 1263 584 1364 615; x_wconf 93' lang='lat' dir='ltr'>non</span> <span class='ocrx_word' id='word_1_52' title='bbox 1391 582 1550 631; x_wconf 90' lang='lat' dir='ltr'>posse.</span> <span class='ocrx_word' id='word_1_53' title='bbox 1608 565 1669 611; x_wconf 93' lang='lat' dir='ltr'>In</span> <span class='ocrx_word' id='word_1_54' title='bbox 1688 562 1895 610; x_wconf 87' lang='lat' dir='ltr'>canibus</span> 
     </span>
     <span class='ocr_line' id='line_1_7' title="bbox 149 645 1984 713; baseline -0.008 -6"><span class='ocrx_word' id='word_1_55' title='bbox 149 660 251 707; x_wconf 92' lang='lat' dir='ltr'>duo</span> <span class='ocrx_word' id='word_1_56' title='bbox 276 667 416 706; x_wconf 90' lang='lat' dir='ltr'>sunt:</span> <span class='ocrx_word' id='word_1_57' title='bbox 456 664 540 704; x_wconf 92' lang='lat' dir='ltr'>aut</span> <span class='ocrx_word' id='word_1_58' title='bbox 565 654 815 713; x_wconf 89' lang='lat' dir='ltr'>fortitudo,</span> <span class='ocrx_word' id='word_1_59' title='bbox 841 662 924 701; x_wconf 92' lang='lat' dir='ltr'>aut</span> <span class='ocrx_word' id='word_1_60' title='bbox 943 653 1190 700; x_wconf 86' lang='lat' dir='ltr'>velocitas.</span> <span class='ocrx_word' id='word_1_61' title='bbox 1247 647 1411 700; x_wconf 91' lang='lat' dir='ltr'>Catuli</span> <span class='ocrx_word' id='word_1_62' title='bbox 1435 645 1638 696; x_wconf 83' lang='lat' dir='ltr'>abusive</span> <span class='ocrx_word' id='word_1_63' title='bbox 1664 645 1895 693; x_wconf 90' lang='lat' dir='ltr'>dicuntur</span> <span class='ocrx_word' id='word_1_64' title='bbox 1922 657 1984 705; x_wconf 84' lang='lat'>27</span> 
     </span>
     <span class='ocr_line' id='line_1_8' title="bbox 150 729 1895 803; baseline -0.009 -14"><span class='ocrx_word' id='word_1_65' title='bbox 150 738 479 803; x_wconf 89' lang='lat' dir='ltr'>quarumlibet</span> <span class='ocrx_word' id='word_1_66' title='bbox 498 737 762 786; x_wconf 90' lang='lat' dir='ltr'>bestiarum</span> <span class='ocrx_word' id='word_1_67' title='bbox 781 734 878 783; x_wconf 91' lang='lat' dir='ltr'>filii.</span> <span class='ocrx_word' id='word_1_68' title='bbox 933 735 1063 782; x_wconf 92' lang='lat' dir='ltr'>Nam</span> <span class='ocrx_word' id='word_1_69' title='bbox 1081 733 1276 796; x_wconf 88' lang='lat' dir='ltr'>proprie</span> <span class='ocrx_word' id='word_1_70' title='bbox 1293 729 1441 780; x_wconf 90' lang='lat' dir='ltr'>catuli</span> <span class='ocrx_word' id='word_1_71' title='bbox 1461 745 1641 777; x_wconf 90' lang='lat' dir='ltr'>canum</span> <span class='ocrx_word' id='word_1_72' title='bbox 1663 736 1790 786; x_wconf 89' lang='lat' dir='ltr'>sunt,</span> <span class='ocrx_word' id='word_1_73' title='bbox 1810 742 1895 789; x_wconf 90' lang='lat' dir='ltr'>per</span> 
     </span>
     <span class='ocr_line' id='line_1_9' title="bbox 149 806 1984 879; baseline -0.009 -8"><span class='ocrx_word' id='word_1_74' title='bbox 149 820 528 871; x_wconf 86' lang='lat' dir='ltr'>diminutionem</span> <span class='ocrx_word' id='word_1_75' title='bbox 546 818 679 867; x_wconf 92' lang='lat' dir='ltr'>dicti.</span> <span class='ocrx_word' id='word_1_76' title='bbox 734 816 923 879; x_wconf 85' lang='lat' dir='ltr'>Lycisci</span> <span class='ocrx_word' id='word_1_77' title='bbox 940 825 1106 864; x_wconf 90' lang='lat' dir='ltr'>autem</span> <span class='ocrx_word' id='word_1_78' title='bbox 1127 814 1372 872; x_wconf 91' lang='lat' dir='ltr'>dicuntur,</span> <span class='ocrx_word' id='word_1_79' title='bbox 1391 821 1445 860; x_wconf 90' lang='lat' dir='ltr'>ut</span> <span class='ocrx_word' id='word_1_80' title='bbox 1459 811 1527 860; x_wconf 91' lang='lat' dir='ltr'>ait</span> <span class='ocrx_word' id='word_1_81' title='bbox 1543 809 1730 858; x_wconf 90' lang='lat' dir='ltr'>Plinius</span> <span class='ocrx_word' id='word_1_82' title='bbox 1749 806 1829 871; x_wconf 90' lang='lat' dir='ltr'>(cf.</span> <span class='ocrx_word' id='word_1_83' title='bbox 1850 810 1893 867; x_wconf 83' lang='lat'>8,</span> <span class='ocrx_word' id='word_1_84' title='bbox 1920 809 1984 856; x_wconf 87' lang='lat'>28</span> 
     </span>
     <span class='ocr_line' id='line_1_10' title="bbox 154 891 1893 969; baseline -0.009 -17"><span class='ocrx_word' id='word_1_85' title='bbox 154 903 282 969; x_wconf 87' lang='lat'>148),</span> <span class='ocrx_word' id='word_1_86' title='bbox 301 919 447 951; x_wconf 86' lang='lat' dir='ltr'>canes</span> <span class='ocrx_word' id='word_1_87' title='bbox 464 900 566 949; x_wconf 87' lang='lat' dir='ltr'>nati</span> <span class='ocrx_word' id='word_1_88' title='bbox 582 917 640 949; x_wconf 89' lang='lat' dir='ltr'>ex</span> <span class='ocrx_word' id='word_1_89' title='bbox 660 900 787 962; x_wconf 85' lang='lat' dir='ltr'>lupis</span> <span class='ocrx_word' id='word_1_90' title='bbox 808 908 856 947; x_wconf 89' lang='lat' dir='ltr'>et</span> <span class='ocrx_word' id='word_1_91' title='bbox 873 898 1093 958; x_wconf 88' lang='lat' dir='ltr'>canibus,</span> <span class='ocrx_word' id='word_1_92' title='bbox 1113 913 1226 945; x_wconf 91' lang='lat' dir='ltr'>cum</span> <span class='ocrx_word' id='word_1_93' title='bbox 1247 895 1373 944; x_wconf 89' lang='lat' dir='ltr'>inter</span> <span class='ocrx_word' id='word_1_94' title='bbox 1390 911 1441 944; x_wconf 90' lang='lat' dir='ltr'>se</span> <span class='ocrx_word' id='word_1_95' title='bbox 1461 895 1585 942; x_wconf 92' lang='lat' dir='ltr'>forte</span> <span class='ocrx_word' id='word_1_96' title='bbox 1606 891 1893 940; x_wconf 89' lang='lat' dir='ltr'>miscuntur.</span> 
     </span>
    </p>

    <p class='ocr_par' dir='ltr' id='par_1_4' title="bbox 78 972 1992 1376">
     <span class='ocr_line' id='line_1_11' title="bbox 78 972 1896 1040; baseline -0.007 -9"><span class='ocrx_word' id='word_1_97' title='bbox 78 1004 125 1032; x_wconf 86' lang='lat'>10</span> <span class='ocrx_word' id='word_1_98' title='bbox 148 988 317 1034; x_wconf 88' lang='lat' dir='ltr'>Solent</span> <span class='ocrx_word' id='word_1_99' title='bbox 343 994 390 1033; x_wconf 91' lang='lat' dir='ltr'>et</span> <span class='ocrx_word' id='word_1_100' title='bbox 412 982 525 1032; x_wconf 90' lang='lat' dir='ltr'>Indi</span> <span class='ocrx_word' id='word_1_101' title='bbox 551 981 757 1031; x_wconf 91' lang='lat' dir='ltr'>feminas</span> <span class='ocrx_word' id='word_1_102' title='bbox 783 997 930 1029; x_wconf 90' lang='lat' dir='ltr'>canes</span> <span class='ocrx_word' id='word_1_103' title='bbox 956 990 1108 1028; x_wconf 88' lang='lat' dir='ltr'>noctu</span> <span class='ocrx_word' id='word_1_104' title='bbox 1135 979 1184 1026; x_wconf 89' lang='lat' dir='ltr'>in</span> <span class='ocrx_word' id='word_1_105' title='bbox 1211 977 1341 1026; x_wconf 91' lang='lat' dir='ltr'>silvis</span> <span class='ocrx_word' id='word_1_106' title='bbox 1367 975 1586 1040; x_wconf 90' lang='lat' dir='ltr'>alligatas</span> <span class='ocrx_word' id='word_1_107' title='bbox 1612 972 1807 1023; x_wconf 89' lang='lat' dir='ltr'>admitti</span> <span class='ocrx_word' id='word_1_108' title='bbox 1832 973 1896 1020; x_wconf 91' lang='lat' dir='ltr'>ad</span> 
     </span>
     <span class='ocr_line' id='line_1_12' title="bbox 146 1058 1895 1131; baseline -0.008 -15"><span class='ocrx_word' id='word_1_109' title='bbox 146 1068 289 1131; x_wconf 86' lang='lat' dir='ltr'>tigres</span> <span class='ocrx_word' id='word_1_110' title='bbox 323 1066 518 1125; x_wconf 84' lang='lat' dir='ltr'>bestias,</span> <span class='ocrx_word' id='word_1_111' title='bbox 545 1082 574 1112; x_wconf 89' lang='lat' dir='ltr'>a</span> <span class='ocrx_word' id='word_1_112' title='bbox 599 1063 778 1127; x_wconf 91' lang='lat' dir='ltr'>quibus</span> <span class='ocrx_word' id='word_1_113' title='bbox 812 1061 999 1121; x_wconf 78' lang='lat' dir='ltr'>insiliri,</span> <span class='ocrx_word' id='word_1_114' title='bbox 1024 1072 1071 1111; x_wconf 90' lang='lat' dir='ltr'>et</span> <span class='ocrx_word' id='word_1_115' title='bbox 1105 1060 1241 1109; x_wconf 90' lang='lat' dir='ltr'>nasci</span> <span class='ocrx_word' id='word_1_116' title='bbox 1274 1076 1332 1109; x_wconf 80' lang='lat' dir='ltr'>ex</span> <span class='ocrx_word' id='word_1_117' title='bbox 1366 1060 1545 1108; x_wconf 92' lang='lat' dir='ltr'>eodem</span> <span class='ocrx_word' id='word_1_118' title='bbox 1579 1058 1714 1106; x_wconf 87' lang='lat' dir='ltr'>foetu</span> <span class='ocrx_word' id='word_1_119' title='bbox 1749 1070 1895 1103; x_wconf 90' lang='lat' dir='ltr'>canes</span> 
     </span>
     <span class='ocr_line' id='line_1_13' title="bbox 146 1143 1893 1206; baseline -0.008 -8"><span class='ocrx_word' id='word_1_120' title='bbox 146 1151 272 1198; x_wconf 86' lang='lat' dir='ltr'>adeo</span> <span class='ocrx_word' id='word_1_121' title='bbox 310 1147 571 1197; x_wconf 88' lang='lat' dir='ltr'>acerrimos</span> <span class='ocrx_word' id='word_1_122' title='bbox 612 1156 658 1195; x_wconf 93' lang='lat' dir='ltr'>et</span> <span class='ocrx_word' id='word_1_123' title='bbox 697 1147 844 1194; x_wconf 89' lang='lat' dir='ltr'>fortes</span> <span class='ocrx_word' id='word_1_124' title='bbox 883 1154 936 1192; x_wconf 92' lang='lat' dir='ltr'>ut</span> <span class='ocrx_word' id='word_1_125' title='bbox 975 1143 1025 1191; x_wconf 90' lang='lat' dir='ltr'>in</span> <span class='ocrx_word' id='word_1_126' title='bbox 1068 1145 1312 1206; x_wconf 88' lang='lat' dir='ltr'>conplexu</span> <span class='ocrx_word' id='word_1_127' title='bbox 1361 1143 1530 1190; x_wconf 89' lang='lat' dir='ltr'>leones</span> <span class='ocrx_word' id='word_1_128' title='bbox 1569 1145 1893 1202; x_wconf 88' lang='lat' dir='ltr'>prosternant.</span> 
     </span>
     <span class='ocr_line' id='line_1_14' title="bbox 147 1220 1992 1294; baseline -0.004 -15"><span class='ocrx_word' id='word_1_129' title='bbox 147 1232 333 1294; x_wconf 90' lang='lat' dir='ltr'>Vulpes</span> <span class='ocrx_word' id='word_1_130' title='bbox 349 1230 492 1289; x_wconf 89' lang='lat' dir='ltr'>dicta,</span> <span class='ocrx_word' id='word_1_131' title='bbox 514 1230 652 1291; x_wconf 88' lang='lat' dir='ltr'>quasi</span> <span class='ocrx_word' id='word_1_132' title='bbox 670 1229 888 1290; x_wconf 90' lang='lat' dir='ltr'>volupes.</span> <span class='ocrx_word' id='word_1_133' title='bbox 944 1228 1032 1274; x_wconf 89' lang='lat' dir='ltr'>Est</span> <span class='ocrx_word' id='word_1_134' title='bbox 1050 1224 1181 1274; x_wconf 91' lang='lat' dir='ltr'>enim</span> <span class='ocrx_word' id='word_1_135' title='bbox 1200 1222 1429 1274; x_wconf 90' lang='lat' dir='ltr'>volubilis</span> <span class='ocrx_word' id='word_1_136' title='bbox 1451 1220 1675 1285; x_wconf 88' lang='lat' dir='ltr'>pedibus,</span> <span class='ocrx_word' id='word_1_137' title='bbox 1695 1229 1742 1269; x_wconf 90' lang='lat' dir='ltr'>et</span> <span class='ocrx_word' id='word_1_138' title='bbox 1759 1236 1898 1267; x_wconf 91' lang='lat' dir='ltr'>num-</span> <span class='ocrx_word' id='word_1_139' title='bbox 1921 1236 1992 1284; x_wconf 85' lang='lat'>29</span> 
     </span>
     <span class='ocr_line' id='line_1_15' title="bbox 147 1302 1897 1376; baseline -0.007 -15"><span class='ocrx_word' id='word_1_140' title='bbox 147 1330 294 1376; x_wconf 89' lang='lat' dir='ltr'>quam</span> <span class='ocrx_word' id='word_1_141' title='bbox 327 1311 470 1361; x_wconf 89' lang='lat' dir='ltr'>rectis</span> <span class='ocrx_word' id='word_1_142' title='bbox 502 1310 772 1369; x_wconf 87' lang='lat' dir='ltr'>itineribus,</span> <span class='ocrx_word' id='word_1_143' title='bbox 802 1310 890 1357; x_wconf 91' lang='lat' dir='ltr'>sed</span> <span class='ocrx_word' id='word_1_144' title='bbox 920 1307 1151 1357; x_wconf 90' lang='lat' dir='ltr'>tortuosis</span> <span class='ocrx_word' id='word_1_145' title='bbox 1181 1305 1480 1355; x_wconf 87' lang='lat' dir='ltr'>anfractibus</span> <span class='ocrx_word' id='word_1_146' title='bbox 1514 1302 1674 1363; x_wconf 90' lang='lat' dir='ltr'>currit,</span> <span class='ocrx_word' id='word_1_147' title='bbox 1703 1302 1897 1350; x_wconf 90' lang='lat' dir='ltr'>fraudu-</span> 
     </span>
    </p>

    <p class='ocr_par' dir='ltr' id='par_1_5' title="bbox 46 1382 1988 1782">
     <span class='ocr_line' id='line_1_16' title="bbox 46 1382 1896 1468; baseline -0.008 -23"><span class='ocrx_word' id='word_1_148' title='bbox 46 1453 51 1468; x_wconf 43' lang='lat'><strong><em>.</em></strong></span> <span class='ocrx_word' id='word_1_149' title='bbox 74 1418 119 1459; x_wconf 86' lang='lat'>15</span> <span class='ocrx_word' id='word_1_150' title='bbox 145 1399 331 1445; x_wconf 91' lang='lat' dir='ltr'>lentum</span> <span class='ocrx_word' id='word_1_151' title='bbox 362 1393 544 1442; x_wconf 88' lang='lat' dir='ltr'>animal</span> <span class='ocrx_word' id='word_1_152' title='bbox 577 1391 866 1454; x_wconf 88' lang='lat' dir='ltr'>insidiisque</span> <span class='ocrx_word' id='word_1_153' title='bbox 892 1389 1158 1453; x_wconf 88' lang='lat' dir='ltr'>decipiens.</span> <span class='ocrx_word' id='word_1_154' title='bbox 1233 1390 1364 1436; x_wconf 92' lang='lat' dir='ltr'>Nam</span> <span class='ocrx_word' id='word_1_155' title='bbox 1391 1389 1510 1436; x_wconf 88' lang='lat' dir='ltr'>dum</span> <span class='ocrx_word' id='word_1_156' title='bbox 1536 1402 1638 1433; x_wconf 91' lang='lat' dir='ltr'>non</span> <span class='ocrx_word' id='word_1_157' title='bbox 1670 1382 1896 1432; x_wconf 88' lang='lat' dir='ltr'>habuerit</span> 
     </span>
     <span class='ocr_line' id='line_1_17' title="bbox 147 1467 1896 1538; baseline -0.006 -14"><span class='ocrx_word' id='word_1_158' title='bbox 147 1491 324 1534; x_wconf 86' lang='lat' dir='ltr'>escam,</span> <span class='ocrx_word' id='word_1_159' title='bbox 364 1475 502 1538; x_wconf 90' lang='lat' dir='ltr'>fingit</span> <span class='ocrx_word' id='word_1_160' title='bbox 543 1483 768 1533; x_wconf 89' lang='lat' dir='ltr'>mortem,</span> <span class='ocrx_word' id='word_1_161' title='bbox 810 1473 978 1535; x_wconf 87' lang='lat' dir='ltr'>sicque</span> <span class='ocrx_word' id='word_1_162' title='bbox 1015 1472 1376 1520; x_wconf 87' lang='lat' dir='ltr'>descendentes</span> <span class='ocrx_word' id='word_1_163' title='bbox 1414 1467 1552 1532; x_wconf 89' lang='lat' dir='ltr'>quasi</span> <span class='ocrx_word' id='word_1_164' title='bbox 1588 1468 1651 1515; x_wconf 91' lang='lat' dir='ltr'>ad</span> <span class='ocrx_word' id='word_1_165' title='bbox 1688 1469 1896 1516; x_wconf 90' lang='lat' dir='ltr'>cadaver</span> 
     </span>
     <span class='ocr_line' id='line_1_18' title="bbox 146 1549 1988 1619; baseline -0.004 -15"><span class='ocrx_word' id='word_1_166' title='bbox 146 1574 258 1606; x_wconf 88' lang='lat' dir='ltr'>aves</span> <span class='ocrx_word' id='word_1_167' title='bbox 280 1556 403 1619; x_wconf 88' lang='lat' dir='ltr'>rapit</span> <span class='ocrx_word' id='word_1_168' title='bbox 423 1566 470 1605; x_wconf 92' lang='lat' dir='ltr'>et</span> <span class='ocrx_word' id='word_1_169' title='bbox 490 1558 705 1606; x_wconf 89' lang='lat' dir='ltr'>devorat.</span> <span class='ocrx_word' id='word_1_170' title='bbox 758 1554 939 1604; x_wconf 90' lang='lat' dir='ltr'>Simiae</span> <span class='ocrx_word' id='word_1_171' title='bbox 961 1556 1207 1603; x_wconf 88' lang='lat' dir='ltr'>Graecum</span> <span class='ocrx_word' id='word_1_172' title='bbox 1233 1568 1419 1600; x_wconf 87' lang='lat' dir='ltr'>nomen</span> <span class='ocrx_word' id='word_1_173' title='bbox 1439 1560 1526 1610; x_wconf 89' lang='lat' dir='ltr'>est,</span> <span class='ocrx_word' id='word_1_174' title='bbox 1548 1549 1598 1598; x_wconf 91' lang='lat' dir='ltr'>id</span> <span class='ocrx_word' id='word_1_175' title='bbox 1619 1557 1691 1598; x_wconf 89' lang='lat' dir='ltr'>est</span> <span class='ocrx_word' id='word_1_176' title='bbox 1717 1550 1895 1612; x_wconf 88' lang='lat' dir='ltr'>pressis</span> <span class='ocrx_word' id='word_1_177' title='bbox 1920 1557 1988 1604; x_wconf 88' lang='lat'>30</span> 
     </span>
     <span class='ocr_line' id='line_1_19' title="bbox 147 1630 1896 1698; baseline -0.005 -11"><span class='ocrx_word' id='word_1_178' title='bbox 147 1638 378 1698; x_wconf 79' lang='lat' dir='ltr'>naribu53</span> <span class='ocrx_word' id='word_1_179' title='bbox 408 1640 541 1687; x_wconf 93' lang='lat' dir='ltr'>unde</span> <span class='ocrx_word' id='word_1_180' title='bbox 567 1648 614 1687; x_wconf 91' lang='lat' dir='ltr'>et</span> <span class='ocrx_word' id='word_1_181' title='bbox 640 1637 804 1686; x_wconf 88' lang='lat' dir='ltr'>simias</span> <span class='ocrx_word' id='word_1_182' title='bbox 839 1635 1064 1695; x_wconf 78' lang='lat' dir='ltr'>dicimUS,</span> <span class='ocrx_word' id='word_1_183' title='bbox 1094 1636 1231 1698; x_wconf 91' lang='lat' dir='ltr'>quod</span> <span class='ocrx_word' id='word_1_184' title='bbox 1267 1634 1538 1697; x_wconf 87' lang='lat' dir='ltr'>suppressis</span> <span class='ocrx_word' id='word_1_185' title='bbox 1573 1631 1773 1680; x_wconf 87' lang='lat' dir='ltr'>naribus</span> <span class='ocrx_word' id='word_1_186' title='bbox 1799 1630 1896 1679; x_wconf 89' lang='lat' dir='ltr'>sint</span> 
     </span>
     <span class='ocr_line' id='line_1_20' title="bbox 149 1715 1894 1782; baseline -0.005 -14"><span class='ocrx_word' id='word_1_187' title='bbox 149 1730 195 1768; x_wconf 90' lang='lat' dir='ltr'>et</span> <span class='ocrx_word' id='word_1_188' title='bbox 229 1719 351 1769; x_wconf 91' lang='lat' dir='ltr'>facie</span> <span class='ocrx_word' id='word_1_189' title='bbox 380 1721 536 1779; x_wconf 84' lang='lat' dir='ltr'>foeda,</span> <span class='ocrx_word' id='word_1_190' title='bbox 565 1721 694 1782; x_wconf 89' lang='lat' dir='ltr'>rugis</span> <span class='ocrx_word' id='word_1_191' title='bbox 732 1717 934 1781; x_wconf 88' lang='lat' dir='ltr'>turpiter</span> <span class='ocrx_word' id='word_1_192' title='bbox 967 1716 1299 1765; x_wconf 90' lang='lat' dir='ltr'>follicantibus</span> <span class='ocrx_word' id='word_1_193' title='bbox 1318 1734 1330 1777; x_wconf 78' lang='lat'><em>3</em></span> <span class='ocrx_word' id='word_1_194' title='bbox 1366 1715 1481 1764; x_wconf 89' lang='lat' dir='ltr'>licet</span> <span class='ocrx_word' id='word_1_195' title='bbox 1516 1723 1564 1764; x_wconf 91' lang='lat' dir='ltr'>et</span> <span class='ocrx_word' id='word_1_196' title='bbox 1598 1715 1894 1777; x_wconf 89' lang='lat' dir='ltr'>capellarum</span> 
     </span>
    </p>

    <p class='ocr_par' dir='ltr' id='par_1_6' title="bbox 75 1799 1973 2192">
     <span class='ocr_line' id='line_1_21' title="bbox 75 1799 1894 1865; baseline -0.005 -12"><span class='ocrx_word' id='word_1_197' title='bbox 75 1825 124 1853; x_wconf 91' lang='lat'>20</span> <span class='ocrx_word' id='word_1_198' title='bbox 148 1801 208 1850; x_wconf 90' lang='lat' dir='ltr'>sit</span> <span class='ocrx_word' id='word_1_199' title='bbox 232 1819 454 1865; x_wconf 88' lang='lat' dir='ltr'>pressum</span> <span class='ocrx_word' id='word_1_200' title='bbox 480 1802 660 1850; x_wconf 89' lang='lat' dir='ltr'>habere</span> <span class='ocrx_word' id='word_1_201' title='bbox 686 1818 875 1850; x_wconf 91' lang='lat' dir='ltr'>nasum.</span> <span class='ocrx_word' id='word_1_202' title='bbox 932 1799 1030 1847; x_wconf 92' lang='lat' dir='ltr'>Alii</span> <span class='ocrx_word' id='word_1_203' title='bbox 1056 1799 1220 1847; x_wconf 91' lang='lat' dir='ltr'>simias</span> <span class='ocrx_word' id='word_1_204' title='bbox 1243 1799 1421 1846; x_wconf 89' lang='lat' dir='ltr'>Latino</span> <span class='ocrx_word' id='word_1_205' title='bbox 1447 1813 1674 1846; x_wconf 92' lang='lat' dir='ltr'>sermone</span> <span class='ocrx_word' id='word_1_206' title='bbox 1694 1805 1894 1845; x_wconf 87' lang='lat' dir='ltr'>vocatos</span> 
     </span>
     <span class='ocr_line' id='line_1_22' title="bbox 146 1878 1895 1946; baseline -0.003 -15"><span class='ocrx_word' id='word_1_207' title='bbox 146 1883 451 1943; x_wconf 88' lang='lat' dir='ltr'>arbitrantur,</span> <span class='ocrx_word' id='word_1_208' title='bbox 481 1901 540 1932; x_wconf 93' lang='lat' dir='ltr'>eo</span> <span class='ocrx_word' id='word_1_209' title='bbox 566 1885 701 1946; x_wconf 94' lang='lat' dir='ltr'>quod</span> <span class='ocrx_word' id='word_1_210' title='bbox 736 1885 889 1930; x_wconf 91' lang='lat' dir='ltr'>multa</span> <span class='ocrx_word' id='word_1_211' title='bbox 922 1881 971 1929; x_wconf 89' lang='lat' dir='ltr'>in</span> <span class='ocrx_word' id='word_1_212' title='bbox 1005 1881 1074 1930; x_wconf 90' lang='lat' dir='ltr'>eis</span> <span class='ocrx_word' id='word_1_213' title='bbox 1111 1880 1382 1930; x_wconf 90' lang='lat' dir='ltr'>similitudo</span> <span class='ocrx_word' id='word_1_214' title='bbox 1417 1878 1617 1928; x_wconf 90' lang='lat' dir='ltr'>rationis</span> <span class='ocrx_word' id='word_1_215' title='bbox 1647 1880 1895 1926; x_wconf 90' lang='lat' dir='ltr'>humanae</span> 
     </span>
     <span class='ocr_line' id='line_1_23' title="bbox 147 1962 1973 2027; baseline -0.003 -14"><span class='ocrx_word' id='word_1_216' title='bbox 147 1966 380 2027; x_wconf 81' lang='lat' dir='ltr'>sentitur3</span> <span class='ocrx_word' id='word_1_217' title='bbox 417 1967 502 2014; x_wconf 91' lang='lat' dir='ltr'>sed</span> <span class='ocrx_word' id='word_1_218' title='bbox 537 1966 711 2013; x_wconf 91' lang='lat' dir='ltr'>falsum</span> <span class='ocrx_word' id='word_1_219' title='bbox 747 1974 832 2012; x_wconf 90' lang='lat' dir='ltr'>est.</span> <span class='ocrx_word' id='word_1_220' title='bbox 907 1963 977 2010; x_wconf 93' lang='lat' dir='ltr'>Hi</span> <span class='ocrx_word' id='word_1_221' title='bbox 1011 1965 1368 2012; x_wconf 88' lang='lat' dir='ltr'>elementorum</span> <span class='ocrx_word' id='word_1_222' title='bbox 1402 1978 1599 2024; x_wconf 81' lang='lat' dir='ltr'>sagaces</span> <span class='ocrx_word' id='word_1_223' title='bbox 1627 1977 1754 2009; x_wconf 90' lang='lat' dir='ltr'>nova</span> <span class='ocrx_word' id='word_1_224' title='bbox 1778 1962 1895 2008; x_wconf 88' lang='lat' dir='ltr'>luna</span> <span class='ocrx_word' id='word_1_225' title='bbox 1919 1974 1973 2020; x_wconf 91' lang='lat'>31</span> 
     </span>
     <span class='ocr_line' id='line_1_24' title="bbox 146 2045 1893 2107; baseline -0.003 -13"><span class='ocrx_word' id='word_1_226' title='bbox 146 2049 379 2107; x_wconf 76' lang='lat' dir='ltr'>exultant,</span> <span class='ocrx_word' id='word_1_227' title='bbox 408 2046 572 2096; x_wconf 89' lang='lat' dir='ltr'>media</span> <span class='ocrx_word' id='word_1_228' title='bbox 597 2056 643 2095; x_wconf 90' lang='lat' dir='ltr'>et</span> <span class='ocrx_word' id='word_1_229' title='bbox 669 2063 788 2094; x_wconf 86' lang='lat' dir='ltr'>cava</span> <span class='ocrx_word' id='word_1_230' title='bbox 813 2045 1076 2093; x_wconf 87' lang='lat' dir='ltr'>tristantur.</span> <span class='ocrx_word' id='word_1_231' title='bbox 1150 2047 1313 2104; x_wconf 82' lang='lat' dir='ltr'>Fetus,</span> <span class='ocrx_word' id='word_1_232' title='bbox 1342 2060 1467 2106; x_wconf 89' lang='lat' dir='ltr'>quos</span> <span class='ocrx_word' id='word_1_233' title='bbox 1492 2052 1673 2101; x_wconf 85' lang='lat' dir='ltr'>amant,</span> <span class='ocrx_word' id='word_1_234' title='bbox 1702 2050 1816 2090; x_wconf 90' lang='lat' dir='ltr'>ante</span> <span class='ocrx_word' id='word_1_235' title='bbox 1842 2058 1893 2089; x_wconf 89' lang='lat' dir='ltr'>se</span> 
     </span>
     <span class='ocr_line' id='line_1_25' title="bbox 145 2125 1893 2192; baseline -0.003 -15"><span class='ocrx_word' id='word_1_236' title='bbox 145 2138 365 2191; x_wconf 74' lang='lat' dir='ltr'>gestant3</span> <span class='ocrx_word' id='word_1_237' title='bbox 403 2127 611 2192; x_wconf 85' lang='lat' dir='ltr'>neglecti</span> <span class='ocrx_word' id='word_1_238' title='bbox 636 2127 763 2175; x_wconf 90' lang='lat' dir='ltr'>circa</span> <span class='ocrx_word' id='word_1_239' title='bbox 789 2136 993 2176; x_wconf 90' lang='lat' dir='ltr'>matrem</span> <span class='ocrx_word' id='word_1_240' title='bbox 1027 2128 1242 2175; x_wconf 89' lang='lat' dir='ltr'>haerent.</span> <span class='ocrx_word' id='word_1_241' title='bbox 1318 2128 1514 2174; x_wconf 91' lang='lat' dir='ltr'>Horum</span> <span class='ocrx_word' id='word_1_242' title='bbox 1547 2141 1725 2188; x_wconf 90' lang='lat' dir='ltr'>genera</span> <span class='ocrx_word' id='word_1_243' title='bbox 1751 2125 1893 2187; x_wconf 92' lang='lat' dir='ltr'>quin-</span> 
     </span>
    </p>

    <p class='ocr_par' dir='ltr' id='par_1_7' title="bbox 74 2205 1981 2600">
     <span class='ocr_line' id='line_1_26' title="bbox 74 2205 1892 2274; baseline -0.003 -15"><span class='ocrx_word' id='word_1_244' title='bbox 74 2232 120 2272; x_wconf 84' lang='lat'>25</span> <span class='ocrx_word' id='word_1_245' title='bbox 145 2228 241 2274; x_wconf 90' lang='lat' dir='ltr'>que</span> <span class='ocrx_word' id='word_1_246' title='bbox 279 2221 404 2271; x_wconf 90' lang='lat' dir='ltr'>sunt,</span> <span class='ocrx_word' id='word_1_247' title='bbox 443 2228 500 2259; x_wconf 89' lang='lat' dir='ltr'>ex</span> <span class='ocrx_word' id='word_1_248' title='bbox 531 2211 709 2273; x_wconf 91' lang='lat' dir='ltr'>quibus</span> <span class='ocrx_word' id='word_1_249' title='bbox 746 2208 1073 2272; x_wconf 91' lang='lat' dir='ltr'>cercopitheci</span> <span class='ocrx_word' id='word_1_250' title='bbox 1112 2209 1293 2256; x_wconf 88' lang='lat' dir='ltr'>caudas</span> <span class='ocrx_word' id='word_1_251' title='bbox 1331 2207 1515 2255; x_wconf 89' lang='lat' dir='ltr'>habent</span> <span class='ocrx_word' id='word_1_252' title='bbox 1535 2225 1547 2267; x_wconf 80' lang='lat'><em>3</em></span> <span class='ocrx_word' id='word_1_253' title='bbox 1583 2205 1723 2254; x_wconf 86' lang='lat' dir='ltr'>simia</span> <span class='ocrx_word' id='word_1_254' title='bbox 1760 2205 1892 2254; x_wconf 90' lang='lat' dir='ltr'>enim</span> 
     </span>
     <span class='ocr_line' id='line_1_27' title="bbox 145 2288 1981 2355; baseline -0.003 -15"><span class='ocrx_word' id='word_1_255' title='bbox 145 2309 258 2340; x_wconf 91' lang='lat' dir='ltr'>cum</span> <span class='ocrx_word' id='word_1_256' title='bbox 283 2294 442 2341; x_wconf 91' lang='lat' dir='ltr'>cauda</span> <span class='ocrx_word' id='word_1_257' title='bbox 462 2302 548 2352; x_wconf 91' lang='lat' dir='ltr'>est,</span> <span class='ocrx_word' id='word_1_258' title='bbox 572 2309 719 2355; x_wconf 88' lang='lat' dir='ltr'>quam</span> <span class='ocrx_word' id='word_1_259' title='bbox 742 2293 945 2355; x_wconf 88' lang='lat' dir='ltr'>quidam</span> <span class='ocrx_word' id='word_1_260' title='bbox 966 2293 1149 2339; x_wconf 91' lang='lat' dir='ltr'>cluram</span> <span class='ocrx_word' id='word_1_261' title='bbox 1170 2299 1362 2338; x_wconf 88' lang='lat' dir='ltr'>vocant.</span> <span class='ocrx_word' id='word_1_262' title='bbox 1426 2288 1672 2352; x_wconf 88' lang='lat' dir='ltr'>Sphingae</span> <span class='ocrx_word' id='word_1_263' title='bbox 1692 2288 1894 2336; x_wconf 86' lang='lat' dir='ltr'>villosae</span> <span class='ocrx_word' id='word_1_264' title='bbox 1917 2306 1981 2352; x_wconf 88' lang='lat'>32</span> 
     </span>
     <span class='ocr_line' id='line_1_28' title="bbox 145 2370 1895 2436; baseline -0.003 -14"><span class='ocrx_word' id='word_1_265' title='bbox 145 2385 258 2423; x_wconf 90' lang='lat' dir='ltr'>sunt</span> <span class='ocrx_word' id='word_1_266' title='bbox 295 2374 467 2434; x_wconf 82' lang='lat' dir='ltr'>comis,</span> <span class='ocrx_word' id='word_1_267' title='bbox 501 2375 728 2422; x_wconf 89' lang='lat' dir='ltr'>mammis</span> <span class='ocrx_word' id='word_1_268' title='bbox 765 2372 1174 2436; x_wconf 89' lang='lat' dir='ltr'>prominentibus,</span> <span class='ocrx_word' id='word_1_269' title='bbox 1215 2371 1401 2420; x_wconf 89' lang='lat' dir='ltr'>dociles</span> <span class='ocrx_word' id='word_1_270' title='bbox 1437 2372 1501 2419; x_wconf 92' lang='lat' dir='ltr'>ad</span> <span class='ocrx_word' id='word_1_271' title='bbox 1538 2371 1738 2419; x_wconf 88' lang='lat' dir='ltr'>feritatis</span> <span class='ocrx_word' id='word_1_272' title='bbox 1775 2370 1895 2419; x_wconf 91' lang='lat' dir='ltr'>obli-</span> 
     </span>
     <span class='ocr_line' id='line_1_29' title="bbox 143 2451 1891 2519; baseline -0.003 -15"><span class='ocrx_word' id='word_1_273' title='bbox 143 2455 354 2504; x_wconf 91' lang='lat' dir='ltr'>vionem.</span> <span class='ocrx_word' id='word_1_274' title='bbox 416 2454 756 2519; x_wconf 90' lang='lat' dir='ltr'>Cynocephali</span> <span class='ocrx_word' id='word_1_275' title='bbox 776 2464 823 2503; x_wconf 94' lang='lat' dir='ltr'>et</span> <span class='ocrx_word' id='word_1_276' title='bbox 844 2455 934 2517; x_wconf 91' lang='lat' dir='ltr'>ipsi</span> <span class='ocrx_word' id='word_1_277' title='bbox 955 2452 1137 2502; x_wconf 88' lang='lat' dir='ltr'>similes</span> <span class='ocrx_word' id='word_1_278' title='bbox 1163 2452 1335 2511; x_wconf 62' lang='lat' dir='ltr'>simiis,</span> <span class='ocrx_word' id='word_1_279' title='bbox 1351 2453 1438 2501; x_wconf 90' lang='lat' dir='ltr'>sed</span> <span class='ocrx_word' id='word_1_280' title='bbox 1459 2451 1581 2500; x_wconf 92' lang='lat' dir='ltr'>facie</span> <span class='ocrx_word' id='word_1_281' title='bbox 1601 2453 1664 2500; x_wconf 90' lang='lat' dir='ltr'>ad</span> <span class='ocrx_word' id='word_1_282' title='bbox 1685 2453 1891 2499; x_wconf 89' lang='lat' dir='ltr'>modum</span> 
     </span>
     <span class='ocr_line' id='line_1_30' title="bbox 144 2534 1979 2600; baseline -0.002 -14"><span class='ocrx_word' id='word_1_283' title='bbox 144 2537 309 2599; x_wconf 86' lang='lat' dir='ltr'>canis;</span> <span class='ocrx_word' id='word_1_284' title='bbox 363 2539 496 2587; x_wconf 92' lang='lat' dir='ltr'>unde</span> <span class='ocrx_word' id='word_1_285' title='bbox 535 2548 582 2586; x_wconf 84' lang='lat' dir='ltr'>et</span> <span class='ocrx_word' id='word_1_286' title='bbox 619 2536 904 2600; x_wconf 90' lang='lat' dir='ltr'>nuncupati.</span> <span class='ocrx_word' id='word_1_287' title='bbox 977 2536 1132 2598; x_wconf 89' lang='lat' dir='ltr'>Satyri</span> <span class='ocrx_word' id='word_1_288' title='bbox 1172 2534 1294 2583; x_wconf 92' lang='lat' dir='ltr'>facie</span> <span class='ocrx_word' id='word_1_289' title='bbox 1333 2535 1607 2583; x_wconf 89' lang='lat' dir='ltr'>admodum</span> <span class='ocrx_word' id='word_1_290' title='bbox 1655 2543 1802 2597; x_wconf 90' lang='lat' dir='ltr'>grata,</span> <span class='ocrx_word' id='word_1_291' title='bbox 1843 2542 1892 2583; x_wconf 92' lang='lat' dir='ltr'>et</span> <span class='ocrx_word' id='word_1_292' title='bbox 1916 2543 1979 2590; x_wconf 87' lang='grc'>33</span> 
     </span>
    </p>
   </div>
   <div class='ocr_carea' id='block_1_3' title="bbox 141 2663 1897 2824">
    <p class='ocr_par' dir='ltr' id='par_1_8' title="bbox 141 2663 1897 2824">
     <span class='ocr_line' id='line_1_31' title="bbox 201 2663 1888 2714; baseline -0.001 -10"><span class='ocrx_word' id='word_1_293' title='bbox 201 2679 217 2704; x_wconf 94' lang='lat'>1</span> <span class='ocrx_word' id='word_1_294' title='bbox 252 2667 357 2705; x_wconf 89' lang='lat' dir='ltr'>Nam</span> <span class='ocrx_word' id='word_1_295' title='bbox 375 2667 409 2706; x_wconf 87' lang='lat' dir='ltr'><em>C</em></span> <span class='ocrx_word' id='word_1_296' title='bbox 514 2680 625 2706; x_wconf 89' lang='lat' dir='ltr'>nom.</span> <span class='ocrx_word' id='word_1_297' title='bbox 644 2680 719 2706; x_wconf 87' lang='lat' dir='ltr'>sua</span> <span class='ocrx_word' id='word_1_298' title='bbox 737 2665 772 2704; x_wconf 92' lang='lat' dir='ltr'><em>C</em></span> <span class='ocrx_word' id='word_1_299' title='bbox 879 2671 1187 2714; x_wconf 86' lang='lat' dir='ltr'>recognoscent</span> <span class='ocrx_word' id='word_1_300' title='bbox 1206 2663 1243 2703; x_wconf 95' lang='lat' dir='ltr'><em>T</em></span> <span class='ocrx_word' id='word_1_301' title='bbox 1351 2677 1376 2713; x_wconf 89' lang='grc'>3</span> <span class='ocrx_word' id='word_1_302' title='bbox 1406 2665 1530 2703; x_wconf 88' lang='lat' dir='ltr'>morti</span> <span class='ocrx_word' id='word_1_303' title='bbox 1547 2678 1593 2703; x_wconf 84' lang='lat' dir='ltr'>se</span> <span class='ocrx_word' id='word_1_304' title='bbox 1610 2665 1655 2703; x_wconf 90' lang='lat' dir='ltr'><em>K</em></span> <span class='ocrx_word' id='word_1_305' title='bbox 1764 2676 1888 2712; x_wconf 86' lang='lat' dir='ltr'>quum</span> 
     </span>
     <span class='ocr_line' id='line_1_32' title="bbox 143 2718 1896 2772; baseline -0.002 -12"><span class='ocrx_word' id='word_1_306' title='bbox 143 2721 334 2760; x_wconf 89' lang='lat' dir='ltr'>dominos</span> <span class='ocrx_word' id='word_1_307' title='bbox 359 2721 398 2761; x_wconf 86' lang='lat' dir='ltr'><em>T</em></span> <span class='ocrx_word' id='word_1_308' title='bbox 414 2720 518 2771; x_wconf 81' lang='lat' dir='ltr'>(non</span> <span class='ocrx_word' id='word_1_309' title='bbox 545 2721 602 2772; x_wconf 82' lang='lat' dir='ltr'>U)</span> <span class='ocrx_word' id='word_1_310' title='bbox 717 2735 741 2770; x_wconf 92' lang='lat'><strong>4</strong></span> <span class='ocrx_word' id='word_1_311' title='bbox 771 2721 1069 2770; x_wconf 89' lang='lat' dir='ltr'>derelinquunt</span> <span class='ocrx_word' id='word_1_312' title='bbox 1089 2719 1130 2758; x_wconf 91' lang='lat' dir='ltr'><em>B</em></span> <span class='ocrx_word' id='word_1_313' title='bbox 1254 2731 1278 2768; x_wconf 89' lang='lat'><strong>5</strong></span> <span class='ocrx_word' id='word_1_314' title='bbox 1311 2732 1377 2758; x_wconf 88' lang='lat' dir='ltr'>na.</span> <span class='ocrx_word' id='word_1_315' title='bbox 1402 2733 1471 2770; x_wconf 90' lang='lat' dir='ltr'>po.</span> <span class='ocrx_word' id='word_1_316' title='bbox 1493 2719 1562 2759; x_wconf 83' lang='lat' dir='ltr'>B:</span> <span class='ocrx_word' id='word_1_317' title='bbox 1590 2733 1659 2770; x_wconf 87' lang='lat' dir='ltr'>po.</span> <span class='ocrx_word' id='word_1_318' title='bbox 1682 2724 1832 2757; x_wconf 87' lang='lat' dir='ltr'>natura</span> <span class='ocrx_word' id='word_1_319' title='bbox 1859 2718 1896 2756; x_wconf 93' lang='lat' dir='ltr'><em>T</em></span> 
     </span>
     <span class='ocr_line' id='line_1_33' title="bbox 141 2771 1897 2824; baseline -0.002 -11"><span class='ocrx_word' id='word_1_320' title='bbox 141 2778 168 2813; x_wconf 88' lang='lat'>6</span> <span class='ocrx_word' id='word_1_321' title='bbox 196 2777 391 2815; x_wconf 82' lang='lat' dir='ltr'>dicuntur</span> <span class='ocrx_word' id='word_1_322' title='bbox 415 2789 499 2815; x_wconf 86' lang='lat' dir='ltr'>om.</span> <span class='ocrx_word' id='word_1_323' title='bbox 522 2776 568 2814; x_wconf 90' lang='lat' dir='ltr'><strong><em>K</em></strong></span> <span class='ocrx_word' id='word_1_324' title='bbox 678 2789 698 2824; x_wconf 93' lang='lat'>7</span> <span class='ocrx_word' id='word_1_325' title='bbox 731 2782 889 2814; x_wconf 90' lang='lat' dir='ltr'>canunt</span> <span class='ocrx_word' id='word_1_326' title='bbox 910 2775 957 2813; x_wconf 88' lang='lat' dir='ltr'><strong><em>K</em></strong></span> <span class='ocrx_word' id='word_1_327' title='bbox 1079 2789 1105 2824; x_wconf 93' lang='lat'><strong>9</strong></span> <span class='ocrx_word' id='word_1_328' title='bbox 1135 2788 1191 2813; x_wconf 82' lang='lat' dir='ltr'>ex</span> <span class='ocrx_word' id='word_1_329' title='bbox 1213 2774 1298 2823; x_wconf 90' lang='lat' dir='ltr'>lup.</span> <span class='ocrx_word' id='word_1_330' title='bbox 1326 2787 1392 2814; x_wconf 91' lang='lat' dir='ltr'>na.</span> <span class='ocrx_word' id='word_1_331' title='bbox 1420 2774 1455 2814; x_wconf 91' lang='lat' dir='ltr'><em>C</em></span> <span class='ocrx_word' id='word_1_332' title='bbox 1569 2788 1617 2814; x_wconf 90' lang='lat'>10</span> <span class='ocrx_word' id='word_1_333' title='bbox 1646 2774 1744 2812; x_wconf 91' lang='lat' dir='ltr'>inde</span> <span class='ocrx_word' id='word_1_334' title='bbox 1765 2771 1897 2811; x_wconf 86' lang='lat' dir='ltr'>BKT</span> 
     </span>
    </p>
   </div>
   <div class='ocr_carea' id='block_1_4' title="bbox 143 2826 1894 3044">
    <p class='ocr_par' dir='ltr' id='par_1_9' title="bbox 143 2826 1894 3044">
     <span class='ocr_line' id='line_1_34' title="bbox 145 2826 1889 2883; baseline -0.002 -15"><span class='ocrx_word' id='word_1_335' title='bbox 145 2830 297 2880; x_wconf 84' lang='lat' dir='ltr'>(Indae</span> <span class='ocrx_word' id='word_1_336' title='bbox 320 2830 431 2883; x_wconf 85' lang='lat' dir='ltr'>edd.)</span> <span class='ocrx_word' id='word_1_337' title='bbox 540 2830 719 2868; x_wconf 88' lang='lat' dir='ltr'>feminae</span> <span class='ocrx_word' id='word_1_338' title='bbox 743 2859 752 2869; x_wconf 91' lang='lat'><strong>.</strong></span> <span class='ocrx_word' id='word_1_339' title='bbox 777 2861 785 2868; x_wconf 95' lang='lat'><strong><em>.</em></strong></span> <span class='ocrx_word' id='word_1_340' title='bbox 807 2861 816 2870; x_wconf 92' lang='lat'>.</span> <span class='ocrx_word' id='word_1_341' title='bbox 840 2831 1034 2880; x_wconf 87' lang='lat' dir='ltr'>alligatae</span> <span class='ocrx_word' id='word_1_342' title='bbox 1056 2829 1144 2868; x_wconf 83' lang='lat' dir='ltr'>edd.</span> <span class='ocrx_word' id='word_1_343' title='bbox 1292 2841 1336 2866; x_wconf 90' lang='lat'>11</span> <span class='ocrx_word' id='word_1_344' title='bbox 1370 2829 1480 2868; x_wconf 88' lang='lat' dir='ltr'>insili</span> <span class='ocrx_word' id='word_1_345' title='bbox 1501 2828 1542 2866; x_wconf 88' lang='grc' dir='ltr'><em>Β</em></span> <span class='ocrx_word' id='word_1_346' title='bbox 1682 2840 1731 2865; x_wconf 87' lang='lat'>12</span> <span class='ocrx_word' id='word_1_347' title='bbox 1762 2826 1889 2877; x_wconf 71' lang='lat' dir='ltr'>adeo]</span> 
     </span>
     <span class='ocr_line' id='line_1_35' title="bbox 143 2875 1891 2935; baseline -0.001 -12"><span class='ocrx_word' id='word_1_348' title='bbox 143 2891 185 2923; x_wconf 90' lang='lat' dir='ltr'>et</span> <span class='ocrx_word' id='word_1_349' title='bbox 205 2898 255 2924; x_wconf 89' lang='lat' dir='ltr'>eo</span> <span class='ocrx_word' id='word_1_350' title='bbox 278 2884 328 2923; x_wconf 82' lang='lat' dir='ltr'>Cl</span> <span class='ocrx_word' id='word_1_351' title='bbox 438 2891 483 2924; x_wconf 91' lang='lat' dir='ltr'>ut</span> <span class='ocrx_word' id='word_1_352' title='bbox 503 2885 729 2934; x_wconf 86' lang='lat' dir='ltr'>complexu</span> <span class='ocrx_word' id='word_1_353' title='bbox 750 2885 814 2923; x_wconf 88' lang='lat' dir='ltr'>B:</span> <span class='ocrx_word' id='word_1_354' title='bbox 848 2892 892 2924; x_wconf 92' lang='lat' dir='ltr'>ut</span> <span class='ocrx_word' id='word_1_355' title='bbox 914 2886 1043 2935; x_wconf 85' lang='lat' dir='ltr'>plexu</span> <span class='ocrx_word' id='word_1_356' title='bbox 1060 2884 1107 2921; x_wconf 89' lang='lat' dir='ltr'><em>K</em></span> <span class='ocrx_word' id='word_1_357' title='bbox 1214 2883 1349 2922; x_wconf 87' lang='lat' dir='ltr'>leonis</span> <span class='ocrx_word' id='word_1_358' title='bbox 1371 2883 1417 2922; x_wconf 89' lang='lat' dir='ltr'><em>K</em></span> <span class='ocrx_word' id='word_1_359' title='bbox 1543 2896 1590 2932; x_wconf 93' lang='lat'>14</span> <span class='ocrx_word' id='word_1_360' title='bbox 1612 2881 1759 2933; x_wconf 87' lang='lat' dir='ltr'>rectis]</span> <span class='ocrx_word' id='word_1_361' title='bbox 1774 2883 1815 2920; x_wconf 89' lang='lat' dir='ltr'>in</span> <span class='ocrx_word' id='word_1_362' title='bbox 1841 2875 1891 2922; x_wconf 84' lang='lat' dir='ltr'>C¹</span> 
     </span>
     <span class='ocr_line' id='line_1_36' title="bbox 146 2936 1894 2990; baseline -0.001 -14"><span class='ocrx_word' id='word_1_363' title='bbox 146 2941 195 2977; x_wconf 92' lang='lat'>16</span> <span class='ocrx_word' id='word_1_364' title='bbox 215 2939 439 2979; x_wconf 88' lang='lat' dir='ltr'>descentes</span> <span class='ocrx_word' id='word_1_365' title='bbox 468 2940 506 2979; x_wconf 92' lang='lat' dir='ltr'><em>T</em></span> <span class='ocrx_word' id='word_1_366' title='bbox 602 2953 667 2979; x_wconf 76' lang='lat' dir='ltr'>av,</span> <span class='ocrx_word' id='word_1_367' title='bbox 691 2952 763 2990; x_wconf 85' lang='lat' dir='ltr'>qu.</span> <span class='ocrx_word' id='word_1_368' title='bbox 784 2940 835 2978; x_wconf 92' lang='lat' dir='ltr'>ad</span> <span class='ocrx_word' id='word_1_369' title='bbox 856 2953 946 2980; x_wconf 78' lang='lat' dir='ltr'>caV.</span> <span class='ocrx_word' id='word_1_370' title='bbox 970 2940 1008 2978; x_wconf 86' lang='lat' dir='ltr'><em>T</em></span> <span class='ocrx_word' id='word_1_371' title='bbox 1085 2938 1206 2988; x_wconf 90' lang='lat' dir='ltr'>quasi</span> <span class='ocrx_word' id='word_1_372' title='bbox 1227 2951 1310 2978; x_wconf 88' lang='lat' dir='ltr'>om.</span> <span class='ocrx_word' id='word_1_373' title='bbox 1327 2938 1377 2978; x_wconf 76' lang='lat' dir='ltr'>Cl</span> <span class='ocrx_word' id='word_1_374' title='bbox 1513 2950 1559 2987; x_wconf 94' lang='lat'>17</span> <span class='ocrx_word' id='word_1_375' title='bbox 1592 2944 1657 2976; x_wconf 86' lang='lat' dir='ltr'>est</span> <span class='ocrx_word' id='word_1_376' title='bbox 1679 2950 1792 2976; x_wconf 90' lang='lat' dir='ltr'>nom.</span> <span class='ocrx_word' id='word_1_377' title='bbox 1807 2936 1894 2976; x_wconf 88' lang='grc' dir='ltr'>ΒΚ</span> 
     </span>
     <span class='ocr_line' id='line_1_37' title="bbox 146 2991 1894 3044; baseline 0 -13"><span class='ocrx_word' id='word_1_378' title='bbox 146 3005 195 3042; x_wconf 93' lang='lat'>19</span> <span class='ocrx_word' id='word_1_379' title='bbox 224 2994 308 3034; x_wconf 86' lang='lat' dir='ltr'>feta</span> <span class='ocrx_word' id='word_1_380' title='bbox 328 2994 383 3032; x_wconf 86' lang='grc' dir='ltr'>Β1</span> <span class='ocrx_word' id='word_1_381' title='bbox 522 2994 588 3033; x_wconf 86' lang='lat' dir='ltr'>lic.</span> <span class='ocrx_word' id='word_1_382' title='bbox 612 3008 702 3044; x_wconf 89' lang='lat' dir='ltr'>cap.</span> <span class='ocrx_word' id='word_1_383' title='bbox 728 2993 818 3033; x_wconf 86' lang='grc' dir='ltr'>ΚΤ</span> <span class='ocrx_word' id='word_1_384' title='bbox 992 3007 1045 3032; x_wconf 84' lang='lat'>20</span> <span class='ocrx_word' id='word_1_385' title='bbox 1074 2998 1247 3032; x_wconf 87' lang='lat' dir='ltr'>vocatas</span> <span class='ocrx_word' id='word_1_386' title='bbox 1274 2992 1355 3032; x_wconf 88' lang='lat' dir='ltr'>BC</span> <span class='ocrx_word' id='word_1_387' title='bbox 1530 3005 1577 3031; x_wconf 89' lang='lat'>21</span> <span class='ocrx_word' id='word_1_388' title='bbox 1611 2993 1724 3032; x_wconf 90' lang='lat' dir='ltr'>hum.</span> <span class='ocrx_word' id='word_1_389' title='bbox 1758 2998 1833 3031; x_wconf 86' lang='lat' dir='ltr'>rat.</span> <span class='ocrx_word' id='word_1_390' title='bbox 1860 2991 1894 3031; x_wconf 90' lang='lat' dir='ltr'><em>C</em></span> 
     </span>
    </p>
   </div>
   <div class='ocr_carea' id='block_1_5' title="bbox 142 3046 1496 3098">
    <p class='ocr_par' dir='ltr' id='par_1_10' title="bbox 142 3046 1496 3098">
     <span class='ocr_line' id='line_1_38' title="bbox 142 3046 1496 3098; baseline 0.001 -13"><span class='ocrx_word' id='word_1_391' title='bbox 142 3050 194 3086; x_wconf 88' lang='lat'>26</span> <span class='ocrx_word' id='word_1_392' title='bbox 223 3049 378 3089; x_wconf 87' lang='lat' dir='ltr'>eluram</span> <span class='ocrx_word' id='word_1_393' title='bbox 410 3062 458 3088; x_wconf 79' lang='lat' dir='ltr'>ex</span> <span class='ocrx_word' id='word_1_394' title='bbox 476 3049 647 3089; x_wconf 87' lang='lat' dir='ltr'>cliuram</span> <span class='ocrx_word' id='word_1_395' title='bbox 678 3048 736 3088; x_wconf 87' lang='lat' dir='ltr'>T:</span> <span class='ocrx_word' id='word_1_396' title='bbox 766 3062 928 3088; x_wconf 85' lang='lat' dir='ltr'>cruram</span> <span class='ocrx_word' id='word_1_397' title='bbox 951 3048 1037 3086; x_wconf 89' lang='grc' dir='ltr'>ΒΚ</span> <span class='ocrx_word' id='word_1_398' title='bbox 1147 3061 1199 3098; x_wconf 81' lang='lat'>29</span> <span class='ocrx_word' id='word_1_399' title='bbox 1226 3049 1336 3091; x_wconf 82' lang='lat' dir='ltr'>adm.</span> <span class='ocrx_word' id='word_1_400' title='bbox 1359 3047 1436 3087; x_wconf 89' lang='lat' dir='ltr'>fac.</span> <span class='ocrx_word' id='word_1_401' title='bbox 1455 3046 1496 3085; x_wconf 90' lang='lat' dir='ltr'><em>B</em></span> 
     </span>
    </p>
   </div>
  </div>
 </body>
</html>
