2176 3424
1016 111 1288 159 ISIDORI

268 254 529 287 ascensum
581 242 913 303 adponuntur.
988 240 1252 290 Scabillum
1315 251 1479 290 autem
1542 253 1588 292 et
1644 245 2018 308 subpedaneum

270 320 450 369 dicitur
471 339 482 381 3
535 338 648 369 nam
687 324 824 384 quod
859 322 1031 371 dicunt
1071 323 1247 372 Graeci
1286 325 1550 382 ὑποπόδιον,
1589 326 1816 375 dixerunt
1860 328 2021 376 Latini

270 401 546 460 scabillum,
577 412 625 451 et
661 403 742 451 alii
776 401 1051 470 [dixerunt]
1090 406 1480 467 suppedaneum,
1512 409 1648 470 quod
1685 409 1776 457 sub
1809 408 2022 472 pedibus

271 484 346 532 sit.
420 484 659 533 Scansilia
705 487 884 549 gradus
934 495 1047 534 sunt
1096 485 1181 534 ubi
1230 488 1456 536 honorati
1495 488 1545 536 in
1589 489 1790 538 sedibus
1829 492 2021 540 sedent.

213 572 247 618 9
271 567 423 614 Sedes
462 566 624 615 dictae
661 567 897 630 quoniam
935 569 1068 630 apud
1097 576 1291 617 veteres
1331 571 1588 619 Romanos
1628 588 1729 620 non
1769 581 1870 620 erat
1909 588 2026 620 usus
2050 587 2070 626 5

271 647 637 706 adcumbendi,·
693 650 826 697 unde
869 657 917 697 et
957 649 1215 698 considere
1255 650 1559 699 dicebantur.
1634 655 1825 711 Postea,
1868 663 1921 702 ut
1960 653 2026 702 ait

272 730 430 776 Varro
467 731 530 777 de
579 729 694 778 Vita
742 730 912 794 populi
963 732 1192 790 Romani,
1242 731 1327 779 viri
1375 733 1688 782 discumbere
1742 744 2025 798 coeperunt,

274 810 502 859 mulieres
542 813 727 871 sedere,
774 812 890 875 quia
932 813 1085 876 turpis
1130 812 1259 862 visus
1302 823 1375 862 est
1414 814 1464 862 in
1507 817 1708 865 muliere
1746 816 2026 865 adcubitus.

275 891 416 941 Sedis
457 892 687 956 singulari
731 911 938 944 numero
982 895 1175 958 proprie
1214 895 1350 959 regni
1390 906 1476 956 est,
1517 898 1598 960 qui
1645 899 1834 947 Graece
1872 899 2031 962 θρόνος

274 973 466 1022 dicitur.
542 975 667 1024 Item
695 977 927 1025 thronum
955 977 1132 1026 Graeci
1157 977 1330 1027 dicunt
1347 993 1359 1035 3
1399 995 1488 1027 nos
1524 979 1715 1028 solium.
1789 980 2031 1030 Subsellia
2057 999 2103 1026 to

189 1072 250 1107 10
277 1071 392 1103 vero
434 1065 724 1116 ceterorum,
772 1060 1036 1107 cathedrae
1063 1061 1337 1108 doctorum.
1415 1060 1617 1120 Solium,
1664 1062 1713 1109 in
1756 1079 1856 1125 quo
1895 1079 2030 1126 reges

279 1138 454 1185 sedent
480 1147 678 1202 propter
703 1142 905 1188 tutelam
937 1141 1156 1204 corporis
1183 1143 1270 1201 sui,
1300 1144 1575 1191 secundum
1601 1144 1844 1206 quosdam
1871 1160 1900 1192 a
1925 1144 2033 1192 soli-

278 1219 432 1268 ditate
458 1221 660 1280 dictum‚
685 1223 823 1284 quasi
851 1224 1062 1271 solidum
1086 1242 1099 1284 3
1147 1226 1422 1273 secundum
1448 1226 1570 1273 alios
1607 1241 1691 1287 per
1715 1225 2032 1286 antistichon,

278 1302 417 1364 quasi
444 1301 656 1362 sodium,
683 1320 710 1351 a
730 1305 966 1353 sedendo.
1043 1307 1190 1354 Vnde
1217 1315 1263 1355 et
1289 1308 1407 1355 sella
1441 1308 1578 1370 quasi
1607 1308 1761 1356 sedda
1787 1308 1918 1356 dicta
1944 1317 2030 1368 est,

210 1391 253 1423 11
279 1393 326 1431 et
375 1383 607 1432 subsellia
655 1385 794 1448 quasi
844 1387 1125 1436 subseddia.
1202 1389 1331 1436 Sella
1377 1388 1556 1436 curulis
1605 1398 1706 1437 erat
1755 1390 1803 1436 in
1853 1388 2032 1452 quibus
2061 1409 2106 1449 15

281 1466 546 1527 magistrati
568 1468 798 1516 sedentes
826 1469 929 1516 iura
949 1470 1237 1518 reddebant.
1303 1471 1480 1519 Dictae
1499 1480 1663 1519 autem
1691 1473 1896 1531 curules,
1920 1470 2034 1534 quia

277 1548 411 1609 apud
428 1556 618 1596 veteres
638 1558 886 1611 praetores
904 1559 952 1598 et
962 1553 1190 1600 consules
1208 1561 1406 1615 propter
1422 1551 1607 1601 itineris
1624 1552 2030 1616 longinquitatem

279 1641 422 1672 curru
447 1626 605 1673 forum
643 1628 1043 1688 provehebantur
1063 1647 1075 1689 3
1111 1631 1260 1679 sellae
1285 1639 1465 1688 autem,
1494 1647 1621 1693 quae
1646 1639 1758 1694 post
1783 1647 1868 1680 eos
1895 1632 2036 1679 vehe-

280 1706 472 1766 bantur,
487 1708 667 1769 quibus
684 1710 913 1758 sedentes
930 1710 1094 1760 dicere
1110 1711 1213 1759 iura
1231 1712 1470 1772 solebant,
1482 1729 1510 1760 a
1526 1729 1668 1760 curru
1680 1714 1871 1761 curules
1889 1714 2036 1761 sellae

203 1803 256 1837 12
282 1796 395 1836 sunt
421 1788 721 1839 nominatae.
793 1791 1038 1854 Tripodes
1074 1793 1292 1841 scamelli
1319 1803 1446 1853 sunt,
1476 1794 1716 1843 habentes
1743 1804 1838 1844 tres
1863 1796 2031 1858 pedes.
2063 1816 2114 1844 20

283 1872 380 1919 Sed
401 1879 450 1919 et
470 1871 768 1920 candelabra
789 1874 984 1935 tripoda
1001 1882 1127 1934 sunt,
1157 1876 1273 1937 quia
1299 1875 1520 1924 similiter
1537 1884 1632 1924 tres
1659 1876 1844 1925 habent
1869 1878 2034 1939 pedes.

172 1961 254 2000 ΧΠ
431 1955 513 2001 DE
539 1968 830 2002 vEmcvms.
900 1956 1106 2005 Carrum
1133 1973 1161 2004 a
1187 1956 1388 2006 cardine
1414 1965 1627 2006 rotarum
1649 1959 1837 2006 dictum
1857 1976 1870 2018 3
1906 1960 2038 2007 unde

284 2042 332 2081 et
357 2049 526 2082 currus
554 2032 686 2092 dicti,
717 2034 852 2095 quod
882 2043 1011 2082 rotas
1032 2034 1214 2083 habere
1241 2035 1482 2084 videntur.
1559 2039 1690 2085 Rota
1714 2045 1879 2085 autem
1907 2038 2038 2086 dicta

230 2133 260 2168 2
284 2116 420 2178 quod
446 2122 552 2162 ruat
576 2132 586 2173 ;
624 2123 671 2163 et
699 2117 966 2164 rotundum
987 2133 1016 2164 a
1042 2126 1146 2165 rota
1172 2126 1415 2166 vocatum.
1486 2119 1628 2167 Reda
1646 2135 1801 2181 genus
1828 2117 2039 2167 vehiculi

343 2258 358 2282 1
395 2245 639 2284 Scabellum
665 2246 736 2284 B:
767 2246 997 2295 Scapillum
1020 2246 1065 2284 K
1084 2249 1187 2295 (non
1207 2246 1313 2297 ΝΠ)
1428 2253 1470 2285 et
1491 2261 1572 2286 om.
1598 2247 1643 2285 K
1805 2260 1829 2285 2
1858 2248 1972 2297 quod
1993 2262 2042 2286 ex

284 2313 407 2349 quam
430 2300 471 2337 Β
608 2314 733 2350 grece
760 2300 802 2338 U
820 2302 921 2353 (non
942 2301 1001 2339 Ni
1143 2302 1232 2341 Lat.
1255 2314 1311 2340 se.
1333 2301 1416 2340 dix.
1439 2301 1568 2340 BKN
1755 2315 1779 2350 3
1809 2302 2035 2341 scabellum

284 2355 325 2392 Β
345 2357 447 2404 (non
469 2354 584 2405 ΝΠ)
753 2356 954 2395 dixerunt
973 2356 1067 2395 hab.
1087 2356 1234 2395 CTU:
1265 2369 1347 2396 om.
1371 2355 1503 2395 BKN
1663 2358 1774 2406 quod
1795 2369 1844 2395 ex
1855 2369 1979 2406 quam
1997 2357 2038 2394 Β

285 2410 548 2459 suppedibus
595 2409 630 2447 T
851 2424 875 2458 4
906 2411 1107 2450 scancilia
1146 2410 1192 2448 K
1407 2411 1577 2450 sedibus
1615 2410 1761 2450 BCK:
1811 2411 1961 2450 edibus
2010 2412 2046 2449 T

285 2465 311 2501 6
340 2464 575 2502 accubendi
615 2464 661 2501 K
825 2466 1051 2504 considere
1094 2465 1188 2503 CT:
1239 2466 1474 2504 consedere
1514 2465 1602 2503 ΒΚ
1765 2466 1961 2505 dicebant
2000 2466 2040 2504 Β

289 2532 309 2567 7
341 2519 506 2557 victaB
615 2518 715 2570 viri]
732 2519 772 2557 vi
792 2519 845 2556 Β1
969 2534 994 2569 9
1024 2521 1093 2570 qui
1113 2520 1212 2559 CT:
1234 2521 1346 2569 quod
1360 2519 1448 2557 ΒΚ
1576 2532 1623 2558 10
1656 2520 1762 2558 Item
1780 2549 1790 2559 .
1809 2549 1818 2559 .
1841 2520 2039 2571 .solium]

287 2577 366 2611 hoc
407 2573 535 2611 latine
583 2573 620 2610 T
655 2572 764 2622 (vide
800 2574 931 2625 infra)
1114 2576 1223 2613 idem
1264 2574 1309 2611 K
1481 2575 1613 2613 solius
1652 2573 1718 2612 K:
1770 2575 1922 2615 solium
1962 2575 2039 2613 hoc

287 2628 418 2666 latine
455 2627 490 2664 C
626 2627 824 2667 Subsolia
863 2629 902 2666 Β
1121 2642 1165 2666 11
1199 2642 1304 2668 vero
1343 2641 1426 2678 quo
1466 2642 1526 2669 ce.
1578 2628 1614 2667 T
1770 2629 1960 2669 cathetra
1998 2628 2043 2665 K

293 2695 339 2730 14
371 2695 394 2719 a
414 2681 530 2731 sed.]
551 2682 603 2720 ad
618 2683 859 2721 sedendum
881 2682 926 2720 K
1033 2684 1136 2722 seda
1164 2683 1274 2723 KT:
1304 2685 1434 2722 sed*a
1455 2682 1512 2721 Β1
1628 2694 1675 2732 15
1707 2684 1902 2722 subsedia
1925 2682 2047 2721 CKT

289 2736 433 2774 Sellae
472 2737 639 2775 curules
679 2745 801 2775 erant
842 2737 933 2776 dett.
1258 2740 1305 2776 16
1335 2738 1593 2787 magistratis
1632 2738 1698 2779 K:
1751 2738 1949 2788 magistra
1990 2736 2039 2774 Cl

288 2792 400 2829 dicta
421 2789 466 2827 K
665 2792 823 2830 curulis
843 2791 950 2829 B1K
1148 2805 1194 2841 17
1225 2792 1584 2842 longanimitatem
1609 2792 1658 2831 C1
1856 2793 1902 2830 18
1931 2805 2039 2840 quae

287 2858 369 2883 om.
395 2845 440 2883 K
559 2851 755 2894 posteros
784 2847 938 2897 T(non
965 2846 1044 2889 U):
1075 2859 1156 2886 om.
1179 2846 1268 2884 KN
1448 2860 1497 2898 19
1527 2847 1641 2885 iussa
1661 2845 1708 2883 K
1855 2847 2041 2885 currules

292 2899 391 2938 C1T
506 2913 560 2938 20
589 2900 809 2939 scamnelli
833 2900 913 2939 CU
1018 2901 1110 2941 hab.
1135 2902 1322 2950 tripedes
1344 2901 1388 2939 K
1497 2915 1548 2950 23
1579 2913 1723 2939 curros
1744 2900 1809 2939 K:
1840 2913 1985 2939 carros
2002 2900 2042 2938 Β

290 2954 387 2992 dicti
429 2968 510 2994 om.
556 2954 592 2992 C
855 2956 965 3005 quod
1006 2968 1056 2993 ex
1093 2968 1215 3005 quam
1251 2954 1292 2992 Β
1569 2962 1656 2994 rota
1695 2955 1741 2993 K
1777 2955 1820 3006 (i.
1833 2968 1864 2994 e.
1907 2968 1991 2993 -am
2006 2957 2038 3004 2)

291 3008 534 3100 Viderelritug'
553 3008 597 3045 K
732 3009 841 3047 dicta
862 3022 943 3049 om.
968 3010 1008 3047 Β
1172 3023 1223 3058 24
1257 3010 1407 3048 Rheda
1429 3009 1469 3047 Β
1606 3011 1699 3056 veli.
1723 3022 1821 3058 gen.
1843 3009 1883 3047 Β
1902 3023 1910 3048 :
1940 3023 2037 3058 gen.

291 3068 356 3100 est
378 3075 429 3100 ve
464 3092 471 3100 .
