<?xml version="1.0" encoding="UTF-8"?>
<!DOCTYPE html PUBLIC "-//W3C//DTD XHTML 1.0 Transitional//EN"
    "http://www.w3.org/TR/xhtml1/DTD/xhtml1-transitional.dtd">
<html xmlns="http://www.w3.org/1999/xhtml" xml:lang="en" lang="en">
 <head>
  <title>
</title>
<meta http-equiv="Content-Type" content="text/html;charset=utf-8" />
  <meta name='ocr-system' content='tesseract 3.04.00' />
  <meta name='ocr-capabilities' content='ocr_page ocr_carea ocr_par ocr_line ocrx_word'/>
</head>
<body>
  <div class='ocr_page' id='page_1' title='image "./isidori01isiduoft/isidori01isiduoft_0202.png"; bbox 0 0 2228 3444; ppageno 0'>
   <div class='ocr_carea' id='block_1_1' title="bbox 1103 183 1377 231">
    <p class='ocr_par' dir='ltr' id='par_1_1' title="bbox 1103 183 1377 231">
     <span class='ocr_line' id='line_1_1' title="bbox 1103 183 1377 231; baseline 0 -1"><span class='ocrx_word' id='word_1_1' title='bbox 1103 183 1377 231; x_wconf 87' lang='lat' dir='ltr'>ISIDORI</span> 
     </span>
    </p>
   </div>
   <div class='ocr_carea' id='block_1_2' title="bbox 276 310 2118 622">
    <p class='ocr_par' dir='ltr' id='par_1_2' title="bbox 277 310 2118 376">
     <span class='ocr_line' id='line_1_2' title="bbox 277 310 2118 376; baseline 0.003 -21"><span class='ocrx_word' id='word_1_2' title='bbox 277 321 341 367; x_wconf 87' lang='lat'>23</span> <span class='ocrx_word' id='word_1_3' title='bbox 365 310 643 361; x_wconf 88' lang='lat' dir='ltr'>dominium</span> <span class='ocrx_word' id='word_1_4' title='bbox 677 328 830 375; x_wconf 87' lang='lat' dir='ltr'>penes</span> <span class='ocrx_word' id='word_1_5' title='bbox 868 311 1144 360; x_wconf 82' lang='lat' dir='ltr'>debitorem</span> <span class='ocrx_word' id='word_1_6' title='bbox 1180 321 1267 360; x_wconf 89' lang='lat' dir='ltr'>est.</span> <span class='ocrx_word' id='word_1_7' title='bbox 1343 311 1548 360; x_wconf 82' lang='lat' dir='ltr'>Fiducia</span> <span class='ocrx_word' id='word_1_8' title='bbox 1582 322 1667 371; x_wconf 86' lang='lat' dir='ltr'>est,</span> <span class='ocrx_word' id='word_1_9' title='bbox 1695 329 1810 362; x_wconf 89' lang='lat' dir='ltr'>cum</span> <span class='ocrx_word' id='word_1_10' title='bbox 1845 329 1920 361; x_wconf 87' lang='lat' dir='ltr'>res</span> <span class='ocrx_word' id='word_1_11' title='bbox 1954 314 2118 376; x_wconf 86' lang='lat' dir='ltr'>aliqua</span> 
     </span>
    </p>

    <p class='ocr_par' dir='ltr' id='par_1_3' title="bbox 276 393 2117 622">
     <span class='ocr_line' id='line_1_3' title="bbox 365 393 2117 458; baseline 0.002 -18"><span class='ocrx_word' id='word_1_12' title='bbox 365 395 637 443; x_wconf 90' lang='lat' dir='ltr'>sumendae</span> <span class='ocrx_word' id='word_1_13' title='bbox 671 403 871 443; x_wconf 87' lang='lat' dir='ltr'>mutuae</span> <span class='ocrx_word' id='word_1_14' title='bbox 908 393 1150 458; x_wconf 91' lang='lat' dir='ltr'>pecuniae</span> <span class='ocrx_word' id='word_1_15' title='bbox 1185 393 1338 457; x_wconf 88' lang='lat' dir='ltr'>gratia</span> <span class='ocrx_word' id='word_1_16' title='bbox 1362 395 1438 442; x_wconf 89' lang='lat' dir='ltr'>vel</span> <span class='ocrx_word' id='word_1_17' title='bbox 1476 394 1782 458; x_wconf 89' lang='lat' dir='ltr'>mancipatur</span> <span class='ocrx_word' id='word_1_18' title='bbox 1815 396 1891 444; x_wconf 91' lang='lat' dir='ltr'>vel</span> <span class='ocrx_word' id='word_1_19' title='bbox 1927 394 1978 443; x_wconf 91' lang='lat' dir='ltr'>in</span> <span class='ocrx_word' id='word_1_20' title='bbox 2014 394 2117 444; x_wconf 93' lang='lat' dir='ltr'>iure</span> 
     </span>
     <span class='ocr_line' id='line_1_4' title="bbox 276 475 2117 541; baseline 0.002 -19"><span class='ocrx_word' id='word_1_21' title='bbox 276 487 341 534; x_wconf 84' lang='lat'>24</span> <span class='ocrx_word' id='word_1_22' title='bbox 365 476 567 524; x_wconf 83' lang='lat' dir='ltr'>ceditur.</span> <span class='ocrx_word' id='word_1_23' title='bbox 621 477 922 539; x_wconf 91' lang='lat' dir='ltr'>Hypotheca</span> <span class='ocrx_word' id='word_1_24' title='bbox 947 484 1033 535; x_wconf 90' lang='lat' dir='ltr'>est,</span> <span class='ocrx_word' id='word_1_25' title='bbox 1063 491 1177 523; x_wconf 89' lang='lat' dir='ltr'>cum</span> <span class='ocrx_word' id='word_1_26' title='bbox 1202 491 1277 524; x_wconf 92' lang='lat' dir='ltr'>res</span> <span class='ocrx_word' id='word_1_27' title='bbox 1303 476 1650 525; x_wconf 89' lang='lat' dir='ltr'>commodatur</span> <span class='ocrx_word' id='word_1_28' title='bbox 1675 475 1780 525; x_wconf 89' lang='lat' dir='ltr'>sine</span> <span class='ocrx_word' id='word_1_29' title='bbox 1804 475 2117 541; x_wconf 80' lang='lat' dir='ltr'>depositione</span> 
     </span>
     <span class='ocr_line' id='line_1_5' title="bbox 279 556 2114 622; baseline 0.002 -20"><span class='ocrx_word' id='word_1_30' title='bbox 279 568 342 617; x_wconf 87' lang='lat'>25</span> <span class='ocrx_word' id='word_1_31' title='bbox 365 556 594 622; x_wconf 86' lang='lat' dir='ltr'>pignoris,</span> <span class='ocrx_word' id='word_1_32' title='bbox 638 567 785 622; x_wconf 92' lang='lat' dir='ltr'>pacto</span> <span class='ocrx_word' id='word_1_33' title='bbox 821 559 896 607; x_wconf 89' lang='lat' dir='ltr'>vel</span> <span class='ocrx_word' id='word_1_34' title='bbox 934 557 1164 607; x_wconf 84' lang='lat' dir='ltr'>cautione</span> <span class='ocrx_word' id='word_1_35' title='bbox 1210 559 1313 607; x_wconf 90' lang='lat' dir='ltr'>sola</span> <span class='ocrx_word' id='word_1_36' title='bbox 1350 557 1719 608; x_wconf 88' lang='lat' dir='ltr'>interveniente.</span> <span class='ocrx_word' id='word_1_37' title='bbox 1796 561 2114 608; x_wconf 86' lang='lat' dir='ltr'>Momentum</span> 
     </span>
    </p>
   </div>
   <div class='ocr_carea' id='block_1_3' title="bbox 365 638 2161 707">
    <p class='ocr_par' dir='ltr' id='par_1_4' title="bbox 365 638 2161 707">
     <span class='ocr_line' id='line_1_6' title="bbox 365 638 2161 707; baseline 0 -17"><span class='ocrx_word' id='word_1_38' title='bbox 365 640 554 690; x_wconf 88' lang='lat' dir='ltr'>dictum</span> <span class='ocrx_word' id='word_1_39' title='bbox 579 658 607 690; x_wconf 91' lang='lat' dir='ltr'>a</span> <span class='ocrx_word' id='word_1_40' title='bbox 632 642 867 705; x_wconf 90' lang='lat' dir='ltr'>temporis</span> <span class='ocrx_word' id='word_1_41' title='bbox 903 640 1154 700; x_wconf 89' lang='lat' dir='ltr'>brevitate,</span> <span class='ocrx_word' id='word_1_42' title='bbox 1183 650 1236 689; x_wconf 93' lang='lat' dir='ltr'>ut</span> <span class='ocrx_word' id='word_1_43' title='bbox 1263 638 1433 707; x_wconf 85' lang='lat' dir='ltr'>[quam</span> <span class='ocrx_word' id='word_1_44' title='bbox 1460 638 1579 707; x_wconf 92' lang='lat' dir='ltr'>cito]</span> <span class='ocrx_word' id='word_1_45' title='bbox 1607 658 1756 705; x_wconf 86' lang='lat' dir='ltr'>quam</span> <span class='ocrx_word' id='word_1_46' title='bbox 1791 641 1954 691; x_wconf 90' lang='lat' dir='ltr'>statim</span> <span class='ocrx_word' id='word_1_47' title='bbox 1981 643 2116 690; x_wconf 90' lang='lat' dir='ltr'>salvo</span> <span class='ocrx_word' id='word_1_48' title='bbox 2139 660 2161 701; x_wconf 88' lang='lat'>5</span> 
     </span>
    </p>
   </div>
   <div class='ocr_carea' id='block_1_4' title="bbox 268 721 2116 2019">
    <p class='ocr_par' dir='ltr' id='par_1_5' title="bbox 268 721 2116 2019">
     <span class='ocr_line' id='line_1_7' title="bbox 365 721 2116 787; baseline 0.002 -17"><span class='ocrx_word' id='word_1_49' title='bbox 365 722 565 787; x_wconf 87' lang='lat' dir='ltr'>negotio</span> <span class='ocrx_word' id='word_1_50' title='bbox 591 724 893 783; x_wconf 88' lang='lat' dir='ltr'>reformetur,</span> <span class='ocrx_word' id='word_1_51' title='bbox 920 740 1013 771; x_wconf 92' lang='lat' dir='ltr'>nec</span> <span class='ocrx_word' id='word_1_52' title='bbox 1039 721 1089 770; x_wconf 89' lang='lat' dir='ltr'>in</span> <span class='ocrx_word' id='word_1_53' title='bbox 1123 723 1274 771; x_wconf 90' lang='lat' dir='ltr'>ullam</span> <span class='ocrx_word' id='word_1_54' title='bbox 1308 740 1496 772; x_wconf 89' lang='lat' dir='ltr'>moram</span> <span class='ocrx_word' id='word_1_55' title='bbox 1531 725 1735 786; x_wconf 89' lang='lat' dir='ltr'>produci</span> <span class='ocrx_word' id='word_1_56' title='bbox 1770 723 1949 773; x_wconf 91' lang='lat' dir='ltr'>debeat</span> <span class='ocrx_word' id='word_1_57' title='bbox 1979 724 2116 787; x_wconf 83' lang='lat' dir='ltr'>quod</span> 
     </span>
     <span class='ocr_line' id='line_1_8' title="bbox 365 804 2115 870; baseline 0.001 -17"><span class='ocrx_word' id='word_1_58' title='bbox 365 804 627 870; x_wconf 71' lang='lat' dir='ltr'>repetitur,</span> <span class='ocrx_word' id='word_1_59' title='bbox 682 805 807 854; x_wconf 89' lang='lat' dir='ltr'>sicut</span> <span class='ocrx_word' id='word_1_60' title='bbox 844 822 937 854; x_wconf 92' lang='lat' dir='ltr'>nec</span> <span class='ocrx_word' id='word_1_61' title='bbox 988 807 1142 854; x_wconf 89' lang='lat' dir='ltr'>ullum</span> <span class='ocrx_word' id='word_1_62' title='bbox 1186 804 1396 869; x_wconf 88' lang='lat' dir='ltr'>spatium</span> <span class='ocrx_word' id='word_1_63' title='bbox 1436 814 1509 854; x_wconf 90' lang='lat' dir='ltr'>est</span> <span class='ocrx_word' id='word_1_64' title='bbox 1546 804 1800 867; x_wconf 91' lang='lat' dir='ltr'>momenti,</span> <span class='ocrx_word' id='word_1_65' title='bbox 1839 804 1978 855; x_wconf 91' lang='lat' dir='ltr'>cuius</span> <span class='ocrx_word' id='word_1_66' title='bbox 2014 815 2115 855; x_wconf 91' lang='lat' dir='ltr'>tam</span> 
     </span>
     <span class='ocr_line' id='line_1_9' title="bbox 366 886 2115 951; baseline 0.002 -16"><span class='ocrx_word' id='word_1_67' title='bbox 366 886 525 936; x_wconf 89' lang='lat' dir='ltr'>brevis</span> <span class='ocrx_word' id='word_1_68' title='bbox 552 897 624 936; x_wconf 89' lang='lat' dir='ltr'>est</span> <span class='ocrx_word' id='word_1_69' title='bbox 651 887 886 951; x_wconf 90' lang='lat' dir='ltr'>temporis</span> <span class='ocrx_word' id='word_1_70' title='bbox 921 896 1134 951; x_wconf 90' lang='lat' dir='ltr'>punctus</span> <span class='ocrx_word' id='word_1_71' title='bbox 1166 896 1219 935; x_wconf 90' lang='lat' dir='ltr'>ut</span> <span class='ocrx_word' id='word_1_72' title='bbox 1252 886 1302 936; x_wconf 92' lang='lat' dir='ltr'>in</span> <span class='ocrx_word' id='word_1_73' title='bbox 1327 887 1542 951; x_wconf 82' lang='lat' dir='ltr'>aliquam</span> <span class='ocrx_word' id='word_1_74' title='bbox 1580 906 1766 938; x_wconf 87' lang='lat' dir='ltr'>moram</span> <span class='ocrx_word' id='word_1_75' title='bbox 1798 890 1935 938; x_wconf 90' lang='lat' dir='ltr'>nullo</span> <span class='ocrx_word' id='word_1_76' title='bbox 1962 890 2115 938; x_wconf 88' lang='lat' dir='ltr'>modo</span> 
     </span>
     <span class='ocr_line' id='line_1_10' title="bbox 272 969 2115 1034; baseline 0 -15"><span class='ocrx_word' id='word_1_77' title='bbox 272 972 341 1019; x_wconf 89' lang='grc'><strong>26</strong></span> <span class='ocrx_word' id='word_1_78' title='bbox 365 971 677 1033; x_wconf 82' lang='lat' dir='ltr'>producatur.</span> <span class='ocrx_word' id='word_1_79' title='bbox 756 973 1148 1019; x_wconf 87' lang='lat' dir='ltr'>Instrumentum</span> <span class='ocrx_word' id='word_1_80' title='bbox 1186 979 1260 1019; x_wconf 90' lang='lat' dir='ltr'>est</span> <span class='ocrx_word' id='word_1_81' title='bbox 1296 972 1430 1020; x_wconf 92' lang='lat' dir='ltr'>unde</span> <span class='ocrx_word' id='word_1_82' title='bbox 1466 969 1652 1034; x_wconf 84' lang='lat' dir='ltr'>aliquid</span> <span class='ocrx_word' id='word_1_83' title='bbox 1689 970 2034 1031; x_wconf 84' lang='lat' dir='ltr'>construimuS,</span> <span class='ocrx_word' id='word_1_84' title='bbox 2064 980 2115 1019; x_wconf 92' lang='lat' dir='ltr'>ut</span> 
     </span>
     <span class='ocr_line' id='line_1_11' title="bbox 280 1052 2114 1116; baseline 0.001 -14"><span class='ocrx_word' id='word_1_85' title='bbox 280 1065 343 1115; x_wconf 87' lang='lat'>27</span> <span class='ocrx_word' id='word_1_86' title='bbox 365 1054 563 1112; x_wconf 88' lang='lat' dir='ltr'>cultrus‚</span> <span class='ocrx_word' id='word_1_87' title='bbox 599 1054 830 1113; x_wconf 90' lang='lat' dir='ltr'>calamus,</span> <span class='ocrx_word' id='word_1_88' title='bbox 866 1052 1012 1102; x_wconf 88' lang='lat' dir='ltr'>ascia.</span> <span class='ocrx_word' id='word_1_89' title='bbox 1086 1055 1402 1114; x_wconf 88' lang='lat' dir='ltr'>Instructum,</span> <span class='ocrx_word' id='word_1_90' title='bbox 1439 1054 1575 1116; x_wconf 86' lang='lat' dir='ltr'>quod</span> <span class='ocrx_word' id='word_1_91' title='bbox 1611 1070 1698 1116; x_wconf 88' lang='lat' dir='ltr'>per</span> <span class='ocrx_word' id='word_1_92' title='bbox 1733 1055 2114 1103; x_wconf 87' lang='lat' dir='ltr'>instrumentum</span> 
     </span>
     <span class='ocr_line' id='line_1_12' title="bbox 276 1134 2116 1198; baseline 0.001 -13"><span class='ocrx_word' id='word_1_93' title='bbox 276 1139 341 1185; x_wconf 93' lang='grc'>28</span> <span class='ocrx_word' id='word_1_94' title='bbox 366 1135 584 1194; x_wconf 87' lang='lat' dir='ltr'>efficitur,</span> <span class='ocrx_word' id='word_1_95' title='bbox 614 1145 666 1184; x_wconf 90' lang='lat' dir='ltr'>ut</span> <span class='ocrx_word' id='word_1_96' title='bbox 692 1135 911 1195; x_wconf 87' lang='lat' dir='ltr'>baculus,</span> <span class='ocrx_word' id='word_1_97' title='bbox 941 1136 1112 1194; x_wconf 86' lang='lat' dir='ltr'>codex,</span> <span class='ocrx_word' id='word_1_98' title='bbox 1142 1134 1322 1184; x_wconf 91' lang='lat' dir='ltr'>tabula.</span> <span class='ocrx_word' id='word_1_99' title='bbox 1382 1138 1525 1195; x_wconf 87' lang='lat' dir='ltr'>Vsus,</span> <span class='ocrx_word' id='word_1_100' title='bbox 1555 1152 1703 1198; x_wconf 83' lang='lat' dir='ltr'>quem</span> <span class='ocrx_word' id='word_1_101' title='bbox 1730 1136 1779 1184; x_wconf 88' lang='lat' dir='ltr'>in</span> <span class='ocrx_word' id='word_1_102' title='bbox 1805 1153 1855 1185; x_wconf 92' lang='lat' dir='ltr'>re</span> <span class='ocrx_word' id='word_1_103' title='bbox 1880 1135 2116 1186; x_wconf 89' lang='lat' dir='ltr'>instructa</span> 
     </span>
     <span class='ocr_line' id='line_1_13' title="bbox 366 1217 2116 1281; baseline 0.001 -15"><span class='ocrx_word' id='word_1_104' title='bbox 366 1218 560 1277; x_wconf 87' lang='lat' dir='ltr'>utimur,</span> <span class='ocrx_word' id='word_1_105' title='bbox 580 1227 633 1266; x_wconf 90' lang='lat' dir='ltr'>ut</span> <span class='ocrx_word' id='word_1_106' title='bbox 658 1217 707 1265; x_wconf 90' lang='lat' dir='ltr'>in</span> <span class='ocrx_word' id='word_1_107' title='bbox 735 1218 913 1267; x_wconf 88' lang='lat' dir='ltr'>baculo</span> <span class='ocrx_word' id='word_1_108' title='bbox 938 1217 1159 1278; x_wconf 89' lang='lat' dir='ltr'>innitere,</span> <span class='ocrx_word' id='word_1_109' title='bbox 1181 1219 1231 1266; x_wconf 92' lang='lat' dir='ltr'>in</span> <span class='ocrx_word' id='word_1_110' title='bbox 1257 1217 1430 1267; x_wconf 90' lang='lat' dir='ltr'>codice</span> <span class='ocrx_word' id='word_1_111' title='bbox 1454 1219 1628 1281; x_wconf 88' lang='lat' dir='ltr'>legere,</span> <span class='ocrx_word' id='word_1_112' title='bbox 1650 1217 1699 1265; x_wconf 90' lang='lat' dir='ltr'>in</span> <span class='ocrx_word' id='word_1_113' title='bbox 1724 1218 1892 1267; x_wconf 90' lang='lat' dir='ltr'>tabula</span> <span class='ocrx_word' id='word_1_114' title='bbox 1917 1220 2085 1268; x_wconf 87' lang='lat' dir='ltr'>ludere</span> <span class='ocrx_word' id='word_1_115' title='bbox 2104 1235 2116 1278; x_wconf 80' lang='lat'><em>3</em></span> 
     </span>
     <span class='ocr_line' id='line_1_14' title="bbox 364 1299 2115 1364; baseline -0.001 -15"><span class='ocrx_word' id='word_1_116' title='bbox 364 1301 452 1350; x_wconf 88' lang='lat' dir='ltr'>sed</span> <span class='ocrx_word' id='word_1_117' title='bbox 479 1310 526 1349; x_wconf 88' lang='lat' dir='ltr'>et</span> <span class='ocrx_word' id='word_1_118' title='bbox 551 1299 655 1364; x_wconf 87' lang='lat' dir='ltr'>ipse</span> <span class='ocrx_word' id='word_1_119' title='bbox 682 1301 867 1349; x_wconf 90' lang='lat' dir='ltr'>fructus</span> <span class='ocrx_word' id='word_1_120' title='bbox 892 1317 1134 1364; x_wconf 84' lang='lat' dir='ltr'>agrorum,</span> <span class='ocrx_word' id='word_1_121' title='bbox 1155 1299 1270 1363; x_wconf 86' lang='lat' dir='ltr'>quia</span> <span class='ocrx_word' id='word_1_122' title='bbox 1296 1317 1355 1349; x_wconf 91' lang='lat' dir='ltr'>eo</span> <span class='ocrx_word' id='word_1_123' title='bbox 1376 1300 1571 1360; x_wconf 87' lang='lat' dir='ltr'>utimur,</span> <span class='ocrx_word' id='word_1_124' title='bbox 1591 1317 1706 1349; x_wconf 90' lang='lat' dir='ltr'>usus</span> <span class='ocrx_word' id='word_1_125' title='bbox 1722 1308 1936 1349; x_wconf 87' lang='lat' dir='ltr'>vocatur.</span> <span class='ocrx_word' id='word_1_126' title='bbox 1971 1302 2115 1349; x_wconf 93' lang='lat' dir='ltr'>Haec</span> 
     </span>
     <span class='ocr_line' id='line_1_15' title="bbox 268 1381 2114 1445; baseline 0.002 -18"><span class='ocrx_word' id='word_1_127' title='bbox 268 1391 336 1438; x_wconf 88' lang='lat'>29</span> <span class='ocrx_word' id='word_1_128' title='bbox 363 1390 476 1429; x_wconf 87' lang='lat' dir='ltr'>sunt</span> <span class='ocrx_word' id='word_1_129' title='bbox 501 1382 583 1430; x_wconf 92' lang='lat' dir='ltr'>illa</span> <span class='ocrx_word' id='word_1_130' title='bbox 608 1382 708 1431; x_wconf 90' lang='lat' dir='ltr'>tria.</span> <span class='ocrx_word' id='word_1_131' title='bbox 784 1384 1104 1431; x_wconf 88' lang='lat' dir='ltr'>Vsusfructus</span> <span class='ocrx_word' id='word_1_132' title='bbox 1136 1392 1302 1432; x_wconf 90' lang='lat' dir='ltr'>autem</span> <span class='ocrx_word' id='word_1_133' title='bbox 1330 1392 1531 1431; x_wconf 88' lang='lat' dir='ltr'>vocatus</span> <span class='ocrx_word' id='word_1_134' title='bbox 1565 1381 1681 1445; x_wconf 89' lang='lat' dir='ltr'>quia</span> <span class='ocrx_word' id='word_1_135' title='bbox 1713 1383 1819 1431; x_wconf 93' lang='lat' dir='ltr'>solo</span> <span class='ocrx_word' id='word_1_136' title='bbox 1845 1398 1935 1430; x_wconf 90' lang='lat' dir='ltr'>usu</span> <span class='ocrx_word' id='word_1_137' title='bbox 1969 1381 2114 1430; x_wconf 89' lang='lat' dir='ltr'>habe-</span> 
     </span>
     <span class='ocr_line' id='line_1_16' title="bbox 270 1462 2115 1529; baseline 0 -17"><span class='ocrx_word' id='word_1_138' title='bbox 270 1477 337 1525; x_wconf 89' lang='lat'>30</span> <span class='ocrx_word' id='word_1_139' title='bbox 362 1472 437 1511; x_wconf 92' lang='lat' dir='ltr'>tur</span> <span class='ocrx_word' id='word_1_140' title='bbox 463 1462 567 1513; x_wconf 88' lang='lat' dir='ltr'>eius</span> <span class='ocrx_word' id='word_1_141' title='bbox 592 1466 793 1523; x_wconf 90' lang='lat' dir='ltr'>fructus,</span> <span class='ocrx_word' id='word_1_142' title='bbox 811 1474 1042 1514; x_wconf 92' lang='lat' dir='ltr'>manente</span> <span class='ocrx_word' id='word_1_143' title='bbox 1061 1465 1196 1529; x_wconf 93' lang='lat' dir='ltr'>apud</span> <span class='ocrx_word' id='word_1_144' title='bbox 1220 1463 1371 1513; x_wconf 92' lang='lat' dir='ltr'>alium</span> <span class='ocrx_word' id='word_1_145' title='bbox 1397 1464 1511 1513; x_wconf 90' lang='lat' dir='ltr'>iure.</span> <span class='ocrx_word' id='word_1_146' title='bbox 1546 1463 1798 1527; x_wconf 90' lang='lat' dir='ltr'>Vsucapio</span> <span class='ocrx_word' id='word_1_147' title='bbox 1822 1472 1896 1512; x_wconf 86' lang='lat' dir='ltr'>est</span> <span class='ocrx_word' id='word_1_148' title='bbox 1914 1462 2115 1527; x_wconf 83' lang='lat' dir='ltr'>adeptio</span> 
     </span>
     <span class='ocr_line' id='line_1_17' title="bbox 361 1544 2116 1611; baseline -0.001 -17"><span class='ocrx_word' id='word_1_149' title='bbox 361 1545 570 1594; x_wconf 86' lang='lat' dir='ltr'>dominii</span> <span class='ocrx_word' id='word_1_150' title='bbox 596 1564 682 1611; x_wconf 90' lang='lat' dir='ltr'>per</span> <span class='ocrx_word' id='word_1_151' title='bbox 707 1546 1134 1596; x_wconf 86' lang='lat' dir='ltr'>continuationem</span> <span class='ocrx_word' id='word_1_152' title='bbox 1160 1546 1316 1596; x_wconf 88' lang='lat' dir='ltr'>iustae</span> <span class='ocrx_word' id='word_1_153' title='bbox 1346 1545 1685 1610; x_wconf 83' lang='lat' dir='ltr'>possessionis,</span> <span class='ocrx_word' id='word_1_154' title='bbox 1716 1547 1791 1594; x_wconf 92' lang='lat' dir='ltr'>vel</span> <span class='ocrx_word' id='word_1_155' title='bbox 1818 1544 2006 1594; x_wconf 91' lang='lat' dir='ltr'>biennii</span> <span class='ocrx_word' id='word_1_156' title='bbox 2032 1554 2116 1593; x_wconf 90' lang='lat' dir='ltr'>aut</span> 
     </span>
     <span class='ocr_line' id='line_1_18' title="bbox 284 1626 2113 1693; baseline -0.001 -15"><span class='ocrx_word' id='word_1_157' title='bbox 284 1643 338 1691; x_wconf 89' lang='lat'>31</span> <span class='ocrx_word' id='word_1_158' title='bbox 361 1628 566 1677; x_wconf 83' lang='lat' dir='ltr'>a1icuius</span> <span class='ocrx_word' id='word_1_159' title='bbox 593 1629 841 1693; x_wconf 90' lang='lat' dir='ltr'>temporis.</span> <span class='ocrx_word' id='word_1_160' title='bbox 911 1629 1219 1693; x_wconf 92' lang='lat' dir='ltr'>Mancipatio</span> <span class='ocrx_word' id='word_1_161' title='bbox 1245 1628 1377 1678; x_wconf 92' lang='lat' dir='ltr'>dicta</span> <span class='ocrx_word' id='word_1_162' title='bbox 1402 1638 1475 1678; x_wconf 89' lang='lat' dir='ltr'>est</span> <span class='ocrx_word' id='word_1_163' title='bbox 1501 1627 1616 1692; x_wconf 85' lang='lat' dir='ltr'>quia</span> <span class='ocrx_word' id='word_1_164' title='bbox 1643 1644 1791 1676; x_wconf 91' lang='lat' dir='ltr'>manu</span> <span class='ocrx_word' id='word_1_165' title='bbox 1818 1645 1892 1677; x_wconf 90' lang='lat' dir='ltr'>res</span> <span class='ocrx_word' id='word_1_166' title='bbox 1913 1626 2113 1692; x_wconf 91' lang='lat' dir='ltr'>capitur.</span> 
     </span>
     <span class='ocr_line' id='line_1_19' title="bbox 362 1708 2115 1775; baseline -0.001 -17"><span class='ocrx_word' id='word_1_167' title='bbox 362 1712 510 1761; x_wconf 88' lang='lat' dir='ltr'>Vnde</span> <span class='ocrx_word' id='word_1_168' title='bbox 552 1721 746 1775; x_wconf 88' lang='lat' dir='ltr'>oportet</span> <span class='ocrx_word' id='word_1_169' title='bbox 783 1730 912 1772; x_wconf 84' lang='lat' dir='ltr'>eum,</span> <span class='ocrx_word' id='word_1_170' title='bbox 950 1711 1035 1775; x_wconf 84' lang='lat' dir='ltr'>qui</span> <span class='ocrx_word' id='word_1_171' title='bbox 1082 1710 1332 1775; x_wconf 90' lang='lat' dir='ltr'>mancipio</span> <span class='ocrx_word' id='word_1_172' title='bbox 1374 1710 1568 1774; x_wconf 88' lang='lat' dir='ltr'>accipit,</span> <span class='ocrx_word' id='word_1_173' title='bbox 1613 1710 2016 1774; x_wconf 90' lang='lat' dir='ltr'>conprehendere</span> <span class='ocrx_word' id='word_1_174' title='bbox 2065 1708 2115 1757; x_wconf 93' lang='lat' dir='ltr'>id</span> 
     </span>
     <span class='ocr_line' id='line_1_20' title="bbox 274 1789 2115 1856; baseline -0.003 -12"><span class='ocrx_word' id='word_1_175' title='bbox 274 1808 338 1856; x_wconf 87' lang='grc'>32</span> <span class='ocrx_word' id='word_1_176' title='bbox 362 1791 539 1856; x_wconf 91' lang='lat' dir='ltr'>ipsum,</span> <span class='ocrx_word' id='word_1_177' title='bbox 569 1794 705 1855; x_wconf 83' lang='lat' dir='ltr'>quod</span> <span class='ocrx_word' id='word_1_178' title='bbox 743 1792 787 1841; x_wconf 93' lang='lat' dir='ltr'>ei</span> <span class='ocrx_word' id='word_1_179' title='bbox 818 1792 1067 1855; x_wconf 91' lang='lat' dir='ltr'>mancipio</span> <span class='ocrx_word' id='word_1_180' title='bbox 1100 1794 1257 1842; x_wconf 91' lang='lat' dir='ltr'>datur.</span> <span class='ocrx_word' id='word_1_181' title='bbox 1331 1792 1507 1842; x_wconf 90' lang='lat' dir='ltr'>Cessio</span> <span class='ocrx_word' id='word_1_182' title='bbox 1538 1801 1610 1840; x_wconf 87' lang='lat' dir='ltr'>est</span> <span class='ocrx_word' id='word_1_183' title='bbox 1643 1790 1868 1855; x_wconf 90' lang='lat' dir='ltr'>propriae</span> <span class='ocrx_word' id='word_1_184' title='bbox 1902 1789 1969 1839; x_wconf 91' lang='lat' dir='ltr'>rei</span> <span class='ocrx_word' id='word_1_185' title='bbox 2001 1807 2115 1839; x_wconf 89' lang='lat' dir='ltr'>con-</span> 
     </span>
     <span class='ocr_line' id='line_1_21' title="bbox 362 1873 2112 1938; baseline -0.001 -15"><span class='ocrx_word' id='word_1_186' title='bbox 362 1875 533 1935; x_wconf 89' lang='lat' dir='ltr'>cessi0‚</span> <span class='ocrx_word' id='word_1_187' title='bbox 553 1873 677 1923; x_wconf 88' lang='lat' dir='ltr'>sicut</span> <span class='ocrx_word' id='word_1_188' title='bbox 703 1884 775 1924; x_wconf 89' lang='lat' dir='ltr'>est</span> <span class='ocrx_word' id='word_1_189' title='bbox 801 1874 922 1924; x_wconf 90' lang='lat' dir='ltr'>illud</span> <span class='ocrx_word' id='word_1_190' title='bbox 943 1895 951 1924; x_wconf 92' lang='lat'>:</span> <span class='ocrx_word' id='word_1_191' title='bbox 991 1879 1002 1899; x_wconf 92' lang='lat'><em>‘</em></span> <span class='ocrx_word' id='word_1_192' title='bbox 1020 1876 1163 1925; x_wconf 89' lang='lat' dir='ltr'>Cedo</span> <span class='ocrx_word' id='word_1_193' title='bbox 1188 1874 1291 1924; x_wconf 92' lang='lat' dir='ltr'>iure</span> <span class='ocrx_word' id='word_1_194' title='bbox 1315 1873 1724 1938; x_wconf 61' lang='lat' dir='ltr'>propinquitatis!</span> <span class='ocrx_word' id='word_1_195' title='bbox 1767 1873 1961 1924; x_wconf 89' lang='lat' dir='ltr'>Cedere</span> <span class='ocrx_word' id='word_1_196' title='bbox 1980 1873 2112 1923; x_wconf 89' lang='lat' dir='ltr'>enim</span> 
     </span>
     <span class='ocr_line' id='line_1_22' title="bbox 361 1956 2116 2019; baseline -0.002 -13"><span class='ocrx_word' id='word_1_197' title='bbox 361 1956 572 2006; x_wconf 89' lang='lat' dir='ltr'>dicimus</span> <span class='ocrx_word' id='word_1_198' title='bbox 598 1956 738 2019; x_wconf 87' lang='lat' dir='ltr'>quasi</span> <span class='ocrx_word' id='word_1_199' title='bbox 763 1958 1053 2014; x_wconf 83' lang='lat' dir='ltr'>concedere,</span> <span class='ocrx_word' id='word_1_200' title='bbox 1080 1958 1131 2006; x_wconf 91' lang='lat' dir='ltr'>id</span> <span class='ocrx_word' id='word_1_201' title='bbox 1156 1965 1243 2016; x_wconf 90' lang='lat' dir='ltr'>est,</span> <span class='ocrx_word' id='word_1_202' title='bbox 1266 1973 1391 2019; x_wconf 86' lang='lat' dir='ltr'>quae</span> <span class='ocrx_word' id='word_1_203' title='bbox 1416 1956 1611 2019; x_wconf 90' lang='lat' dir='ltr'>propria</span> <span class='ocrx_word' id='word_1_204' title='bbox 1635 1963 1750 2003; x_wconf 91' lang='lat' dir='ltr'>sunt</span> <span class='ocrx_word' id='word_1_205' title='bbox 1769 1973 1779 2013; x_wconf 81' lang='lat'>3</span> <span class='ocrx_word' id='word_1_206' title='bbox 1815 1972 1929 2002; x_wconf 90' lang='lat' dir='ltr'>nam</span> <span class='ocrx_word' id='word_1_207' title='bbox 1955 1956 2116 2004; x_wconf 90' lang='lat' dir='ltr'>aliena</span> 
     </span>
    </p>
   </div>
   <div class='ocr_carea' id='block_1_5' title="bbox 2143 1070 2192 1099">
    <p class='ocr_par' dir='ltr' id='par_1_6' title="bbox 2143 1070 2192 1099">
     <span class='ocr_line' id='line_1_23' title="bbox 2143 1070 2192 1099; baseline 0 0"><span class='ocrx_word' id='word_1_208' title='bbox 2143 1070 2192 1099; x_wconf 90' lang='lat'>10</span> 
     </span>
    </p>
   </div>
   <div class='ocr_carea' id='block_1_6' title="bbox 2143 1482 2189 1523">
    <p class='ocr_par' dir='ltr' id='par_1_7' title="bbox 2143 1482 2189 1523">
     <span class='ocr_line' id='line_1_24' title="bbox 2143 1482 2189 1523; baseline 0 0"><span class='ocrx_word' id='word_1_209' title='bbox 2143 1482 2189 1523; x_wconf 89' lang='grc' dir='ltr'>Ι5</span> 
     </span>
    </p>
   </div>
   <div class='ocr_carea' id='block_1_7' title="bbox 2140 1890 2190 1919">
    <p class='ocr_par' dir='ltr' id='par_1_8' title="bbox 2140 1890 2190 1919">
     <span class='ocr_line' id='line_1_25' title="bbox 2140 1890 2190 1919; baseline -0.02 0"><span class='ocrx_word' id='word_1_210' title='bbox 2140 1890 2190 1919; x_wconf 83' lang='grc'>20</span> 
     </span>
    </p>
   </div>
   <div class='ocr_carea' id='block_1_8' title="bbox 362 2035 2114 2100">
    <p class='ocr_par' dir='ltr' id='par_1_9' title="bbox 362 2035 2114 2100">
     <span class='ocr_line' id='line_1_26' title="bbox 362 2035 2114 2100; baseline -0.001 -15"><span class='ocrx_word' id='word_1_211' title='bbox 362 2037 676 2100; x_wconf 76' lang='lat' dir='ltr'>restituimus,</span> <span class='ocrx_word' id='word_1_212' title='bbox 717 2056 819 2088; x_wconf 91' lang='lat' dir='ltr'>non</span> <span class='ocrx_word' id='word_1_213' title='bbox 857 2038 1094 2088; x_wconf 90' lang='lat' dir='ltr'>cedimus.</span> <span class='ocrx_word' id='word_1_214' title='bbox 1170 2040 1299 2088; x_wconf 90' lang='lat' dir='ltr'>Nam</span> <span class='ocrx_word' id='word_1_215' title='bbox 1344 2039 1520 2087; x_wconf 91' lang='lat' dir='ltr'>cedere</span> <span class='ocrx_word' id='word_1_216' title='bbox 1563 2037 1757 2100; x_wconf 89' lang='lat' dir='ltr'>proprie</span> <span class='ocrx_word' id='word_1_217' title='bbox 1800 2035 1990 2096; x_wconf 87' lang='lat' dir='ltr'>dicitur,</span> <span class='ocrx_word' id='word_1_218' title='bbox 2029 2036 2114 2100; x_wconf 83' lang='lat' dir='ltr'>qui</span> 
     </span>
    </p>
   </div>
   <div class='ocr_carea' id='block_1_9' title="bbox 274 2117 2113 2514">
    <p class='ocr_par' dir='ltr' id='par_1_10' title="bbox 274 2117 2113 2514">
     <span class='ocr_line' id='line_1_27' title="bbox 361 2117 2112 2184; baseline -0.001 -16"><span class='ocrx_word' id='word_1_219' title='bbox 361 2130 532 2169; x_wconf 89' lang='lat' dir='ltr'>contra</span> <span class='ocrx_word' id='word_1_220' title='bbox 548 2120 801 2170; x_wconf 87' lang='lat' dir='ltr'>veritatem</span> <span class='ocrx_word' id='word_1_221' title='bbox 818 2121 956 2171; x_wconf 90' lang='lat' dir='ltr'>alteri</span> <span class='ocrx_word' id='word_1_222' title='bbox 976 2122 1236 2181; x_wconf 88' lang='lat' dir='ltr'>consentit,</span> <span class='ocrx_word' id='word_1_223' title='bbox 1256 2129 1310 2169; x_wconf 91' lang='lat' dir='ltr'>ut</span> <span class='ocrx_word' id='word_1_224' title='bbox 1326 2119 1503 2171; x_wconf 91' lang='lat' dir='ltr'>Cicero</span> <span class='ocrx_word' id='word_1_225' title='bbox 1521 2118 1701 2184; x_wconf 85' lang='lat' dir='ltr'>(Ligar.</span> <span class='ocrx_word' id='word_1_226' title='bbox 1719 2134 1762 2180; x_wconf 89' lang='lat'>7,</span> <span class='ocrx_word' id='word_1_227' title='bbox 1777 2137 1799 2166; x_wconf 91' lang='lat'>2</span> <span class='ocrx_word' id='word_1_228' title='bbox 1811 2117 1858 2184; x_wconf 89' lang='lat'>2)</span> <span class='ocrx_word' id='word_1_229' title='bbox 1875 2138 1883 2168; x_wconf 93' lang='lat'>:</span> <span class='ocrx_word' id='word_1_230' title='bbox 1905 2123 1916 2143; x_wconf 77' lang='grc'>“’</span> <span class='ocrx_word' id='word_1_231' title='bbox 1929 2118 2112 2170; x_wconf 87' lang='lat' dir='ltr'>Cessit&#39;</span> 
     </span>
     <span class='ocr_line' id='line_1_28' title="bbox 274 2200 2113 2267; baseline -0.002 -16"><span class='ocrx_word' id='word_1_232' title='bbox 274 2220 338 2267; x_wconf 91' lang='lat'>33</span> <span class='ocrx_word' id='word_1_233' title='bbox 360 2204 518 2266; x_wconf 84' lang='lat' dir='ltr'>inquit</span> <span class='ocrx_word' id='word_1_234' title='bbox 561 2206 573 2228; x_wconf 86' lang='lat'><em>‘</em></span> <span class='ocrx_word' id='word_1_235' title='bbox 593 2203 883 2267; x_wconf 86' lang='lat' dir='ltr'>amplissimi</span> <span class='ocrx_word' id='word_1_236' title='bbox 926 2203 1011 2251; x_wconf 91' lang='lat' dir='ltr'>viri</span> <span class='ocrx_word' id='word_1_237' title='bbox 1048 2201 1344 2263; x_wconf 85' lang='lat' dir='ltr'>auctoritati,</span> <span class='ocrx_word' id='word_1_238' title='bbox 1387 2203 1463 2251; x_wconf 91' lang='lat' dir='ltr'>vel</span> <span class='ocrx_word' id='word_1_239' title='bbox 1499 2203 1663 2265; x_wconf 90' lang='lat' dir='ltr'>potius</span> <span class='ocrx_word' id='word_1_240' title='bbox 1701 2200 1890 2265; x_wconf 89' lang='lat' dir='ltr'>paruit.&#39;</span> <span class='ocrx_word' id='word_1_241' title='bbox 1962 2202 2113 2250; x_wconf 91' lang='lat' dir='ltr'>Inter-</span> 
     </span>
     <span class='ocr_line' id='line_1_29' title="bbox 359 2283 2111 2348; baseline -0.001 -15"><span class='ocrx_word' id='word_1_242' title='bbox 359 2284 547 2334; x_wconf 89' lang='lat' dir='ltr'>dictum</span> <span class='ocrx_word' id='word_1_243' title='bbox 574 2294 647 2334; x_wconf 92' lang='lat' dir='ltr'>est</span> <span class='ocrx_word' id='word_1_244' title='bbox 672 2286 809 2348; x_wconf 80' lang='lat' dir='ltr'>quod</span> <span class='ocrx_word' id='word_1_245' title='bbox 828 2302 856 2333; x_wconf 93' lang='lat' dir='ltr'>a</span> <span class='ocrx_word' id='word_1_246' title='bbox 876 2284 1038 2334; x_wconf 91' lang='lat' dir='ltr'>iudice</span> <span class='ocrx_word' id='word_1_247' title='bbox 1058 2301 1160 2334; x_wconf 91' lang='lat' dir='ltr'>non</span> <span class='ocrx_word' id='word_1_248' title='bbox 1180 2283 1231 2332; x_wconf 89' lang='lat' dir='ltr'>in</span> <span class='ocrx_word' id='word_1_249' title='bbox 1249 2292 1561 2347; x_wconf 88' lang='lat' dir='ltr'>perpetuum,</span> <span class='ocrx_word' id='word_1_250' title='bbox 1577 2284 1664 2332; x_wconf 90' lang='lat' dir='ltr'>sed</span> <span class='ocrx_word' id='word_1_251' title='bbox 1684 2300 1772 2346; x_wconf 93' lang='lat' dir='ltr'>pro</span> <span class='ocrx_word' id='word_1_252' title='bbox 1798 2283 2111 2332; x_wconf 89' lang='lat' dir='ltr'>reformando</span> 
     </span>
     <span class='ocr_line' id='line_1_30' title="bbox 361 2364 2111 2431; baseline -0.001 -17"><span class='ocrx_word' id='word_1_253' title='bbox 361 2376 616 2416; x_wconf 89' lang='lat' dir='ltr'>momento</span> <span class='ocrx_word' id='word_1_254' title='bbox 641 2368 704 2416; x_wconf 95' lang='lat' dir='ltr'>ad</span> <span class='ocrx_word' id='word_1_255' title='bbox 730 2377 925 2431; x_wconf 90' lang='lat' dir='ltr'>tempus</span> <span class='ocrx_word' id='word_1_256' title='bbox 951 2367 1144 2415; x_wconf 90' lang='lat' dir='ltr'>interim</span> <span class='ocrx_word' id='word_1_257' title='bbox 1171 2365 1366 2426; x_wconf 82' lang='lat' dir='ltr'>dicitur,</span> <span class='ocrx_word' id='word_1_258' title='bbox 1385 2366 1517 2414; x_wconf 89' lang='lat' dir='ltr'>salva</span> <span class='ocrx_word' id='word_1_259' title='bbox 1541 2364 1879 2429; x_wconf 89' lang='lat' dir='ltr'>propositione</span> <span class='ocrx_word' id='word_1_260' title='bbox 1904 2364 2111 2414; x_wconf 91' lang='lat' dir='ltr'>actionis</span> 
     </span>
     <span class='ocr_line' id='line_1_31' title="bbox 274 2445 2109 2514; baseline -0.001 -16"><span class='ocrx_word' id='word_1_261' title='bbox 274 2467 340 2514; x_wconf 88' lang='lat'>34</span> <span class='ocrx_word' id='word_1_262' title='bbox 362 2450 479 2499; x_wconf 90' lang='lat' dir='ltr'>eius.</span> <span class='ocrx_word' id='word_1_263' title='bbox 555 2450 771 2498; x_wconf 89' lang='lat' dir='ltr'>Pretium</span> <span class='ocrx_word' id='word_1_264' title='bbox 789 2459 1020 2499; x_wconf 89' lang='lat' dir='ltr'>vocatum</span> <span class='ocrx_word' id='word_1_265' title='bbox 1046 2465 1106 2498; x_wconf 88' lang='lat' dir='ltr'>eo</span> <span class='ocrx_word' id='word_1_266' title='bbox 1132 2449 1269 2512; x_wconf 89' lang='lat' dir='ltr'>quod</span> <span class='ocrx_word' id='word_1_267' title='bbox 1293 2446 1427 2512; x_wconf 90' lang='lat' dir='ltr'>prius</span> <span class='ocrx_word' id='word_1_268' title='bbox 1453 2465 1566 2496; x_wconf 92' lang='lat' dir='ltr'>eum</span> <span class='ocrx_word' id='word_1_269' title='bbox 1594 2448 1788 2508; x_wconf 91' lang='lat' dir='ltr'>damus,</span> <span class='ocrx_word' id='word_1_270' title='bbox 1814 2457 1866 2496; x_wconf 92' lang='lat' dir='ltr'>ut</span> <span class='ocrx_word' id='word_1_271' title='bbox 1891 2464 1980 2511; x_wconf 92' lang='lat' dir='ltr'>pro</span> <span class='ocrx_word' id='word_1_272' title='bbox 2006 2445 2109 2497; x_wconf 84' lang='lat' dir='ltr'>eius</span> 
     </span>
    </p>
   </div>
   <div class='ocr_carea' id='block_1_10' title="bbox 361 2578 2109 2687">
    <p class='ocr_par' dir='ltr' id='par_1_11' title="bbox 361 2578 2109 2687">
     <span class='ocr_line' id='line_1_32' title="bbox 419 2578 2109 2631; baseline -0.001 -11"><span class='ocrx_word' id='word_1_273' title='bbox 419 2594 436 2619; x_wconf 92' lang='lat'>1</span> <span class='ocrx_word' id='word_1_274' title='bbox 470 2581 688 2620; x_wconf 87' lang='lat' dir='ltr'>debitores</span> <span class='ocrx_word' id='word_1_275' title='bbox 708 2580 754 2618; x_wconf 91' lang='lat' dir='ltr'><em>K</em></span> <span class='ocrx_word' id='word_1_276' title='bbox 875 2595 900 2631; x_wconf 86' lang='lat'><strong>3</strong></span> <span class='ocrx_word' id='word_1_277' title='bbox 932 2581 1117 2620; x_wconf 89' lang='lat' dir='ltr'>creditur</span> <span class='ocrx_word' id='word_1_278' title='bbox 1139 2579 1263 2619; x_wconf 89' lang='lat' dir='ltr'>CDK</span> <span class='ocrx_word' id='word_1_279' title='bbox 1371 2580 1688 2619; x_wconf 88' lang='lat' dir='ltr'>commendatur</span> <span class='ocrx_word' id='word_1_280' title='bbox 1711 2578 1807 2618; x_wconf 74' lang='lat' dir='ltr'>ClT</span> <span class='ocrx_word' id='word_1_281' title='bbox 1930 2591 1954 2629; x_wconf 88' lang='lat'>5</span> <span class='ocrx_word' id='word_1_282' title='bbox 1985 2591 2109 2630; x_wconf 89' lang='lat' dir='ltr'>quam</span> 
     </span>
     <span class='ocr_line' id='line_1_33' title="bbox 361 2629 2109 2687; baseline -0.001 -11"><span class='ocrx_word' id='word_1_283' title='bbox 361 2638 444 2676; x_wconf 89' lang='lat' dir='ltr'>cito</span> <span class='ocrx_word' id='word_1_284' title='bbox 458 2637 552 2676; x_wconf 80' lang='lat' dir='ltr'>hab.</span> <span class='ocrx_word' id='word_1_285' title='bbox 570 2634 750 2675; x_wconf 87' lang='lat' dir='ltr'><em>BDHK</em></span> <span class='ocrx_word' id='word_1_286' title='bbox 756 2636 792 2674; x_wconf 93' lang='lat' dir='ltr'><em>T</em></span> <span class='ocrx_word' id='word_1_287' title='bbox 805 2650 814 2674; x_wconf 70' lang='grc' dir='ltr'>ι</span> <span class='ocrx_word' id='word_1_288' title='bbox 836 2650 920 2676; x_wconf 82' lang='lat' dir='ltr'>om.</span> <span class='ocrx_word' id='word_1_289' title='bbox 943 2636 978 2674; x_wconf 88' lang='lat' dir='ltr'><em>C</em></span> <span class='ocrx_word' id='word_1_290' title='bbox 1084 2636 1224 2687; x_wconf 87' lang='lat' dir='ltr'>salvo]</span> <span class='ocrx_word' id='word_1_291' title='bbox 1240 2633 1331 2674; x_wconf 86' lang='lat' dir='ltr'>solo</span> <span class='ocrx_word' id='word_1_292' title='bbox 1349 2629 1394 2671; x_wconf 87' lang='grc' dir='ltr'><em>Κ</em></span> <span class='ocrx_word' id='word_1_293' title='bbox 1507 2636 1535 2673; x_wconf 86' lang='grc'>6</span> <span class='ocrx_word' id='word_1_294' title='bbox 1556 2634 1598 2672; x_wconf 92' lang='lat' dir='ltr'>in</span> <span class='ocrx_word' id='word_1_295' title='bbox 1616 2634 1774 2673; x_wconf 84' lang='lat' dir='ltr'>nullam</span> <span class='ocrx_word' id='word_1_296' title='bbox 1790 2633 1835 2671; x_wconf 83' lang='lat' dir='ltr'>J&lt;</span> <span class='ocrx_word' id='word_1_297' title='bbox 1842 2633 1878 2673; x_wconf 90' lang='lat' dir='ltr'><em>T</em></span> <span class='ocrx_word' id='word_1_298' title='bbox 1986 2647 2007 2683; x_wconf 90' lang='grc'><strong>7</strong></span> <span class='ocrx_word' id='word_1_299' title='bbox 2029 2647 2109 2674; x_wconf 89' lang='lat' dir='ltr'>nec</span> 
     </span>
    </p>
   </div>
   <div class='ocr_carea' id='block_1_11' title="bbox 358 2687 2110 3124">
    <p class='ocr_par' dir='ltr' id='par_1_12' title="bbox 358 2687 2110 3124">
     <span class='ocr_line' id='line_1_34' title="bbox 360 2687 2108 2739; baseline -0.002 -8"><span class='ocrx_word' id='word_1_300' title='bbox 360 2691 520 2731; x_wconf 91' lang='lat' dir='ltr'>nullum</span> <span class='ocrx_word' id='word_1_301' title='bbox 540 2690 587 2729; x_wconf 88' lang='grc' dir='ltr'><em>Κ</em></span> <span class='ocrx_word' id='word_1_302' title='bbox 591 2690 629 2730; x_wconf 90' lang='lat' dir='ltr'><em>T</em></span> <span class='ocrx_word' id='word_1_303' title='bbox 731 2691 858 2730; x_wconf 91' lang='lat' dir='ltr'>huius</span> <span class='ocrx_word' id='word_1_304' title='bbox 877 2690 923 2728; x_wconf 88' lang='lat' dir='ltr'><em>K</em></span> <span class='ocrx_word' id='word_1_305' title='bbox 1036 2704 1084 2729; x_wconf 86' lang='lat'>10</span> <span class='ocrx_word' id='word_1_306' title='bbox 1113 2691 1272 2730; x_wconf 89' lang='lat' dir='ltr'>cultrus</span> <span class='ocrx_word' id='word_1_307' title='bbox 1291 2689 1416 2728; x_wconf 79' lang='lat' dir='ltr'>etiam</span> <span class='ocrx_word' id='word_1_308' title='bbox 1437 2689 1489 2727; x_wconf 92' lang='lat' dir='ltr'><em>M</em></span> <span class='ocrx_word' id='word_1_309' title='bbox 1595 2690 1707 2729; x_wconf 87' lang='lat' dir='ltr'>arcia</span> <span class='ocrx_word' id='word_1_310' title='bbox 1729 2687 1780 2728; x_wconf 78' lang='lat' dir='ltr'>Cl</span> <span class='ocrx_word' id='word_1_311' title='bbox 1905 2700 1950 2726; x_wconf 91' lang='lat'>11</span> <span class='ocrx_word' id='word_1_312' title='bbox 1983 2702 2108 2739; x_wconf 89' lang='lat' dir='ltr'>quem</span> 
     </span>
     <span class='ocr_line' id='line_1_35' title="bbox 359 2742 2109 2797; baseline -0.001 -13"><span class='ocrx_word' id='word_1_313' title='bbox 359 2746 428 2786; x_wconf 85' lang='lat' dir='ltr'>B:</span> <span class='ocrx_word' id='word_1_314' title='bbox 458 2760 541 2797; x_wconf 89' lang='lat' dir='ltr'>que</span> <span class='ocrx_word' id='word_1_315' title='bbox 569 2745 628 2785; x_wconf 93' lang='lat' dir='ltr'>T:</span> <span class='ocrx_word' id='word_1_316' title='bbox 655 2747 767 2796; x_wconf 90' lang='lat' dir='ltr'>quod</span> <span class='ocrx_word' id='word_1_317' title='bbox 788 2744 853 2785; x_wconf 90' lang='lat' dir='ltr'>K:</span> <span class='ocrx_word' id='word_1_318' title='bbox 884 2758 968 2795; x_wconf 88' lang='lat' dir='ltr'>qua</span> <span class='ocrx_word' id='word_1_319' title='bbox 992 2745 1027 2783; x_wconf 88' lang='lat' dir='ltr'><em>C</em></span> <span class='ocrx_word' id='word_1_320' title='bbox 1163 2759 1212 2795; x_wconf 88' lang='lat'>13</span> <span class='ocrx_word' id='word_1_321' title='bbox 1242 2743 1340 2794; x_wconf 88' lang='lat' dir='ltr'>quia</span> <span class='ocrx_word' id='word_1_322' title='bbox 1360 2745 1402 2782; x_wconf 89' lang='lat' dir='ltr'>in</span> <span class='ocrx_word' id='word_1_323' title='bbox 1433 2758 1485 2783; x_wconf 92' lang='lat' dir='ltr'>eo</span> <span class='ocrx_word' id='word_1_324' title='bbox 1506 2743 1574 2782; x_wconf 88' lang='lat' dir='ltr'>B:</span> <span class='ocrx_word' id='word_1_325' title='bbox 1603 2757 1659 2783; x_wconf 89' lang='lat' dir='ltr'>ex</span> <span class='ocrx_word' id='word_1_326' title='bbox 1678 2757 1761 2794; x_wconf 89' lang='lat' dir='ltr'>quo</span> <span class='ocrx_word' id='word_1_327' title='bbox 1783 2742 1829 2781; x_wconf 90' lang='lat' dir='ltr'><em>K</em></span> <span class='ocrx_word' id='word_1_328' title='bbox 1934 2749 2109 2783; x_wconf 85' lang='lat' dir='ltr'>vocatur</span> 
     </span>
     <span class='ocr_line' id='line_1_36' title="bbox 359 2798 2108 2852; baseline -0.001 -14"><span class='ocrx_word' id='word_1_329' title='bbox 359 2800 448 2840; x_wconf 85' lang='grc' dir='ltr'>ΚΤ</span> <span class='ocrx_word' id='word_1_330' title='bbox 561 2812 609 2850; x_wconf 89' lang='lat'>15</span> <span class='ocrx_word' id='word_1_331' title='bbox 630 2801 842 2851; x_wconf 88' lang='lat' dir='ltr'>ademptio</span> <span class='ocrx_word' id='word_1_332' title='bbox 858 2800 990 2852; x_wconf 83' lang='lat' dir='ltr'>(-mt-)</span> <span class='ocrx_word' id='word_1_333' title='bbox 1008 2800 1166 2840; x_wconf 88' lang='lat' dir='ltr'>domini</span> <span class='ocrx_word' id='word_1_334' title='bbox 1178 2798 1291 2839; x_wconf 90' lang='lat' dir='ltr'>codd.</span> <span class='ocrx_word' id='word_1_335' title='bbox 1407 2811 1454 2849; x_wconf 90' lang='lat'>17</span> <span class='ocrx_word' id='word_1_336' title='bbox 1476 2798 1573 2848; x_wconf 85' lang='lat' dir='ltr'>quia</span> <span class='ocrx_word' id='word_1_337' title='bbox 1589 2811 1736 2849; x_wconf 82' lang='lat' dir='ltr'>manus</span> <span class='ocrx_word' id='word_1_338' title='bbox 1759 2798 1813 2837; x_wconf 88' lang='lat' dir='ltr'>T:</span> <span class='ocrx_word' id='word_1_339' title='bbox 1832 2810 1940 2848; x_wconf 89' lang='lat' dir='ltr'>quae</span> <span class='ocrx_word' id='word_1_340' title='bbox 1957 2809 2108 2837; x_wconf 87' lang='lat' dir='ltr'>manus</span> 
     </span>
     <span class='ocr_line' id='line_1_37' title="bbox 359 2850 2110 2905; baseline -0.001 -12"><span class='ocrx_word' id='word_1_341' title='bbox 359 2855 406 2893; x_wconf 93' lang='lat' dir='ltr'><em>K</em></span> <span class='ocrx_word' id='word_1_342' title='bbox 560 2857 610 2894; x_wconf 90' lang='lat'>18</span> <span class='ocrx_word' id='word_1_343' title='bbox 641 2856 754 2895; x_wconf 92' lang='lat' dir='ltr'>unde</span> <span class='ocrx_word' id='word_1_344' title='bbox 775 2861 819 2894; x_wconf 89' lang='lat' dir='ltr'>et</span> <span class='ocrx_word' id='word_1_345' title='bbox 838 2868 905 2905; x_wconf 92' lang='lat' dir='ltr'>op.</span> <span class='ocrx_word' id='word_1_346' title='bbox 935 2855 972 2893; x_wconf 88' lang='lat' dir='ltr'><em>T</em></span> <span class='ocrx_word' id='word_1_347' title='bbox 1077 2854 1332 2905; x_wconf 86' lang='lat' dir='ltr'>mancipium</span> <span class='ocrx_word' id='word_1_348' title='bbox 1354 2851 1443 2891; x_wconf 88' lang='grc' dir='ltr'>ΒΚ</span> <span class='ocrx_word' id='word_1_349' title='bbox 1550 2854 1716 2904; x_wconf 88' lang='lat' dir='ltr'>accepit</span> <span class='ocrx_word' id='word_1_350' title='bbox 1735 2850 1781 2890; x_wconf 91' lang='lat' dir='ltr'><em>K</em></span> <span class='ocrx_word' id='word_1_351' title='bbox 1888 2853 1929 2890; x_wconf 92' lang='lat' dir='ltr'>id</span> <span class='ocrx_word' id='word_1_352' title='bbox 1949 2865 2032 2893; x_wconf 83' lang='lat' dir='ltr'>om.</span> <span class='ocrx_word' id='word_1_353' title='bbox 2058 2850 2110 2891; x_wconf 80' lang='lat' dir='ltr'>Cl</span> 
     </span>
     <span class='ocr_line' id='line_1_38' title="bbox 363 2906 2108 2961; baseline -0.001 -13"><span class='ocrx_word' id='word_1_354' title='bbox 363 2923 412 2960; x_wconf 85' lang='lat'>19</span> <span class='ocrx_word' id='word_1_355' title='bbox 432 2924 456 2949; x_wconf 93' lang='lat' dir='ltr'>e</span> <span class='ocrx_word' id='word_1_356' title='bbox 473 2924 608 2951; x_wconf 88' lang='lat' dir='ltr'>manc.</span> <span class='ocrx_word' id='word_1_357' title='bbox 627 2909 662 2949; x_wconf 90' lang='lat' dir='ltr'><strong><em>C</em></strong></span> <span class='ocrx_word' id='word_1_358' title='bbox 768 2923 822 2949; x_wconf 88' lang='lat'>20</span> <span class='ocrx_word' id='word_1_359' title='bbox 841 2909 1058 2961; x_wconf 91' lang='lat' dir='ltr'>propinq.]</span> <span class='ocrx_word' id='word_1_360' title='bbox 1075 2906 1348 2961; x_wconf 84' lang='lat' dir='ltr'>proprietatis</span> <span class='ocrx_word' id='word_1_361' title='bbox 1363 2908 1560 2948; x_wconf 78' lang='lat' dir='ltr'>Schwarz</span> <span class='ocrx_word' id='word_1_362' title='bbox 1655 2921 1704 2946; x_wconf 86' lang='lat'>21</span> <span class='ocrx_word' id='word_1_363' title='bbox 1729 2906 1989 2958; x_wconf 87' lang='lat' dir='ltr'>concedere]</span> <span class='ocrx_word' id='word_1_364' title='bbox 2007 2919 2108 2946; x_wconf 92' lang='lat' dir='ltr'>con-</span> 
     </span>
     <span class='ocr_line' id='line_1_39' title="bbox 359 2958 2106 3016; baseline -0.001 -13"><span class='ocrx_word' id='word_1_365' title='bbox 359 2966 461 3006; x_wconf 87' lang='lat' dir='ltr'>dere</span> <span class='ocrx_word' id='word_1_366' title='bbox 490 2965 541 3005; x_wconf 90' lang='lat' dir='ltr'>T1</span> <span class='ocrx_word' id='word_1_367' title='bbox 671 2966 712 3004; x_wconf 93' lang='lat' dir='ltr'>id</span> <span class='ocrx_word' id='word_1_368' title='bbox 733 2978 843 3015; x_wconf 85' lang='lat' dir='ltr'>quae</span> <span class='ocrx_word' id='word_1_369' title='bbox 865 2978 925 3016; x_wconf 90' lang='lat' dir='ltr'>pr.</span> <span class='ocrx_word' id='word_1_370' title='bbox 948 2978 983 3005; x_wconf 93' lang='lat' dir='ltr'>s.</span> <span class='ocrx_word' id='word_1_371' title='bbox 1006 2978 1103 3004; x_wconf 88' lang='lat' dir='ltr'>nam</span> <span class='ocrx_word' id='word_1_372' title='bbox 1127 2963 1202 3005; x_wconf 87' lang='lat' dir='ltr'>C1:</span> <span class='ocrx_word' id='word_1_373' title='bbox 1233 2964 1360 3014; x_wconf 91' lang='lat' dir='ltr'>idque</span> <span class='ocrx_word' id='word_1_374' title='bbox 1381 2963 1554 3014; x_wconf 90' lang='lat' dir='ltr'>proprie</span> <span class='ocrx_word' id='word_1_375' title='bbox 1575 2975 1670 3002; x_wconf 91' lang='lat' dir='ltr'>nam</span> <span class='ocrx_word' id='word_1_376' title='bbox 1698 2958 1749 3001; x_wconf 89' lang='lat' dir='ltr'>T1</span> <span class='ocrx_word' id='word_1_377' title='bbox 1878 2973 1974 2999; x_wconf 89' lang='lat' dir='ltr'>nam</span> <span class='ocrx_word' id='word_1_378' title='bbox 1996 2961 2032 3001; x_wconf 90' lang='lat' dir='ltr'>si</span> <span class='ocrx_word' id='word_1_379' title='bbox 2053 2963 2106 3002; x_wconf 89' lang='lat' dir='ltr'>al.</span> 
     </span>
     <span class='ocr_line' id='line_1_40' title="bbox 361 3012 2106 3071; baseline -0.002 -13"><span class='ocrx_word' id='word_1_380' title='bbox 361 3019 439 3058; x_wconf 91' lang='lat' dir='ltr'>CK</span> <span class='ocrx_word' id='word_1_381' title='bbox 561 3034 613 3059; x_wconf 87' lang='lat'>22</span> <span class='ocrx_word' id='word_1_382' title='bbox 643 3019 741 3071; x_wconf 90' lang='lat' dir='ltr'>quia</span> <span class='ocrx_word' id='word_1_383' title='bbox 759 3019 801 3057; x_wconf 89' lang='grc' dir='ltr'><em>Β</em></span> <span class='ocrx_word' id='word_1_384' title='bbox 932 3033 984 3069; x_wconf 85' lang='grc'><strong>23</strong></span> <span class='ocrx_word' id='word_1_385' title='bbox 1013 3020 1120 3059; x_wconf 87' lang='lat' dir='ltr'>alter</span> <span class='ocrx_word' id='word_1_386' title='bbox 1140 3017 1186 3056; x_wconf 90' lang='lat' dir='ltr'><em>K</em></span> <span class='ocrx_word' id='word_1_387' title='bbox 1303 3031 1356 3067; x_wconf 87' lang='lat'>24</span> <span class='ocrx_word' id='word_1_388' title='bbox 1385 3017 1634 3057; x_wconf 84' lang='lat' dir='ltr'>auctoritate</span> <span class='ocrx_word' id='word_1_389' title='bbox 1654 3015 1742 3055; x_wconf 89' lang='grc' dir='ltr'>ΒΚ</span> <span class='ocrx_word' id='word_1_390' title='bbox 1747 3012 1786 3054; x_wconf 90' lang='lat' dir='ltr'><em>T</em></span> <span class='ocrx_word' id='word_1_391' title='bbox 1891 3015 1969 3056; x_wconf 87' lang='lat' dir='ltr'>Int.</span> <span class='ocrx_word' id='word_1_392' title='bbox 1993 3016 2106 3056; x_wconf 87' lang='lat' dir='ltr'>enim</span> 
     </span>
     <span class='ocr_line' id='line_1_41' title="bbox 358 3068 2106 3124; baseline -0.002 -12"><span class='ocrx_word' id='word_1_393' title='bbox 358 3081 422 3113; x_wconf 87' lang='lat' dir='ltr'>est</span> <span class='ocrx_word' id='word_1_394' title='bbox 443 3074 484 3112; x_wconf 83' lang='lat' dir='ltr'><em>A</em></span> <span class='ocrx_word' id='word_1_395' title='bbox 508 3088 557 3115; x_wconf 85' lang='lat' dir='ltr'>ex</span> <span class='ocrx_word' id='word_1_396' title='bbox 575 3088 673 3115; x_wconf 82' lang='lat' dir='ltr'>corr.</span> <span class='ocrx_word' id='word_1_397' title='bbox 899 3086 950 3123; x_wconf 82' lang='lat'>25</span> <span class='ocrx_word' id='word_1_398' title='bbox 981 3075 1093 3124; x_wconf 87' lang='lat' dir='ltr'>quod</span> <span class='ocrx_word' id='word_1_399' title='bbox 1115 3070 1308 3113; x_wconf 79' lang='lat' dir='ltr'><em>ABKT:</em></span> <span class='ocrx_word' id='word_1_400' title='bbox 1340 3073 1438 3123; x_wconf 85' lang='lat' dir='ltr'>quia</span> <span class='ocrx_word' id='word_1_401' title='bbox 1461 3071 1496 3110; x_wconf 89' lang='lat' dir='ltr'>C</span> <span class='ocrx_word' id='word_1_402' title='bbox 1655 3084 1733 3122; x_wconf 87' lang='lat' dir='ltr'>pro</span> <span class='ocrx_word' id='word_1_403' title='bbox 1751 3083 1833 3109; x_wconf 84' lang='lat' dir='ltr'>om.</span> <span class='ocrx_word' id='word_1_404' title='bbox 1854 3068 1900 3107; x_wconf 94' lang='lat' dir='ltr'><em>K</em></span> <span class='ocrx_word' id='word_1_405' title='bbox 1918 3074 2023 3121; x_wconf 71' lang='lat' dir='ltr'>(non</span> <span class='ocrx_word' id='word_1_406' title='bbox 2042 3070 2106 3123; x_wconf 85' lang='lat' dir='ltr'>A)</span> 
     </span>
    </p>
   </div>
   <div class='ocr_carea' id='block_1_12' title="bbox 359 3127 800 3176">
    <p class='ocr_par' dir='ltr' id='par_1_13' title="bbox 359 3127 800 3176">
     <span class='ocr_line' id='line_1_42' title="bbox 359 3127 800 3176; baseline 0 -9"><span class='ocrx_word' id='word_1_407' title='bbox 359 3140 408 3176; x_wconf 85' lang='lat'>27</span> <span class='ocrx_word' id='word_1_408' title='bbox 439 3136 632 3170; x_wconf 85' lang='lat' dir='ltr'>vocatum</span> <span class='ocrx_word' id='word_1_409' title='bbox 653 3143 734 3168; x_wconf 81' lang='lat' dir='ltr'>om.</span> <span class='ocrx_word' id='word_1_410' title='bbox 763 3127 800 3167; x_wconf 88' lang='lat' dir='ltr'><em>T</em></span> 
     </span>
    </p>
   </div>
   <div class='ocr_carea' id='block_1_13' title="bbox 2138 2301 2184 2341">
    <p class='ocr_par' dir='ltr' id='par_1_14' title="bbox 2138 2301 2184 2341">
     <span class='ocr_line' id='line_1_43' title="bbox 2138 2301 2184 2341; baseline 0 0"><span class='ocrx_word' id='word_1_411' title='bbox 2138 2301 2184 2341; x_wconf 85' lang='lat'>25</span> 
     </span>
    </p>
   </div>
  </div>
 </body>
</html>
