2176 3424
1104 108 1375 156 ISIDORI

285 249 345 294 19
370 243 539 282 contra
565 244 815 297 serpentes
841 237 1079 284 laudatur.
1157 237 1292 285 Ebur
1322 255 1350 285 a
1377 238 1533 299 barro,
1562 239 1611 287 id
1637 250 1710 288 est
1735 242 2013 303 elephanto,
2044 242 2112 292 di-

369 326 519 364 ctum.
595 317 832 366 Horatius
859 316 1044 381 (Epod.
1069 336 1142 378 12,
1170 318 1245 381 1):

504 398 641 460 Quid
679 398 767 448 tibi
805 399 889 459 vis,
931 399 1117 459 mulier,
1157 400 1304 463 nigris
1341 401 1629 465 dignissima
1665 403 1855 452 barris?

287 492 343 531 V1
506 482 588 528 DE
625 495 842 531 GEMMIS.
918 483 1036 530 Post
1062 499 1358 531 marmorum
1389 501 1567 546 genera
1602 502 1827 548 gemmae
1864 495 2108 547 secuntur,

369 578 495 624 quae
522 565 731 612 multum
757 562 861 611 auri
894 565 1126 613 decorem
1160 565 1380 614 tribuunt
1414 576 1670 616 venustate
1703 570 1940 616 colorum.
2015 568 2111 616 Pri-
2135 585 2156 624 5

367 646 557 693 mordia
602 644 705 694 eius
741 662 769 693 a
806 663 925 709 rupe
964 647 1202 696 Caucaso.
1296 649 1511 698 Fabulae
1550 651 1711 699 ferunt
1759 652 2109 699 Prometheum

366 722 579 785 primum
606 725 931 787 fragmentum
959 725 1059 773 saxi
1086 725 1189 774 eius
1216 727 1471 777 inclusisse
1497 729 1622 777 ferro
1646 745 1704 777 ac
1729 728 1883 792 digito
1908 729 2110 778 circum-

311 819 341 853 2
365 806 522 864 dasse,
552 805 726 869 hisque
753 805 901 854 initiis
927 807 1150 870 coepisse
1174 811 1377 857 anulum
1408 820 1554 872 atque
1579 827 1840 874 gemmam.
1915 812 2109 860 Genera

362 903 669 949 gemmarum
718 888 1095 938 innumerabilia
1141 908 1248 940 esse
1295 894 1566 952 traduntur,
1611 909 1638 941 e
1686 893 1865 956 quibus
1915 910 2003 942 nos
2052 911 2108 943 ea

364 979 556 1018 tantum
606 988 733 1033 quae
786 971 1073 1035 principalia
1128 982 1241 1022 sunt
1289 975 1389 1023 sive
1437 974 1694 1024 notissima
1744 975 2104 1025 adnotavimus.
2136 990 2176 1018 1c

364 1049 607 1098 Gemmae
649 1059 852 1098 vocatae
891 1051 1028 1112 quod
1069 1050 1221 1100 instar
1258 1052 1446 1114 gummi
1482 1055 1826 1102 transluceant.
1902 1054 2108 1104 Pretiosi

363 1129 551 1193 lapides
589 1132 704 1180 ideo
739 1131 860 1180 dicti
894 1142 1008 1181 sunt
1042 1133 1157 1196 quia
1190 1151 1300 1183 care
1333 1136 1510 1194 valent,
1539 1134 1639 1184 sive
1669 1144 1723 1183 ut
1746 1153 1776 1184 a
1800 1135 1977 1185 vilibus
2010 1138 2108 1186 dis-

363 1211 496 1261 cerni
522 1213 726 1276 possint,
755 1230 841 1262 seu
867 1215 1003 1277 quod
1029 1215 1120 1263 rari
1146 1215 1256 1264 sint.
1330 1217 1495 1266 Omne
1526 1218 1658 1266 enim
1686 1219 1822 1280 quod
1847 1235 2009 1267 rarum
2035 1229 2108 1268 est

364 1311 597 1358 magnum
623 1304 671 1344 et
697 1294 965 1358 pretiosum
999 1306 1201 1346 vocatur
1223 1315 1236 1357 3
1273 1298 1396 1346 sicut
1434 1307 1481 1347 et
1506 1299 1557 1346 in
1591 1298 1830 1348 Samuelis
1857 1300 2108 1350 volumine

361 1375 534 1439 legitur
555 1377 601 1441 (1
625 1379 747 1441 Reg.
769 1394 811 1440 3,
836 1378 907 1442 1):
938 1380 1023 1426 ‘Et
1048 1395 1209 1427 sermo
1233 1380 1436 1427 Domini
1463 1379 1705 1443 pretiosus
1725 1390 1826 1430 erat
1852 1382 1902 1429 in
1923 1383 2106 1442 Israel‚'
2133 1406 2176 1446 15

361 1460 458 1507 hoc
483 1469 556 1507 est
581 1476 730 1508 rarus.
2018 1475 2022 1478 ’

255 1551 335 1590 VII
499 1543 583 1588 DE
609 1557 968 1590 V1R1D10R113vs
994 1557 1210 1591 GEMMIS.
1263 1544 1501 1593 Omnium
1521 1561 1826 1608 gemmarum
1847 1545 2105 1595 virentium

362 1624 646 1686 smaragdus
664 1623 993 1688 principatum
1011 1625 1175 1684 habet,
1188 1625 1267 1674 cui
1283 1636 1471 1675 veteres
1487 1628 1679 1676 tertiam
1696 1637 1808 1690 post
1825 1628 2104 1692 margaritas

361 1712 408 1751 et
434 1703 643 1754 uniones
678 1707 900 1755 tribuunt
929 1707 1234 1770 dignitatem.
1309 1710 1605 1771 Smaragdus
1629 1726 1658 1757 a
1682 1709 1834 1757 nimia
1863 1709 2105 1759 viriditate

360 1797 592 1849 vocatus3
625 1805 774 1838 omne
801 1791 933 1837 enim
960 1791 1074 1837 satis
1094 1788 1248 1838 viride
1271 1807 1492 1838 amarum
1519 1790 1708 1840 dicitur.
1783 1791 1945 1840 Nullis
1970 1794 2102 1841 enim
2130 1804 2176 1832 20

358 1871 566 1933 gemmis
614 1872 690 1919 vel
738 1871 902 1920 herbis
951 1869 1106 1918 maior
1154 1872 1268 1919 huic
1316 1873 1572 1920 austeritas
1620 1883 1724 1932 est,
1770 1890 1884 1920 nam
1929 1874 2104 1922 herbas

359 1951 568 2002 virentes
594 1954 895 2016 frondesque
919 1963 1189 2016 exsuperat,
1213 1955 1435 2003 inficiens
1461 1956 1590 2003 circa
1605 1972 1657 2004 se
1683 1955 1925 2005 viriditate
1949 1973 2105 2020 reper-

359 2051 558 2082 cussum
597 2051 775 2084 aerem.
862 2036 1211 2099 Sculpentibus
1250 2053 1450 2099 quoque
1491 2054 1711 2100 gemmas
1751 2039 1886 2086 nulla
1926 2039 2105 2101 gratior

360 2119 616 2166 oculorum
656 2117 856 2166 refectio
899 2126 986 2166 est.
1062 2117 1216 2168 Cuius
1255 2135 1433 2180 corpus
1472 2120 1510 2166 si
1554 2128 1807 2167 extentum
1847 2130 1933 2179 est,
1978 2122 2104 2170 sicut

360 2201 616 2262 speculum
659 2199 726 2247 ita
763 2199 1000 2262 imagines
1043 2199 1220 2249 reddit.
1293 2200 1493 2264 Quippe
1530 2203 1665 2250 Nero
1702 2203 1883 2251 Caesar
1917 2203 2103 2266 gladia·
2130 2221 2176 2260 ²5·

306 2294 338 2330 2
360 2291 522 2330 torum
549 2298 737 2345 pugnas
763 2281 814 2329 in
840 2283 1099 2346 smaragdo
1123 2283 1390 2345 spectabat.
1465 2283 1659 2332 Genera
1687 2283 1790 2332 eius
1820 2286 2100 2345 duodecim,

361 2365 447 2412 sed
496 2362 761 2412 nobiliores
809 2363 1036 2426 Scythici,
1089 2365 1173 2427 qui
1221 2364 1271 2412 in
1319 2364 1548 2427 Scythica
1587 2375 1733 2428 gente
1781 2366 2102 2429 reperiuntur.
2165 2419 2167 2423 ,

358 2446 643 2494 Secundum
681 2447 847 2494 locum
885 2455 1056 2494 tenent
1094 2445 1369 2494 Bactriani:
1408 2447 1704 2510 colliguntur
1740 2447 1947 2496 enimin
1971 2465 2103 2498 com-

356 2526 573 2576 missuris
600 2544 826 2575 saxorum
853 2529 1002 2576 fiante
1032 2527 1312 2590 Aquilone3
1348 2538 1466 2576 tunc
1492 2529 1624 2577 enim
1662 2531 1832 2578 tellure
1866 2532 2100 2594 deoperta

416 2672 433 2697 1
466 2658 674 2697 aelefanto
700 2658 756 2696 T:
788 2659 840 2697 ab
857 2658 1042 2696 elefanto
1063 2657 1128 2698 K:
1161 2658 1330 2697 elefanti
1353 2657 1394 2695 B
1557 2671 1582 2707 5
1612 2672 1713 2698 auro
1732 2660 1778 2699 K
1885 2661 2038 2700 decore
2058 2660 2104 2699 K

358 2719 624 2752 venustatem
645 2712 687 2749 B
855 2715 881 2750 6
912 2725 1115 2752 caucasea
1134 2713 1179 2751 K
1195 2727 1203 2751 :
1234 2714 1399 2752 caucasi
1419 2713 1527 2753 Plin.
1550 2715 1602 2753 N.
1626 2714 1682 2752 H.
1705 2727 1770 2764 37,
1793 2728 1817 2753 2
1930 2716 2100 2755 fuerunt

367 2768 404 2806 T
483 2782 505 2818 7
553 2767 792 2817 fragmenta
814 2767 859 2804 K
953 2769 978 2805 8
1006 2768 1073 2807 his
1094 2768 1163 2818 qui
1187 2767 1224 2805 T
1319 2782 1345 2818 9
1374 2767 1419 2819 e]
1442 2770 1494 2807 de
1510 2768 1556 2805 K
1656 2782 1701 2806 11
1734 2770 1829 2819 quia
1850 2769 1892 2807 in
1912 2770 2100 2808 instarB

366 2836 414 2872 13
443 2828 620 2872 possunt
639 2821 730 2860 ΒΟ
841 2836 917 2860 seu
939 2823 1036 2871 quia
1056 2822 1097 2859 Β
1211 2835 1305 2860 raro
1325 2821 1371 2859 K
1451 2829 1550 2862 sunt
1573 2822 1607 2861 C
1788 2836 1835 2872 14
1865 2824 1974 2863 sicut
1995 2825 2035 2863 in
2056 2823 2103 2862 K

365 2879 413 2916 18
444 2878 569 2916 cuius·
590 2877 627 2916 T
677 2877 926 2926 margaritos
946 2876 1052 2916 BlT
1137 2883 1391 2916 2o›vocatus
1413 2877 1490 2916 BC
1495 2877 1553 2917 T:
1584 2877 1719 2917 dictus
1738 2876 1784 2915 K
1873 2891 1925 2916 22
1954 2879 2098 2918 viridi-

361 2938 492 2972 tatem
512 2944 765 2982 repercusso
786 2945 885 2971 aere
905 2930 952 2969 K
1032 2944 1276 2982 percussum
1303 2931 1355 2970 Tl
1435 2945 1487 2981 23
1516 2932 1695 2983 gemmis
1714 2931 1756 2969 B
1828 2944 1879 2982 25
1908 2934 2099 2973 seculum

361 2985 408 3025 K
503 2987 740 3036 gladiorum
760 2985 806 3023 K
926 2988 979 3025 26
1008 2986 1282 3036 exspectabat
1300 2985 1342 3023 B
1469 3000 1520 3037 27
1550 2986 1748 3025 meliores
1766 2986 1813 3024 K
1909 2987 2101 3038 Scythici

361 3055 444 3080 om.
474 3040 510 3079 T
578 3041 766 3091 scithaga
785 3039 831 3078 K
919 3044 972 3080 28
1001 3042 1138 3081 locum
1159 3054 1241 3081 om.
1263 3039 1332 3079 K:
1361 3041 1496 3081 lucem
1517 3045 1566 3081 ut
1581 3041 1662 3081 vid.
1690 3040 1742 3080 Tl
1816 3042 2018 3082 bractiani
2038 3042 2095 3082 B¹

364 3097 662 3136 commissoriis
687 3096 725 3135 T
