2228 3444
378 142 1012 193 ETYMOLOGIARVM
1054 141 1182 187 LIB.
1223 141 1283 186 V.
1323 136 1653 186 xxxiv-xxxvii

142 278 320 340 quibus
346 274 595 324 fastidium
623 282 695 322 est
730 272 966 321 ciborum.
1044 269 1299 319 Hibernus
1326 278 1490 317 autem
1518 268 1642 316 inter
1667 266 1883 314 hiemem
1913 285 1942 333 7

142 370 189 409 et
214 376 417 408 vernum
444 367 530 417 est,
560 355 698 419 quasi
728 355 986 404 hievernus
1003 371 1013 413 3
1053 353 1136 416 qui
1162 354 1454 417 plerumque
1486 368 1515 399 a
1546 358 1681 413 parte
1706 357 1878 406 totum,

143 441 371 500 hiemem,
395 439 646 504 significat.
723 440 865 485 Haec
885 445 1107 499 tempora
1127 434 1329 498 singulis
1356 433 1502 482 etiam
1529 431 1650 481 caeli
1670 430 1889 494 partibus

147 523 503 574 adscribuntur.
584 524 683 569 Ver
726 518 908 583 quippe
945 517 1120 567 orienti
1158 519 1314 576 datur,
1353 514 1466 578 quia
1503 524 1621 562 tunc
1659 531 1717 561 ex
1752 512 1888 560 terris
1912 518 1943 564 8

104 607 313 669 5omnia
355 604 606 664 oriuntur3
648 611 806 650 aestas
850 617 965 650 vero
1009 599 1295 658 meridiano,
1343 614 1403 646 eo
1448 598 1583 660 quod
1628 613 1738 659 pars
1782 594 1885 643 eius

152 693 311 740 calore
347 686 625 751 flagrantior
661 684 757 745 sit3
792 683 950 732 hiems
985 681 1337 746 septemtrioni,
1367 698 1426 729 eo
1460 681 1596 743 quod
1631 677 1888 742 frigoribus

149 784 196 824 et
211 782 448 837 perpetuo
468 772 578 834 gelu
595 776 755 831 torpet
771 785 784 828 3
809 775 1075 815 autumnus
1101 764 1325 823 occiduo,
1350 772 1547 826 propter
1567 763 1703 825 quod
1723 778 1891 824 graves

151 855 350 903 morbos
382 852 546 910 habet,
574 851 708 899 unde
733 858 780 898 et
813 858 930 898 tunc
963 847 1125 896 omnis
1158 846 1274 895 folia
1306 846 1537 894 arborum
1563 843 1749 893 defluit.
1823 845 1890 890 Vt

146 948 310 989 autem
343 946 608 985 autumnus
642 933 862 980 abundet
897 930 1094 989 morbis,
1122 928 1236 977 facit
1269 930 1364 976 hoc
1399 928 1670 975 confinium
1706 924 1892 988 frigoris

77 1037 126 1065 10
149 1028 195 1068 et
221 1015 407 1074 caloris,
436 1024 482 1064 et
508 1010 875 1076 conpugnantia
901 1010 1026 1058 inter
1051 1026 1102 1058 se
1128 1007 1482 1057 contrariorum
1509 1023 1690 1055 aerum.

289 1100 371 1145 DE
407 1111 580 1144 ANNIS.
653 1097 829 1142 Annus
863 1102 937 1141 est
974 1091 1088 1140 solis
1122 1092 1382 1148 anfractus,
1412 1106 1526 1137 cum
1564 1086 1771 1151 peractis
1812 1095 1900 1134 tre-
1922 1092 2110 1132 XXXVI

152 1179 307 1231 centis
334 1177 583 1241 sexaginta
608 1175 827 1239 quinque
858 1174 1034 1223 diebus
1059 1175 1122 1222 ad
1149 1174 1325 1222 eadem
1358 1173 1468 1220 loca
1502 1170 1717 1220 siderum
1754 1167 1893 1218 redit.

151 1267 326 1312 Annus
346 1271 511 1311 autern
538 1259 698 1308 dictus
725 1258 839 1320 quia
860 1256 1112 1306 mensibus
1140 1255 1190 1302 in
1216 1272 1267 1304 se
1293 1252 1654 1303 recurrentibus
1671 1251 1895 1300 volvitur.

150 1347 298 1394 Vnde
323 1354 370 1393 et
395 1344 570 1391 anulus
599 1337 838 1407 [dicitur]‚
862 1339 1002 1402 quasi
1027 1355 1236 1396 annuus,
1259 1337 1309 1385 id
1337 1345 1409 1385 est
1435 1335 1659 1394 circulus,
1684 1335 1819 1397 quod
1845 1332 1895 1380 in

80 1444 125 1484 15
151 1444 202 1477 se
228 1428 393 1476 redeat
412 1444 424 1486 3
462 1421 564 1491 [ut]
591 1422 832 1486 Vergilius
856 1419 1060 1486 (Georg.
1083 1438 1122 1481 2,
1143 1420 1262 1485 402)
1284 1438 1291 1466 :

367 1508 533 1567 Atque
577 1503 627 1550 in
667 1518 719 1550 se
762 1518 849 1550 sua
890 1517 973 1563 per
1016 1498 1217 1562 vestigia
1258 1497 1466 1546 volvitur
1505 1513 1678 1545 annus.

153 1588 231 1637 Sic
275 1586 406 1636 enim
445 1586 578 1649 apud
618 1585 886 1647 Aegyptios
937 1580 1248 1630 indicabatur
1293 1589 1407 1628 ante
1458 1579 1680 1627 inventas
1718 1578 1900 1625 litteras
1925 1591 1955 1625 2

153 1657 286 1734 picto
328 1671 542 1718 dracone
580 1668 789 1716 caudam
839 1682 976 1713 suam
1030 1665 1300 1720 mordente,
1342 1662 1456 1725 quia
1498 1661 1549 1709 in
1592 1678 1644 1709 se
1686 1661 1898 1708 recurrit.

158 1752 255 1800 Alii
302 1768 487 1800 annum
536 1749 708 1799 dicunt
757 1749 846 1796 ἀπὸ
885 1751 965 1796 τοῦ
1009 1747 1327 1805 ἀνανεοῦσθαι,
1378 1745 1429 1793 id
1477 1753 1550 1792 est
1591 1743 1654 1790 ab
1704 1741 1902 1789 innova-

83 1853 134 1881 20
157 1834 324 1894 tione3
361 1841 621 1882 renovatur
660 1830 790 1879 enim
833 1846 1037 1893 semper.
1112 1828 1228 1876 Tria
1267 1836 1380 1875 sunt
1412 1836 1578 1874 autem
1609 1840 1790 1888 genera
1821 1833 1902 1870 an'-
1926 1838 1955 1884 3

159 1933 347 1965 norum.
423 1918 523 1963 Aut
563 1913 694 1963 enim
743 1912 924 1960 lunaris
972 1927 1131 1959 annus
1181 1920 1253 1959 est
1302 1908 1497 1972 triginta
1544 1906 1769 1966 dierum3
1820 1914 1903 1953 aut

160 1996 441 2056 solstitialis,
481 1996 565 2059 qui
608 1994 873 2045 duodecim
913 1993 1133 2043 continet
1185 2009 1416 2051 menseSJ
1463 1999 1547 2038 aut
1585 2005 1806 2052 magnus,
1850 2004 1902 2035 o-

160 2080 357 2128 mnibus
389 2078 598 2143 planetis
644 2079 691 2125 in
728 2078 941 2125 eundem
974 2078 1136 2124 locum
1171 2072 1546 2132 recurrentibUS‚
1583 2072 1667 2134 qui
1701 2072 1754 2118 fit
1793 2078 1903 2133 post

159 2177 316 2210 annos
342 2160 618 2210 solstitiales
635 2159 885 2223 plurimos.
959 2160 1089 2205 Aera
1109 2156 1409 2220 singulorum
1427 2170 1670 2202 annorum
1692 2161 1764 2201 est
1791 2168 1903 2200 con-
1926 2166 1958 2213 4

86 2262 134 2303 25
161 2245 329 2297 stituta
367 2261 394 2292 a
438 2245 647 2294 Caesare
691 2244 930 2304 Augusto,
971 2239 1172 2302 quando
1214 2237 1427 2301 primum
1469 2252 1622 2285 censu
1661 2234 1904 2298 exagitato

162 2331 444 2378 Romanum
481 2325 651 2374 orbem
689 2322 960 2386 descripsit.
1036 2321 1182 2370 Dicta
1217 2330 1381 2369 autem
1419 2337 1530 2368 aera
1568 2336 1624 2368 ex
1667 2335 1740 2378 eo,
1770 2318 1905 2381 quod

163 2410 323 2459 omnis
351 2407 482 2458 orbis
507 2424 589 2456 aes
614 2407 819 2456 reddere
844 2405 1093 2468 professus
1120 2412 1193 2453 est
1218 2401 1531 2465 reipublicae.

305 2494 385 2540 DE
429 2503 813 2539 OLYMPIADIBVS
858 2502 921 2535 ET
963 2501 1170 2534 LVSTRIS
1216 2501 1279 2533 ET
1325 2499 1559 2532 IVBILEIS.
1643 2482 1898 2547 Olympias
1929 2491 2141 2534 XXXVII

167 2576 299 2639 apud
324 2576 541 2623 Graecos
569 2570 834 2620 constituta
859 2570 991 2633 apud
1020 2567 1216 2617 Elidem
1238 2566 1474 2616 Graeciae
1500 2564 1761 2625 civitatem,
1787 2564 1905 2614 Eliis

224 2717 241 2744 1
274 2704 413 2744 hieme
447 2710 489 2743 et
519 2715 651 2742 verno
683 2701 785 2740 BT:
832 2701 999 2739 hiemen
1036 2705 1078 2739 et
1108 2710 1242 2737 verno
1277 2699 1346 2737 C¹z
1396 2698 1580 2737 hiemem
1614 2703 1656 2736 et
1688 2709 1831 2736 verem
1868 2695 1912 2734 K

170 2774 193 2799 2
218 2760 420 2799 hivernus
436 2759 470 2797 C
574 2763 663 2796 tota
684 2757 728 2795 K
834 2767 858 2804 5
886 2768 992 2794 mer.
1010 2755 1179 2804 quodK
1286 2756 1313 2792 6
1342 2753 1479 2792 hiems
1501 2784 1510 2793 .
1536 2782 1546 2793 .
1570 2783 1578 2792 .
1605 2758 1746 2802 torpet
1764 2752 1807 2790 in
1819 2752 1909 2801 fine

162 2815 420 2867 paragraphi
442 2811 479 2851 T
584 2814 610 2851 8
639 2810 845 2850 omnesK
953 2810 1052 2849 folio
1081 2808 1118 2846 T
1223 2809 1379 2848 defluet
1397 2805 1487 2846 KT
1595 2811 1649 2846 10'
1673 2807 1783 2846 intra
1803 2819 1849 2844 se
1870 2804 1911 2843 Β

173 2884 221 2909 12
251 2870 429 2908 eandem
450 2865 496 2905 K
504 2866 540 2906 T
643 2867 720 2906 sid.
739 2866 832 2904 loca
847 2865 890 2903 K
1022 2877 1069 2914 13
1099 2864 1362 2902 currentibus
1375 2861 1421 2901 K
1567 2875 1615 2911 14
1645 2861 1794 2900 dicitur
1812 2859 1902 2899 lzab.

168 2924 281 2964 BK:
311 2937 391 2963 om.
419 2922 497 2962 CT
674 2933 810 2960 anuus
830 2917 899 2958 K:
929 2932 1064 2958 annus
1094 2917 1131 2956 T
1339 2929 1387 2967 15
1417 2922 1463 2955 ut
1483 2917 1574 2956 hab.
1598 2912 1694 2955 CK:
1726 2928 1808 2955 om.
1829 2913 1914 2952 BT

174 2981 221 3017 18
250 2980 519 3018 mordentem
540 2976 653 3016 codd.
766 2974 882 3026 quia]
907 2975 976 3024 qui
997 2971 1043 3010 K
1173 2984 1222 3022 19
1251 2971 1345 3023 alii]
1366 2972 1426 3010 illi
1446 2968 1492 3009 K
1611 2971 1653 3008 id
1673 2975 1740 3008 est
1762 2982 1845 3008 om.
1869 2970 1911 3007 Β

178 3047 201 3072 a
221 3033 498 3073 renovatione
518 3030 565 3070 K
691 3043 742 3070 20
771 3029 952 3080 genera]
973 3034 1166 3078 tempora
1187 3025 1267 3065 BC
1392 3028 1444 3064 26
1474 3036 1737 3065 romanorum
1761 3025 1907 3063 urbem

175 3088 215 3126 A
322 3088 432 3126 dicta
453 3118 461 3127 .
487 3115 496 3126 .
524 3117 531 3126 .
554 3087 655 3136 reip.
679 3099 765 3124 om.
787 3083 861 3131 ΒῙθ
952 3096 1018 3122 au.
1041 3089 1104 3122 est
1125 3095 1197 3121 era
1227 3078 1263 3118 T
1367 3094 1419 3118 ex
1435 3094 1514 3119 om.
1539 3079 1578 3116 A
1694 3091 1746 3129 29
1773 3078 1906 3130 apud]

172 3149 298 3194 apoto
319 3141 363 3179 K
471 3142 591 3191 eolys
611 3155 678 3190 ag.
701 3140 769 3179 K:
799 3138 1131 3187 elisangentibus
1151 3135 1200 3176 Cl
