2228 3444
1089 177 1363 226 ISIDORI

355 323 458 353 non
477 323 664 354 nomen
690 306 912 364 deorum,
938 305 1025 353 sed
1047 304 1142 353 Dei
1163 320 1271 354 esse
1291 304 1582 365 ostenditur,
1607 304 1732 354 sicut
1749 305 1815 353 ait
1836 306 2107 368 Apostolus

355 387 403 452 (1
427 389 539 437 Cor.
561 391 604 446 8,
626 387 675 451 6)
698 407 706 436 ;
749 386 941 435 ‘Nobis
968 395 1137 435 tamen
1162 403 1289 435 unus
1324 388 1494 446 Deus,'
1519 388 1595 435 vel
1630 385 1754 436 sicut
1785 403 1908 436 voce
1941 386 2108 435 divina

356 468 534 518 dicitur
552 469 731 533 (Marc.
766 486 838 529 12,
869 468 950 534 29)
975 488 983 517 :
1024 467 1186 517 ‘Audi
1207 470 1372 528 Israel,
1396 467 1642 517 Dominus
1671 471 1808 518 Deus
1829 477 1941 517 tuus
1970 470 2106 517 Deus

356 568 482 599 unus
509 552 611 611 est,'
638 549 824 599 scilicet
851 558 903 598 ut
938 559 986 599 et
1016 549 1234 599 Trinitas
1261 549 1335 610 sit,
1360 559 1408 599 et
1434 567 1561 599 unus
1590 549 1836 599 Dominus
1865 553 2004 599 Deus
2030 549 2103 599 sit.

285 653 331 686 11
358 633 504 683 Fides
530 634 664 697 apud
690 635 909 682 Graecos
936 634 999 681 de
1019 632 1262 681 Trinitate
1287 634 1384 681 hoc
1413 633 1564 681 modo
1598 640 1701 681 est:
1739 649 1839 680 una
1871 634 2020 692 οὐσία,
2049 649 2107 680 ac
2133 648 2154 689 5

357 715 395 764 si
436 715 568 764 dicat
608 731 706 763 una
737 724 910 763 natura
949 723 1034 762 aut
1072 731 1169 763 una
1209 714 1455 764 essentia:
1495 723 1590 763 tres
1633 716 1930 775 ὑποστάσεις,
1970 716 2108 779 quod

278 818 333 852 12
357 807 552 846 resonat
579 796 628 844 in
656 796 889 845 Latinum
903 798 994 859 xvel
1020 806 1115 845 tres
1142 813 1378 860 personas
1398 797 1475 845 vel
1495 806 1590 845 tres
1612 796 1925 846 substantias.
1977 798 2108 846 Nam

357 879 598 928 Latinitas
625 878 820 943 proprie
845 896 948 927 non
970 878 1088 927 dicit
1114 880 1178 928 de
1197 881 1308 928 Deo
1334 877 1427 927 nisi
1450 878 1712 927 essentiam
1732 897 1745 940 ,·
1782 877 2106 928 substantiam

356 979 471 1011 vero
505 979 606 1010 non
641 960 837 1025 proprie
871 960 1006 1020 dicit,
1046 962 1133 1010 sed
1166 960 1370 1010 abusive
1389 980 1402 1022 ,¹
1435 960 1670 1024 quoniam
1699 978 1811 1011 vere
1838 960 2111 1010 substantia

355 1045 490 1108 apud
516 1044 735 1093 Graecos
762 1059 974 1106 persona
999 1042 1309 1107 intellegitur,
1337 1060 1438 1092 non
1464 1052 1651 1092 natura.
2137 1055 2186 1082 10

290 1141 329 1180 v
493 1127 577 1173 DE
615 1139 857 1174 ANGELIS.
930 1124 1109 1189 Angeli
1147 1127 1337 1174 Graece
1381 1133 1633 1184 vocantur,
1675 1123 1926 1173 Hebraice
1963 1125 2110 1172 mala-

357 1208 525 1266 choth,
555 1206 730 1256 Latine
765 1223 880 1256 vero
916 1206 1075 1255 nuntii
1110 1206 1504 1271 interpretantur,
1533 1207 1596 1256 ab
1636 1224 1695 1255 eo
1727 1207 1864 1270 quod
1903 1205 2108 1254 Domini

303 1307 334 1342 2
357 1291 664 1338 voluntatem
702 1288 899 1353 populis
937 1288 1180 1339 nuntiant.
1265 1291 1570 1353 Angelorum
1607 1298 1771 1338 autern
1811 1288 2107 1337 vocabulum

360 1371 507 1420 officii
543 1389 731 1420 nomen
770 1381 857 1431 est,
898 1389 1001 1420 non
1039 1381 1256 1420 naturae.
1333 1374 1537 1435 Semper
1575 1371 1705 1420 enim
1746 1369 1942 1434 spiritus
1980 1378 2107 1428 sunt,

304 1473 334 1519 3
359 1456 446 1503 sed
485 1471 598 1502 cum
637 1453 908 1513 mittuntur,
938 1463 1176 1502 vocantur
1211 1453 1386 1517 angeli.
1477 1453 1673 1515 Quibus
1715 1452 1829 1502 ideo
1866 1451 2108 1516 pictorum
2137 1466 2183 1507 15

356 1535 553 1584 licentia
586 1534 762 1599 pinnas
788 1534 989 1595 faciunt,
1027 1544 1079 1584 ut
1105 1536 1316 1584 celerem
1343 1552 1512 1584 eorum
1540 1534 1590 1583 in
1623 1543 1801 1583 cuncta
1834 1534 2109 1583 discursum

355 1616 647 1679 significent,
677 1615 803 1665 sicut
830 1627 878 1665 et
904 1616 1038 1665 iuxta
1062 1617 1254 1666 fabulas
1281 1626 1539 1681 poetarum
1567 1616 1700 1667 venti
1725 1616 1901 1680 pinnas
1927 1616 2110 1665 habere

356 1698 601 1760 dicuntur,
630 1708 830 1763 propter
847 1698 1160 1748 velocitatem
1187 1698 1386 1748 scilicet.
1460 1700 1609 1748 Vnde
1635 1708 1682 1748 et
1709 1697 1956 1762 Scriptura
1975 1714 2111 1746 sacra

357 1781 477 1830 dicit
513 1780 716 1846 (Psalm.
738 1798 843 1841 104,
859 1781 941 1847 3):
995 1780 1123 1842 ‘Qui
1165 1781 1388 1830 ambulat
1426 1798 1571 1844 super
1607 1780 1783 1844 pinnas
1820 1781 2110 1829 ventorum.'

299 1884 332 1931 4
359 1865 554 1913 Novem
581 1873 748 1911 autem
776 1880 884 1912 esse
910 1862 1109 1912 ordines
1135 1864 1421 1926 angelorum
1448 1880 1614 1912 sacrae
1639 1862 1917 1926 Scripturae
1933 1871 2111 1911 testan-
2134 1876 2182 1903 20

356 1955 446 2006 tur,
466 1945 516 1994 id
534 1954 607 1994 est
631 1944 807 2007 angeli,
827 1944 1120 2008 archangeli,
1146 1944 1324 2005 throni,
1345 1943 1730 2004 dominationes,
1750 1943 1965 2003 virtutes,
1985 1943 2112 2006 prin-

354 2027 559 2091 cipatus,
588 2035 871 2091 potestates,
900 2025 1156 2076 cherubim
1184 2036 1231 2075 et
1256 2026 1512 2091 seraphim.
1588 2029 1816 2088 Quorum
1836 2023 2108 2074 officiorum

302 2130 333 2179 5
356 2109 598 2158 vocabula
633 2126 719 2158 cur
752 2108 819 2158 ita
852 2108 985 2158 dicta
1015 2108 1126 2168 sint,
1155 2107 1853 2172 interpretando*exequimur.
1929 2106 2109 2171 Angeli

356 2200 594 2240 vocantur
618 2199 818 2254 propter
852 2192 989 2254 quod
1023 2192 1086 2240 de
1119 2189 1267 2240 caelis
1298 2192 1362 2239 ad
1395 2190 1796 2239 adnuntiandum
1822 2188 2109 2238 hominibus

296 2274 330 2320 6
356 2272 628 2322 mittuntur.
680 2274 902 2336 Angelus
923 2271 1056 2322 enim
1076 2274 1279 2333 Graece,
1301 2272 1476 2322 Latine
1493 2272 1696 2321 nuntius
1716 2271 1906 2321 dicitur.
1957 2273 2110 2320 Arch-
2134 2287 2182 2328 25

353 2355 513 2419 angeli
544 2357 734 2404 Graeca
768 2354 936 2419 lingua
968 2354 1151 2404 summi
1183 2354 1345 2403 nuntii
1378 2354 1773 2419 interpretantur.
1849 2352 1950 2415 Qui
1975 2352 2107 2402 enim

353 2455 500 2502 parva
536 2440 613 2486 vel
647 2437 853 2487 minima
885 2437 1198 2497 adnuntiant,
1234 2437 1396 2501 angeli
1415 2456 1427 2498 3
1465 2437 1550 2501 qui
1586 2453 1703 2487 vero
1741 2453 1949 2496 summa,
1975 2437 2133 2489 archa

351 2519 513 2583 angeli
561 2529 923 2583 nuncupantur.
1029 2518 1328 2583 Archangeli
1376 2518 1496 2568 dicti
1546 2536 1606 2568 eo
1657 2520 1795 2582 quod
1843 2517 2107 2582 primatum

408 2664 432 2699 4
463 2649 623 2688 scilicet
643 2663 726 2691 om.
750 2649 796 2687 K
970 2655 1012 2688 et
1034 2656 1079 2688 ut
1099 2650 1195 2689 trin.
1220 2648 1266 2687 K
1420 2651 1446 2687 6
1476 2648 1675 2698 ipostasis
1699 2649 1757 2687 C:
1787 2647 2020 2699 ippostasis
2039 2646 2107 2686 B:

352 2705 530 2754 ipotasis
551 2703 597 2741 K
603 2704 639 2742 T
798 2718 820 2753 7
852 2716 1057 2754 personas
1073 2705 1142 2743 vel
1161 2717 1244 2743 om.
1275 2702 1325 2741 Tl
1489 2705 1515 2742 8
1545 2703 1701 2743 dicitur
1726 2702 1764 2741 T
1923 2701 2110 2741 essentia

353 2760 399 2798 K
406 2760 443 2799 T
547 2773 573 2809 9
603 2772 690 2797 non
711 2772 791 2799 om.
819 2758 867 2798 C1
965 2759 1049 2799 dici
1069 2758 1176 2798 BT:
1206 2757 1354 2797 dicitur
1376 2757 1411 2796 C
1503 2771 1603 2797 vere
1624 2770 1675 2797 ex
1691 2770 1793 2796 vero
1815 2756 1851 2796 C
1961 2769 2010 2794 10
2038 2769 2107 2806 ap.

352 2815 427 2856 Gr.
448 2814 538 2853 secl.
559 2813 757 2852 Schwarz
946 2827 991 2852 11
1027 2812 1224 2852 hebraice
1245 2826 1293 2851 ex
1308 2812 1456 2851 hebrei
1476 2812 1517 2850 B
1660 2813 1729 2852 he.
1751 2813 1946 2851 dicuntur
1965 2823 2045 2849 ma.
2077 2811 2116 2850 T

352 2869 537 2908 malaoth
558 2866 703 2906 BCT:
733 2868 925 2908 molooth
947 2868 994 2906 K
1104 2881 1151 2918 13
1183 2867 1382 2907 nuntient
1402 2866 1448 2905 K
1535 2866 1741 2906 vocabula
1761 2865 1840 2905 BC
1931 2868 1981 2903 16
2010 2864 2110 2904 facit

354 2923 390 2962 C
501 2936 548 2972 17
569 2922 782 2972 significet
800 2923 836 2961 C
946 2925 995 2961 18
1014 2923 1177 2962 scilicet
1191 2935 1275 2962 om.
1288 2921 1335 2959 K
1351 2923 1455 2973 (non
1474 2921 1537 2974 A)
1650 2934 1703 2960 20
1721 2933 1805 2961 sac.
1823 2926 1867 2959 et
1885 2919 2010 2969 scrip.
2029 2919 2080 2958 Cl
2099 2934 2108 2958 :

351 2990 472 3017 sacra
493 2976 703 3027 scriptura
722 2976 770 3014 K
875 2983 1056 3018 testatur
1074 2976 1182 3015 B1K
1289 2989 1338 3016 21
1371 2977 1501 3027 princ.
1523 2982 1567 3016 et
1585 2981 1672 3026 pot.
1697 2974 1733 3014 C
1839 2987 1890 3023 23
1919 2973 1997 3025 ita]
2014 2975 2046 3014 it
2065 2973 2112 3012 K

354 3033 465 3072 dicta
487 3031 587 3071 CT:
617 3031 815 3071 distincta
835 3031 925 3070 ΒΚ
1085 3037 1184 3071 sunt
1212 3030 1249 3069 T
1421 3043 1682 3081 exequemur
1709 3028 1788 3068 Tl:
1819 3041 2108 3079 exsequamur

362 3088 425 3128 K2
497 3086 610 3136 Ang.
632 3099 734 3126 vero
754 3099 821 3125 vo.
845 3086 891 3124 K
907 3092 1001 3126 ante
1019 3100 1118 3128 corr.
1241 3097 1293 3135 25
1322 3085 1542 3125 mittantur
1558 3085 1594 3125 C
1701 3085 1763 3124 vel
1774 3081 1978 3134 Ἀγγελος
1992 3084 2107 3124 enim

358 3147 412 3183 26
436 3141 508 3181 Gr.
532 3141 633 3190 ling.
653 3155 736 3181 om.
757 3140 804 3179 K
823 3141 926 3191 (non
946 3142 987 3178 A
995 3142 1010 3192 )
1178 3153 1229 3190 27
1251 3153 1413 3180 summa
1449 3140 1486 3179 T
1661 3140 1714 3178 28
1741 3138 1987 3187 archangeli
2006 3137 2109 3179 dicti

354 3228 362 3237 .
390 3229 397 3238 .
418 3226 426 3236 .
451 3196 721 3245 cognovisset
744 3197 787 3248 (ξ
809 3197 834 3234 8
839 3208 854 3248 )
877 3195 1026 3240 desunt
1043 3195 1086 3234 in
1109 3195 1154 3234 K
1175 3195 1237 3248 <in
1261 3207 1340 3247 quo
1361 3208 1497 3235 novus
1517 3193 1730 3246 quaternio
1753 3207 1778 3233 ιι
1802 3196 1822 3242 ἕ
1846 3207 1872 3246 9
1893 3193 2050 3247 incipit)
