2176 3424
1132 181 1402 230 ISIDORI

398 307 552 357 Cuius
583 317 707 358 terra
741 308 858 357 olim
895 309 1067 372 ingens
1103 308 1191 358 fuit
1210 327 1224 370 3
1260 326 1374 358 nam
1408 309 1472 359 ab
1505 310 1694 362 oriente
1719 313 1878 375 India,
1904 331 1933 363 a
1957 323 2147 379 septen-

397 389 556 439 trione
597 407 683 454 per
727 392 932 455 paludes
976 391 1256 440 Maeotides
1299 391 1424 440 inter
1464 394 1752 443 Danubium
1795 404 1843 444 et
1886 396 2145 446 Oceanum

398 489 555 536 usque
591 475 655 522 ad
693 473 989 522 Germaniae
1027 474 1148 522 fines
1187 473 1539 537 porrigebatur.
1612 477 1790 526 Postea
1824 495 1940 527 vero
1987 478 2145 528 minor

396 556 583 615 effecta,
610 573 638 603 a
672 557 842 604 dextra
875 554 1078 604 orientis
1114 565 1265 618 parte,
1293 573 1392 619 qua
1422 557 1652 606 Oceanus
1687 558 1878 608 Sericus
1912 560 2143 622 tenditur,

396 654 552 700 usque
571 639 636 686 ad
658 655 791 686 mare
813 638 1064 701 Caspium,
1084 639 1220 700 quod
1241 646 1314 687 est
1329 639 1393 687 ad
1413 655 1645 688 occasum
1664 656 1675 698 ;
1701 640 1882 689 dehinc
1897 658 1926 690 a
1941 642 2146 691 meridie
2169 670 2176 710 Ξ

396 735 554 781 usque
580 721 644 768 ad
670 718 883 769 Caucasi
908 719 1079 783 iugum
1105 721 1321 768 deducta
1347 731 1432 780 est,
1462 722 1542 769 cui
1569 723 1790 771 subiacet
1806 723 2057 786 Hyrcania
2081 724 2145 772 ab

395 817 575 849 occasu
601 800 792 850 habens
818 801 996 865 pariter
1021 810 1192 866 gentes
1219 803 1411 863 multas,
1439 812 1638 866 propter
1662 813 1897 852 terrarum
1931 806 2146 854 infecun-

306 900 371 946 32
394 882 599 932 ditatem
642 885 739 932 late
779 893 1023 947 vagantes.
1099 886 1175 932 Ex
1214 883 1394 947 quibus
1437 887 1684 947 quaedam
1723 902 1864 948 agros
1907 886 2144 945 incolunt,

394 967 639 1028 quaedam
676 975 1028 1029 portentuosae
1065 983 1122 1014 ac
1159 975 1320 1015 truces
1357 966 1585 1015 carnibus
1623 967 1851 1016 humanis
1889 978 1937 1016 et
1973 985 2143 1017 eorum

390 1047 628 1110 sanguine
643 1047 827 1097 vivunt.
867 1046 1094 1112 Scythiae
1115 1050 1277 1112 plures
1295 1058 1448 1097 terrae
1465 1058 1578 1097 sunt
1597 1051 1881 1113 locupletes,
1905 1050 2144 1099 inhabita·
2170 1076 2176 1104 η

390 1129 514 1178 biles
539 1139 707 1179 tamen
732 1132 895 1193 plures
913 1149 925 1191 3
963 1147 1078 1179 nam
1100 1131 1221 1178 dum
1241 1129 1290 1178 in
1320 1132 1566 1194 plerisque
1585 1131 1705 1179 locis
1725 1148 1844 1180 auro
1864 1141 1911 1181 et
1935 1132 2143 1195 gemmis

390 1213 606 1271 affluant,
649 1214 947 1277 gryphorum
988 1211 1279 1261 inmanitate
1323 1229 1549 1261 accessus
1588 1212 1848 1261 hominum
1888 1230 2021 1262 rarus
2054 1224 2141 1263 est.

392 1294 671 1358 Smaragdis
692 1303 858 1343 autem
880 1293 1079 1357 optimis
1101 1295 1223 1342 haec
1251 1294 1405 1357 patria
1425 1303 1498 1343 est
1518 1314 1528 1343 :
1563 1311 1775 1358 cyaneus
1795 1312 1995 1359 quoque
2020 1295 2142 1359 lapis

393 1385 440 1424 et
465 1378 719 1439 crystallus
744 1376 1035 1439 purissimus
1062 1375 1290 1438 Scythiae
1316 1385 1403 1425 est.
1466 1378 1637 1425 Habet
1663 1385 1710 1425 et
1736 1378 1940 1426 flumina
1965 1394 2143 1441 magna

305 1473 368 1521 33
395 1460 734 1518 Moschorum,
773 1459 1023 1507 Phasiden
1056 1467 1206 1521 atque
1241 1461 1449 1508 Araxen.
1526 1459 1775 1522 Hyrcania
1809 1460 1941 1508 dicta
1969 1477 1997 1507 a
2022 1461 2176 1512 silva]

394 1543 641 1603 Hyrcana,
670 1557 798 1604 quae
823 1540 1054 1603 Scythiae
1081 1540 1315 1600 subiacet,
1344 1541 1533 1590 habens
1570 1542 1633 1589 ab
1670 1540 1858 1589 oriente
1887 1558 2020 1590 mare
2047 1542 2140 1591 Ca-

391 1622 567 1685 spium,
586 1639 614 1670 a
631 1621 835 1671 meridie
855 1621 1157 1682 Armeniam,
1179 1639 1208 1670 a
1228 1622 1562 1685 septentrione
1580 1622 1858 1683 Albaniam,
1877 1622 1940 1671 ab
1961 1639 2140 1672 occasu

390 1704 617 1753 Iberiam.
692 1706 782 1752 Est
807 1713 972 1753 autem
1011 1703 1141 1752 silvis
1177 1721 1361 1768 aspera,
1390 1704 1592 1767 copiosa
1628 1704 1910 1753 inmanibus
1935 1705 2060 1764 feris,
2089 1706 2142 1753 ti—

388 1786 555 1849 gribus
580 1786 931 1849 pantherisque
957 1796 1004 1835 et
1030 1787 1208 1849 pardis.
1282 1789 1361 1835 De
1381 1803 1478 1850 qua
1497 1786 1739 1850 Vergilius
1760 1786 1906 1852 (Aen.
1927 1804 1971 1847 4,
1991 1790 2051 1849 36
2061 1786 2138 1851 7):

736 1871 1101 1931 Hyrcanaeque
1137 1870 1402 1917 admorunt
1440 1869 1592 1917 ubera
1629 1868 1789 1931 tigres,

303 1965 366 2012 34
390 1950 605 1999 Albania
646 1967 674 1999 a
716 1952 881 1999 colore
924 1952 1094 2014 populi
1132 1959 1430 2015 nuncupata,
1470 1967 1530 2000 eo
1568 1952 1704 2013 quod
1741 1951 1852 1998 alba
1888 1952 2021 2000 crine
2059 1968 2139 2000 na-

391 2042 601 2081 scantur.
665 2035 810 2081 Haec
839 2033 904 2081 ab
929 2033 1118 2081 oriente
1149 2034 1241 2082 sub
1266 2049 1401 2082 mare
1428 2033 1666 2096 Caspium
1701 2049 1915 2095 surgens,
1943 2049 2030 2095 per
2055 2050 2138 2083 ora

391 2114 581 2164 Oceani
607 2114 1003 2178 septentrionalis
1030 2131 1187 2178 usque
1212 2116 1276 2163 ad
1299 2114 1580 2164 Maeotides
1605 2115 1811 2177 paludes
1836 2130 1922 2177 per
1946 2116 2138 2164 deserta

390 2205 438 2245 et
474 2196 660 2244 inculta
696 2196 988 2245 extenditur.
1064 2197 1200 2245 Huic
1237 2207 1392 2245 terrae
1428 2214 1575 2246 canes
1612 2196 1834 2260 ingentes
1872 2206 2000 2255 sunt,
2036 2207 2136 2246 tan-

303 2291 367 2341 35
389 2287 568 2341 taeque
594 2277 795 2327 feritatis
822 2287 875 2326 ut
900 2286 1064 2327 tauros
1101 2288 1340 2342 premant,
1367 2281 1536 2328 leones
1573 2280 1828 2342 perimant.
1900 2281 2134 2328 Armenia
2160 2310 2176 2330 ψ

389 2369 673 2423 nuncupata
697 2361 761 2408 ab
782 2363 1003 2409 Armeno
1030 2360 1223 2410 Iasonis
1240 2362 1465 2410 Thessali
1491 2361 1685 2420 comite,
1709 2360 1793 2424 qui
1817 2359 2000 2409 amisso
2023 2378 2142 2425 rege·

391 2444 570 2490 Iasone
595 2443 802 2491 collecta
827 2442 1144 2492 multitudine
1169 2442 1286 2502 eius,
1316 2459 1442 2506 quae
1466 2444 1648 2506 passim
1666 2443 1944 2506 vagabatur,
1966 2445 2133 2492 Arme-

386 2525 519 2572 niam
547 2523 691 2586 cepit,
720 2533 767 2572 et
793 2541 850 2572 ex
875 2541 966 2573 suo
991 2524 1193 2573 nomine
1217 2526 1537 2587 nuncupavit.
1597 2524 1700 2573 Sita
1723 2534 1796 2573 est
1819 2534 1984 2574 autem
2010 2525 2136 2574 inter

448 2667 465 2693 1
489 2653 631 2692 indiae
651 2654 743 2703 (—ie)
760 2653 841 2693 Kc
857 2654 952 2705 (pro
974 2655 1091 2693 India
1112 2661 1174 2694 est
1190 2654 1222 2706 2)
1243 2669 1252 2693 t
1275 2654 1395 2693 India
1410 2654 1715 2693 terminabatur
1730 2653 1930 2694 Schwarz
2021 2668 2045 2704 3
2067 2669 2129 2696 us.
2162 2665 2175 2668 ’

390 2710 444 2748 ad
465 2709 604 2748 Germ.
626 2721 706 2747 om.
736 2708 773 2745 T
917 2723 941 2759 4
970 2722 1080 2759 quae
1109 2708 1147 2746 T
1251 2709 1404 2748 siricus
1426 2707 1550 2747 BCT
1689 2721 1713 2758 5
1744 2710 1796 2748 ad
1818 2709 2037 2748 meridiem
2060 2710 2138 2750 CT

390 2767 417 2803 6
445 2762 532 2814 cui]
557 2763 674 2801 cuius
695 2762 736 2800 Β
746 2762 782 2800 T
899 2777 920 2813 7
952 2765 1158 2803 habentes
1178 2762 1257 2802 BC
1364 2763 1524 2814 pariter
1543 2776 1626 2803 om.
1651 2762 1698 2801 K
1814 2765 1840 2802 8
1869 2770 2069 2803 vacantes
2087 2764 2135 2802 K

395 2832 444 2858 10
471 2819 616 2856 vivant
651 2817 708 2855 Bl
897 2831 945 2857 12
974 2819 1151 2857 affluunt
1187 2817 1274 2856 ΒΚ
1393 2831 1453 2868 gr.
1499 2819 1542 2856 in
1581 2818 1681 2858 inm.
1727 2818 1766 2857 T
1882 2819 2063 2858 hominis
2098 2818 2134 2858 C

395 2886 444 2923 13
473 2874 647 2912 cinaeus
685 2871 771 2911 B¹:
815 2874 960 2911 cineus
1005 2873 1043 2911 T
1230 2884 1278 2922 15
1308 2885 1503 2912 oscorum
1542 2872 1651 2912 codd.
1804 2873 2050 2922 hircanique
2086 2873 2134 2911 K
2155 2911 2171 2915 ,

391 2942 444 2968 2ο
471 2939 683 2967 armorum
712 2925 750 2963 T
854 2928 922 2967 ub.
945 2927 1012 2979 ti.]
1034 2927 1211 2977 tigribus
1232 2927 1351 2976 ignes
1372 2926 1414 2964 Β
1522 2940 1571 2965 21
1603 2927 1698 2966 albo
1722 2925 1799 2965 CT
1901 2934 2130 2968 nascuntur

390 2982 435 3020 K
613 2995 666 3020 22
695 2981 798 3020 mari
838 2983 982 3032 caspio
1025 2981 1071 3019 K
1206 2995 1281 3020 ora
1319 2995 1401 3021 om.
1445 2980 1491 3019 K
1667 2993 1719 3030 23
1747 2981 2050 3031 septentrionis
2089 2981 2171 3022 Β

390 3049 441 3086 24
471 3037 710 3076 ostenditur
742 3035 782 3074 Β
919 3042 1064 3076 tantae
1102 3035 1149 3073 K
1339 3048 1391 3086 25
1421 3035 1611 3075 veritatis
1654 3034 1706 3072 T1
1732 3050 1741 3074 ε
1787 3035 2037 3076 severitates
2079 3034 2156 3086 TU

390 3093 443 3129 26
471 3092 622 3130 tessari
641 3090 730 3129 ΒΚ
891 3103 941 3140 27
975 3092 1056 3132 Ias.
1092 3097 1133 3130 et
1154 3091 1247 3132 coll.
1269 3090 1315 3128 K
1331 3107 1339 3131 :
1370 3091 1492 3130 Iason
1515 3096 1556 3130 et
1577 3089 1670 3129 coll.
1694 3089 1736 3127 Β
1843 3091 2067 3131 vacabatur
2084 3088 2132 3131 K
2143 3083 2165 3133 -ῗ

390 3146 442 3184 28
471 3159 562 3196 cep.
586 3159 639 3185 ex
667 3145 705 3183 T
