2176 3424
400 112 1029 160 ETYMOLOGIARVM
1069 115 1198 163 LIB.
1238 115 1348 161 XX.
1387 113 1515 161 iv-vi

37 246 44 255 ‘
85 235 160 283 vel
186 235 320 297 quod
355 242 579 297 patentes
610 243 724 283 sunt
756 233 1100 299 dispansisque
1131 235 1293 285 labris,
1365 235 1567 285 Cratera
1601 235 1726 284 calix
1757 244 1831 284 est
1858 254 1887 300 3

83 316 205 363 duas
230 315 420 364 habens
445 331 602 374 ansas,
632 324 679 364 et
699 324 771 364 est
799 316 1044 364 Graecum
1070 334 1270 366 nomen.
1346 319 1636 366 Declinatur
1659 326 1827 365 autem

80 397 214 460 apud
240 413 324 445 eos
349 395 429 444 hic
454 406 609 445 crater
627 415 640 456 ,·
677 414 792 445 narn
831 397 1004 446 Latine
1039 400 1161 446 haec
1195 408 1381 447 cratera
1410 397 1604 447 dicitur.
1679 400 1828 447 Vnde

84 477 276 526 Persius
303 476 367 541 (2,
390 477 502 541 51):

36 587 58 627 5
347 561 351 564 ’
621 560 669 607 Si
707 558 797 607 tibi
833 568 1042 608 crateras
1079 560 1266 623 argenti
1284 578 1297 620 3

83 639 324 702 Vergilius
351 639 497 703 (Aen.
524 658 561 700 1,
586 639 700 704 724)
722 659 731 688 ε

338 721 563 771 Crateras
601 738 781 784 magno
818 730 1039 771 statuunt
1077 732 1124 771 et
1161 722 1275 771 vina
1311 731 1568 771 coronant.

83 803 291 851 Fiebant
327 812 492 851 autem
535 802 746 866 primum
777 820 805 851 a
842 803 1202 853 conexionibus
1236 804 1566 867 virgularum3
1603 805 1738 853 unde
1782 814 1830 853 et

79 886 240 933 dictae
265 894 478 932 craterae
503 887 594 934 ἀπὸ
619 888 700 933 τοῦ
732 888 925 948 κρατεῖν,
954 885 1004 934 id
1031 895 1104 934 est
1130 888 1266 949 quod
1292 903 1344 935 se
1370 885 1584 934 invicem
1610 895 1824 934 teneant.

3 992 57 1020 ,10
81 967 256 1030 Cyathi
283 983 494 1029 quoque,
518 967 702 1030 scyphi,
731 967 939 1029 cymbia,
969 976 1016 1016 et
1042 967 1147 1030 ipsa
1171 970 1464 1031 poculorum
1491 977 1606 1016 sunt
1632 983 1825 1030 genera.
1851 986 1882 1032 4

82 1049 155 1095 Ex
195 1047 373 1110 quibus
413 1048 609 1111 cymbia
639 1050 817 1112 pocula
849 1050 980 1097 dicta
1014 1058 1127 1098 sunt
1166 1066 1223 1098 ex
1261 1049 1584 1099 similitudine
1621 1049 1828 1113 cymbae

79 1128 229 1178 navis.
301 1129 518 1192 Amystis
546 1129 733 1192 species
759 1130 925 1193 poculi
951 1147 1048 1193 qua
1079 1130 1283 1192 ductim,
1311 1131 1362 1180 id
1396 1141 1469 1181 est
1502 1149 1603 1180 uno
1640 1130 1824 1194 spiritu,

80 1210 277 1259 bibitur.
331 1213 525 1260 Baccea
552 1211 764 1275 primum
789 1228 818 1260 a
845 1213 1059 1272 Baccho,
1088 1214 1224 1274 quod
1251 1222 1323 1261 est
1349 1212 1530 1272 vinum,
1560 1213 1826 1271 nominata,

78 1300 248 1354 postea
273 1293 322 1339 in
349 1292 517 1340 usibus
553 1291 764 1355 aquariis
790 1292 995 1341 transiit.
1069 1293 1263 1343 Calices
1298 1303 1346 1343 et
1385 1293 1566 1342 calathi
1593 1303 1641 1342 et
1668 1294 1828 1342 scalae
1849 1309 1879 1357 5

12 1394 56 1435 ¹5
78 1375 369 1435 poculorum
393 1390 585 1436 genera,
615 1384 759 1423 antea.
786 1391 843 1423 ex
869 1374 1002 1437 ligno
1030 1375 1170 1435 facta,
1200 1377 1318 1425 inde
1344 1385 1390 1424 et
1416 1385 1591 1424 vocata
1614 1394 1626 1436 3
1650 1375 1829 1424 Graeci

81 1454 210 1502 enim
239 1472 388 1504 omne
413 1455 599 1518 lignum
628 1461 750 1505 κᾶλα
769 1456 1015 1505 dicebant.
1067 1459 1303 1520 Ampulla
1324 1457 1464 1520 quasi
1490 1459 1654 1520 ampla
1673 1457 1831 1505 bulla:

81 1536 249 1585 similis
292 1546 364 1585 est
407 1537 537 1586 enim
582 1538 882 1587 rotunditate
924 1538 1070 1587 bullis
1104 1555 1230 1602 quae
1269 1556 1327 1588 ex
1365 1539 1551 1602 spumis
1590 1555 1827 1602 aquarum

80 1619 203 1666 fiunt
228 1626 376 1680 atque
402 1620 467 1666 ita
492 1618 723 1668 inflantur
748 1629 910 1668 vent0.

216 1702 298 1747 DE
323 1715 464 1748 VASIS
491 1716 724 1750 VINARIIS
753 1717 817 1749 ET
842 1717 1104 1758 AQvARus.
1180 1703 1543 1766 Oenophorum
1568 1718 1651 1751 vas
1669 1703 1829 1751 ferens
1855 1710 1913 1749 VI

9 1802 57 1828 20
81 1781 247 1830 vinum
271 1801 283 1842 3
320 1782 439 1834 οἶνος
464 1782 595 1831 enim
622 1783 791 1831 vinum
818 1793 903 1832 est.
981 1786 1059 1832 De
1085 1801 1186 1846 quo
1211 1794 1284 1833 est
1310 1784 1431 1833 illud
1459 1783 1635 1848 (Lucil.
1666 1783 1778 1847 139)
1804 1803 1812 1831 z

314 1863 532 1912 Vertitur
569 1865 843 1927 oenophori
880 1867 1077 1926 fundus,
1118 1866 1362 1915 sententia
1398 1866 1557 1914 nobis.

82 1947 283 1994 Flascae
323 1961 380 1993 ex
423 1946 615 1994 Graeco
658 1946 902 1995 vocabulo
943 1946 1117 1996 dictae.
1194 1950 1337 1996 Haec
1374 1964 1462 2010 pro
1499 1947 1736 1997 vehendis
1773 1965 1831 1996 ac
1856 1959 1887 1994 2

80 2026 408 2075 recondendis
451 2027 573 2075 fialis
611 2027 822 2090 primum
864 2030 1019 2076 factae
1059 2038 1186 2088 sunt,
1226 2031 1360 2077 unde
1398 2039 1445 2077 et
1484 2039 1797 2092 nuncupatae
1819 2049 1831 2090 3

80 2117 250 2170 postea
271 2107 319 2154 in
342 2124 485 2155 usum
510 2107 609 2156 vini
627 2110 933 2169 transierunt,
958 2119 1190 2159 manente
1211 2111 1403 2159 Graeco
1428 2111 1671 2160 vocabulo
1698 2113 1830 2160 unde

10 2207 58 2248 25
82 2198 395 2251 sumpserunt
428 2188 636 2237 initium.
710 2192 940 2253 Lagoena
966 2199 1013 2239 et
1048 2192 1212 2240 Sicula
1249 2193 1439 2241 Graeca
1471 2191 1676 2240 nomina
1701 2201 1828 2252 sunt,
1855 2204 1884 2249 3

82 2269 257 2317 inflexa
299 2286 357 2318 ex
400 2279 535 2333 parte
582 2280 634 2319 ut
681 2272 854 2319 fierent
904 2271 1091 2320 Latina.
1169 2272 1247 2320 Illi
1290 2272 1421 2320 enirn
1471 2275 1687 2339 λάγηνος,
1738 2290 1829 2321 nos

82 2352 318 2414 lagoena3
354 2351 421 2399 illi
441 2353 625 2414 Σικελή,
648 2369 738 2401 nos
760 2351 974 2400 Siculam
1001 2352 1224 2402 dicimus,
1288 2353 1581 2403 Cantharus.
1639 2354 1831 2418 Hydria
1854 2363 1886 2409 4

137 2494 162 2529 3
194 2493 262 2519 un.
284 2486 326 2519 et
347 2480 465 2521 Pers.
501 2481 537 2519 T
709 2494 732 2530 5
763 2482 807 2520 ti.
831 2487 1018 2520 crateres
1041 2482 1075 2520 C
1251 2496 1270 2531 7
1303 2496 1480 2532 magnos
1503 2484 1538 2523 C
1555 2485 1668 2533 (cum
1696 2484 1830 2535 Virg.)

83 2535 203 2573 vinas
224 2533 270 2572 K
388 2537 413 2573 8
443 2536 675 2575 conexibus
697 2536 847 2584 Bfort.
867 2541 959 2575 recte
980 2537 1083 2587 (non
1102 2536 1207 2587 FN)
1292 2538 1565 2585 virgultarum
1590 2538 1644 2576 T:
1674 2538 1832 2588 virgul-

84 2595 219 2628 torum
238 2588 328 2628 KN
433 2603 504 2630 un.
526 2591 606 2629 dic.
632 2589 668 2628 C
801 2604 827 2639 9
857 2592 990 2630 cratin
1011 2590 1122 2629 codd.
1267 2604 1315 2630 10
1343 2591 1451 2630 Ciati
1471 2591 1578 2631 BT:
1608 2593 1750 2631 Chiati
1773 2593 1833 2632 C:

85 2644 194 2682 Caiti
211 2643 256 2680 K
312 2657 380 2694 qu.
399 2650 440 2683 et
457 2657 515 2684 sc.
535 2644 571 2683 C
637 2645 726 2683 scifi
747 2644 890 2684 BCK:
920 2645 1023 2684 scivi
1048 2645 1085 2682 T
1157 2659 1205 2684 12
1237 2645 1410 2685 Emistis
1423 2646 1562 2686 BCT:
1593 2646 1836 2686 EmistesK

85 2698 237 2736 dictum
268 2697 323 2735 T1
517 2711 566 2747 13
598 2699 767 2737 Bachea
790 2699 824 2736 C
1012 2699 1141 2738 bacco
1164 2699 1294 2737 ΒΚΤ
1499 2713 1546 2750 14
1577 2714 1779 2750 aquarum
1802 2701 1838 2740 C

86 2752 238 2791 transit
276 2752 317 2790 Β
454 2754 578 2792 calati
609 2753 722 2793 codd.
930 2755 978 2792 16
1007 2753 1151 2804 omne]
1194 2755 1367 2793 nomine
1401 2755 1442 2793 Β
1577 2755 1763 2805 Anpulla
1804 2756 1841 2794 T

93 2818 138 2855 17
167 2806 302 2845 simile
322 2806 364 2844 Β
519 2809 567 2846 18
597 2808 655 2845 ita
676 2820 757 2846 om.
784 2808 818 2847 C
966 2809 1136 2847 inflatur
1155 2808 1242 2846 BT
1392 2822 1442 2859 19
1470 2810 1696 2848 Enoforum
1719 2809 1830 2851 codd.

90 2873 140 2898 20
171 2858 294 2912 οἶνος]
318 2874 400 2900 eno
421 2860 568 2900 BCK:
598 2861 640 2900 in
662 2874 713 2900 eo
741 2861 778 2899 T
935 2863 1035 2901 vino
1063 2862 1100 2900 T
1287 2876 1333 2902 21
1369 2864 1529 2904 enofori
1549 2863 1840 2902 BFKNTUV

91 2914 225 2954 Mon.:
253 2915 425 2954 enoforo
449 2914 505 2955 C:
535 2917 739 2955 enoforus
759 2915 800 2954 P
975 2929 1026 2966 23
1057 2916 1174 2956 fialas
1195 2915 1236 2954 B
1409 2930 1461 2967 25
1493 2918 1691 2968 Laguena
1709 2918 1798 2957 ΒΚ
1805 2918 1843 2957 T

93 2970 145 3007 26
173 2968 293 3019 λαγ,]
313 2969 478 3019 laginos
495 2970 608 3011 codd.
758 2983 807 3019 27
839 2971 1019 3020 laguena
1039 2971 1127 3008 ΒΚ
1134 2970 1194 3010 T:
1225 2971 1400 3022 lagaena
1423 2973 1458 3010 C
1575 2973 1683 3024 Σικ.]
1706 2973 1835 3012 sicele

93 3023 156 3061 B:
189 3022 310 3061 sicile
335 3023 413 3062 CK
418 3022 456 3060 T
625 3024 807 3063 seculam
821 3025 867 3063 K
1045 3025 1255 3064 Cantarus
1267 3026 1378 3067 codd.
1519 3027 1594 3066 Ca.
1611 3039 1688 3066 vas
1705 3029 1837 3077 quod-

94 3078 202 3116 dam.
260 3075 483 3126 Vergilius.
543 3078 597 3116 Et
618 3078 760 3127 gravis
779 3079 1047 3129 adpendebat
1075 3085 1270 3119 cantarus
1293 3082 1358 3133 (ex
1373 3081 1445 3132 -is)
1467 3095 1571 3120 ansa
1598 3081 1635 3119 T
1648 3081 1751 3132 <non
1777 3082 1836 3134 U)
