2228 3444
503 148 1136 199 ETYMOLOGIARVM
1178 148 1305 195 LIB.
1347 148 1405 194 V,
1446 146 1571 195 xxvii

168 284 468 347 flagellorum
509 290 636 340 sunt,
673 281 736 329 ab
777 280 1011 343 agitando
1049 278 1221 327 vocati.
1310 279 1535 341 Vngulae
1572 277 1732 328 dictae
1769 281 1905 343 quod
1933 294 2000 331 20

171 366 420 416 effodiant.
496 366 639 413 Haec
664 371 712 412 et
738 361 979 420 fidiculae,
997 360 1112 423 quia
1136 360 1211 408 his
1237 359 1305 409 rei
1330 359 1380 408 in
1406 361 1578 409 eculeo
1603 369 1907 424 torquentur,

173 458 226 498 ut
240 450 362 497 fides
379 446 665 495 inveniatur.
731 445 944 493 Eculeus
960 451 1127 491 autem
1148 443 1309 491 dictus
1329 443 1465 505 quod
1482 444 1728 492 extendat.
1790 448 1910 493 Tor·
1937 456 2006 503 21,
2035 455 2100 490 22

174 539 340 579 menta
358 545 488 587 vero,
509 529 645 592 quod
665 526 944 590 torquendo
962 532 1179 573 mentem
1197 523 1462 572 inveniant.
1538 526 1627 572 Est
1644 533 1692 574 et
1709 526 1910 575 latomia
1939 539 2003 584 23

121 637 141 676 5
169 611 393 676 supplicii
418 628 572 675 genus
597 611 661 659 ad
694 608 1054 659 verberandum
1079 615 1264 670 aptum,
1292 607 1547 654 inventum
1578 623 1606 655 a
1635 608 1908 670 Tarquinio

177 695 401 759 Superbo
430 696 494 743 ad
520 710 734 758 poenam
767 693 1127 740 sceleratorum.
1204 690 1306 737 Iste
1338 687 1472 736 enim
1504 688 1634 752 prior
1663 689 1902 749 latomias,

170 786 429 835 tormenta,
464 777 630 834 fustes,
666 774 862 824 metalla
896 780 1045 834 atque
1082 770 1225 820 exilia
1257 769 1525 828 adinvenit,
1559 779 1607 819 et
1643 772 1747 835 ipse
1784 772 1913 834 prior

177 859 370 923 regibus
396 859 593 908 exilium
618 857 809 906 meruit.
881 852 1025 901 Talio
1051 861 1123 901 est
1148 851 1419 900 similitudo
1445 851 1706 911 vindictae,
1733 862 1785 902 ut
1811 854 1912 902 tali·
1942 861 2008 908 24

174 950 245 990 ter
270 941 377 1004 quis
402 939 611 1004 patiatur
636 947 689 987 ut
713 937 839 987 fecit.
916 937 1033 983 Hoc
1053 933 1185 983 enim
1211 943 1259 982 et
1283 942 1457 982 natura
1483 942 1531 982 et
1554 935 1661 998 lege
1687 944 1759 984 est
1783 935 1914 984 insti-

99 1048 146 1075 10
170 1031 343 1082 tutum,
370 1031 422 1071 ut
450 1023 756 1071 ‘laedentem
783 1017 952 1067 similis
977 1017 1196 1066 vindicta
1221 1017 1483 1078 sequatur.'
1543 1018 1690 1066 Vnde
1716 1026 1763 1067 et
1789 1017 1911 1067 illud

171 1116 244 1156 est
263 1106 382 1169 legis
403 1104 604 1169 (Matth.
627 1118 668 1167 5,
690 1101 773 1167 38)
798 1121 806 1150 :
841 1105 850 1125 ‘
873 1101 1087 1149 Oculum
1108 1115 1197 1161 pro
1218 1099 1377 1156 oculo,
1398 1099 1601 1148 dentem
1622 1116 1710 1163 pro
1731 1101 1911 1149 dente.'

174 1188 319 1238 Talio
343 1196 507 1236 autem
534 1203 636 1234 non
663 1186 821 1233 solum
846 1184 910 1231 ad
935 1180 1162 1229 iniuriam
1187 1182 1510 1240 referendam,
1540 1183 1627 1231 sed
1653 1184 1801 1231 etiam
1828 1200 1916 1246 pro

174 1271 419 1324 beneficio
455 1269 713 1318 reddendo
750 1265 962 1331 ponitur.
1051 1265 1140 1312 Est
1177 1262 1309 1312 enim
1346 1264 1627 1313 communis
1664 1281 1826 1314 sermo
1864 1274 1912 1313 et

181 1356 383 1408 iniuriae
399 1363 446 1403 et
462 1349 836 1402 beneficentiae.
911 1345 1266 1410 Ignominium,
1286 1363 1346 1396 eo
1365 1347 1502 1409 quod
1528 1346 1721 1396 desinat
1738 1348 1920 1396 habere
1945 1354 2008 1403 25

100 1457 147 1498 15
175 1438 444 1491 honestatis
469 1451 655 1484 nomen
681 1435 719 1481 is
740 1432 824 1495 qui
850 1432 901 1478 in
932 1429 1099 1492 aliquo
1133 1428 1337 1478 crimine
1370 1430 1768 1493 deprehenditur.
1831 1433 1915 1481 Di-

175 1534 309 1575 ctum
326 1529 399 1571 est
414 1528 577 1568 autem
596 1514 923 1581 ignominium
944 1513 1081 1575 quasi
1103 1511 1207 1560 sine
1227 1511 1444 1571 nomine,
1458 1512 1582 1562 sicut
1598 1513 1793 1577 ignarus
1811 1515 1916 1565 sine

175 1603 391 1662 scientia,
429 1603 554 1651 sicut
594 1598 823 1663 ignobilis
862 1596 966 1645 sine
1003 1594 1275 1645 nobilitate.
1379 1596 1495 1644 Hoc
1532 1612 1732 1659 quoque
1769 1607 1817 1646 et
1854 1597 1919 1646 in·
1944 1593 2012 1639 26

176 1687 394 1744 samium,
420 1682 558 1748 quasi
584 1684 689 1731 sine
713 1681 848 1730 bona
873 1681 1014 1728 fama.
1082 1681 1234 1728 Fama
1258 1688 1425 1728 autem
1450 1679 1583 1728 dicta
1608 1679 1723 1743 quia
1748 1682 1913 1740 fando,

177 1773 228 1821 id
260 1778 333 1819 est
362 1767 628 1830 loquendo,
656 1771 944 1828 pervagatur
968 1779 1054 1826 per
1079 1763 1305 1811 traduces
1337 1761 1614 1825 linguarum
1648 1774 1695 1812 et
1724 1764 1915 1813 aurium

99 1869 151 1897 20
175 1867 386 1916 serpens.
462 1850 551 1896 Est
587 1858 753 1896 autem
789 1861 973 1894 nomen
1012 1853 1060 1893 et
1095 1844 1339 1893 bonarum
1376 1861 1537 1892 rerum
1575 1855 1622 1894 et
1658 1848 1912 1894 malarum.

174 1937 305 1984 Nam
342 1934 472 1981 fama
507 1928 751 1979 felicitatis
793 1926 1041 1975 interdum
1080 1933 1167 1985 est,
1206 1934 1260 1974 ut
1296 1925 1431 1986 illud,
1475 1926 1719 1976 ‘inlustris
1756 1929 1916 1987 fama,'

178 2016 313 2080 quod
338 2016 442 2063 laus
469 2021 569 2062 est:
613 2012 865 2068 malarum,
893 2017 947 2056 ut
971 2007 1214 2070 Vergilius
1242 2007 1387 2070 (Aen.
1408 2025 1451 2067 4,
1478 2007 1591 2071 174)
1617 2028 1625 2056 :

419 2097 586 2152 Fama,
627 2093 811 2140 malum
849 2106 947 2153 qua
984 2106 1085 2137 non
1120 2090 1256 2137 aliud
1291 2089 1508 2138 velocius
1545 2092 1713 2139 ullum.

177 2182 329 2228 Fama
352 2186 517 2226 autem
543 2191 727 2224 nomen
753 2172 1038 2221 certilocum
1065 2188 1166 2219 non
1187 2171 1349 2230 habet,
1370 2170 1485 2234 quia
1503 2172 1768 2235 plurimum
1790 2192 1922 2224 men-
1945 2187 2006 2236 27

102 2277 150 2318 25
176 2264 270 2312 dax
295 2269 382 2320 est,
409 2257 628 2307 adiciens
655 2257 808 2304 multa
832 2256 909 2303 vel
934 2255 1196 2303 demutans
1222 2254 1286 2301 de
1310 2252 1540 2303 veritate:
1580 2271 1707 2318 quae
1731 2257 1920 2305 tamdiu

179 2342 309 2402 vivit,
345 2339 583 2405 quamdiu
615 2355 717 2387 non
751 2335 938 2400 probat.
1014 2337 1080 2383 At
1105 2333 1191 2383 ubi
1216 2334 1511 2397 probaveris,
1541 2353 1647 2386 esse
1673 2347 1847 2399 cessat,
1873 2349 1921 2388 et

234 2486 252 2512 1
283 2478 429 2512 vocata
456 2470 599 2509 Tante
618 2481 718 2508 corr.
909 2478 932 2503 2
964 2464 1114 2504 ficulae
1136 2463 1186 2502 Cl
1365 2466 1517 2505 aculeo
1538 2465 1626 2505 ΒΚ
1787 2483 1812 2519 3
1842 2484 1915 2509 au-

176 2535 261 2568 tem
281 2542 362 2567 om.
380 2526 426 2564 K
586 2538 610 2573 4
639 2521 831 2562 inveniat
845 2519 890 2558 K
1015 2519 1089 2559 La.
1110 2525 1175 2558 est
1195 2525 1287 2568 sup.
1305 2517 1351 2556 K
1488 2521 1750 2563 lautumnum
1766 2525 1916 2567 BKT:

178 2583 425 2623 lautumium
447 2580 505 2619 C:
533 2580 767 2618 latumnum
787 2576 828 2613 A
997 2575 1024 2612 6
1052 2587 1212 2624 poenas
1233 2573 1310 2613 BC
1416 2575 1654 2616 lautumnas
1675 2578 1780 2620 CK:
1808 2581 1911 2620 latu-

177 2650 298 2677 mnas
325 2637 382 2676 T:
409 2637 626 2675 lautumna
647 2633 686 2672 Β
867 2643 888 2679 7
920 2635 1017 2668 met.
1042 2629 1121 2668 fus.
1142 2629 1188 2666 K
1294 2630 1410 2679 prior
1429 2631 1599 2680 regibus
1617 2632 1768 2675 ABT:
1799 2636 1909 2685 prior

179 2707 232 2732 ex
253 2692 422 2742 regibus
444 2691 501 2730 C:
532 2689 649 2739 prior
669 2699 816 2736 regum
837 2684 882 2722 K
886 2684 989 2734 fort.
1013 2691 1109 2725 recte
1315 2700 1342 2736 9
1365 2691 1409 2724 et
1431 2692 1605 2724 naturae
1626 2687 1720 2737 lege
1740 2689 1786 2726 K
1803 2692 1915 2741 (teste

182 2747 399 2798 Kueblero)
547 2758 597 2784 10
630 2743 743 2782 unde
770 2740 828 2780 ill.
857 2739 894 2776 T
1036 2757 1081 2782 11
1115 2745 1221 2795 legis
1241 2758 1324 2785 om.
1347 2739 1393 2776 K
1532 2753 1580 2778 12
1605 2749 1742 2782 autem
1764 2758 1844 2784 om.
1869 2745 1915 2783 K

179 2816 227 2852 14
256 2802 346 2852 Ign.
371 2803 525 2841 dictum
549 2815 599 2841 eo
627 2801 664 2839 T
878 2811 926 2848 15
955 2797 1094 2852 aliquo
1125 2801 1286 2839 crimen
1317 2793 1426 2832 KT:
1452 2795 1623 2845 aliquod
1658 2800 1814 2838 crimen
1837 2801 1911 2840 BC

179 2870 226 2907 17
257 2857 330 2896 sci.
345 2863 388 2896 et
407 2857 514 2896 sicut
541 2857 578 2895 T
710 2863 752 2896 et
771 2871 856 2897 om.
887 2856 924 2895 T
1062 2858 1110 2894 18
1138 2857 1178 2896 b.
1201 2856 1308 2894 fame
1332 2848 1378 2888 C¹
1527 2868 1576 2905 19
1605 2861 1854 2904 provocatur
1873 2856 1915 2894 B

178 2925 226 2950 21
259 2925 353 2966 nam
375 2912 483 2950 fame
510 2911 547 2950 T
760 2912 967 2952 felicitatis
986 2911 1047 2950 Κ’3
1067 2909 1143 2963 (K1
1163 2925 1202 2950 n.
1227 2911 1252 2950 l.
1270 2924 1279 2958 ;
1308 2903 1382 2946 sed
1397 2911 1562 2950 felicius
1583 2914 1675 2948 teste
1692 2908 1911 2960 Kuehlero)

178 2979 228 3004 22
260 2966 463 3005 malorum
484 2973 528 3006 et
547 2967 654 3016 virg.
677 2965 723 3004 K
920 2981 971 3017 23
1000 2981 1082 3017 quo
1104 2966 1144 3004 Β
1167 2981 1176 3005 ;
1204 2965 1303 3016 quia
1329 2963 1366 3003 T
1510 2964 1624 3003 illum
1653 2963 1710 3003 T:
1740 2963 1838 3003 illud
1861 2963 1909 3002 C·

180 3033 230 3068 24
260 3020 387 3060 Fama
406 3019 474 3060 K:
505 3021 656 3060 Famae
678 3021 802 3073 (-me)
822 3021 944 3060 BCT
1140 3022 1279 3071 Fama,
1305 3034 1458 3060 nomen
1481 3019 1644 3067 incerti,
1667 3020 1806 3057 locum
1827 3033 1908 3059 non

180 3075 306 3114 habet
332 3075 492 3115 Tertull.
515 3076 690 3127 Apolog.
717 3089 737 3125 7
883 3080 934 3115 26
967 3078 1036 3116 ubi
1059 3076 1264 3127 probavit,
1286 3081 1423 3116 cessat
1443 3087 1536 3115 esse
1563 3073 1728 3113 Tertull.
