2228 3444
1058 167 1331 214 ISIDORI

317 302 595 348 dummodo
622 300 769 348 distet
796 298 940 347 unius
967 296 1311 360 appellationis
1350 298 1675 359 postremitas,
1711 296 1760 343 in
1797 295 1891 344 alia
1933 297 2067 344 vocis

257 388 291 433 6
319 382 651 431 declinatione
688 383 909 429 formata.
997 380 1283 428 Secundum
1320 387 1665 441 argumentum
1702 394 1731 426 a
1765 394 1945 442 genere
1981 388 2068 438 est,

318 481 430 512 cum
470 466 534 513 de
571 465 748 514 eodem
788 480 967 527 genere
1002 463 1246 511 sententia
1279 460 1469 520 dicitur,
1499 470 1551 509 ut
1587 460 1830 523 Vergilius
1858 460 2002 524 (Aen.
2024 477 2068 520 4,

323 545 474 610 569)=
902 614 910 622 ,
1305 611 1313 619 ,

796 616 1001 661 Varium
1040 622 1088 660 et
1125 612 1365 660 mutabile
1403 627 1570 673 genus.
2096 638 2118 679 5

265 706 293 754 7
319 696 542 744 Tertium
577 696 640 744 ab
679 695 844 758 specie
880 703 1227 757 argumentum
1265 703 1355 752 est,
1393 710 1505 740 cum
1543 691 1758 755 generali
1794 690 2070 756 quaestioni

320 780 472 827 fidem
499 777 688 841 species
715 777 843 837 facit,
873 787 927 825 ut
953 776 1107 840 (Virg.
1129 779 1253 824 Aen.
1279 790 1318 836 7,
1341 774 1457 838 363)
1480 795 1487 823 :

480 861 597 908 Non
636 861 707 907 sic
745 860 982 922 Phrygius
1022 866 1244 920 penetrat
1282 857 1664 905 Lacedaemona
1699 865 1876 919 pastor.

322 944 366 989 A
393 943 537 990 simili
571 950 916 1004 argumentum
956 948 1042 1000 est,
1067 940 1270 1003 quando
1303 939 1449 987 rebus
1482 938 1730 1001 aliquibus
1764 938 1940 986 similia
1967 953 2073 1000 pro-

321 1025 542 1072 feruntur
569 1023 720 1087 (Virg.
740 1026 868 1072 Aen.
891 1040 963 1082 10,
985 1020 1103 1085 333)
1126 1042 1134 1070 :
2099 1046 2147 1073 10

458 1107 672 1168 Suggere
712 1106 809 1153 tela
853 1105 1007 1151 mihi:
1045 1119 1147 1151 non
1186 1104 1340 1151 ullum
1380 1103 1579 1151 dextera
1616 1104 1789 1150 frustra

457 1188 649 1236 torserit
687 1188 737 1234 in
777 1187 1007 1245 RutulOS‚
1047 1194 1287 1234 steterunt
1325 1201 1451 1248 quae
1490 1186 1539 1232 in
1577 1201 1782 1248 corpore
1820 1183 2027 1233 Graium

459 1270 621 1317 Iliacis
656 1270 857 1332 campis.

264 1359 294 1406 8
322 1355 367 1399 A
401 1351 677 1400 differentia
703 1359 1049 1414 argumentum
1086 1359 1172 1409 est,
1202 1350 1405 1412 quando
1431 1365 1516 1411 per
1542 1349 1870 1397 differentiam
1907 1349 2070 1411 aliqua

321 1443 621 1496 separantur,
652 1442 704 1481 ut
730 1434 975 1496 Vergilius
1003 1432 1150 1495 (Aen.
1177 1450 1250 1490 10,
1272 1430 1389 1495 581)
1415 1451 1423 1480 :
2101 1456 2145 1496 15

458 1518 575 1564 Non
617 1514 879 1564 Diomedis
916 1529 1085 1577 equos,
1126 1530 1219 1562 nec
1256 1529 1450 1561 currum
1488 1512 1647 1562 cernis
1684 1513 1905 1561 Achillis.

322 1601 363 1645 A
418 1598 673 1646 contrariis
724 1605 1071 1659 argumentum
1124 1596 1315 1654 dicitur,
1369 1595 1573 1658 quando
1616 1610 1691 1644 res
1739 1596 2073 1657 discrepantes

322 1681 520 1729 sibimet
546 1687 881 1742 opponuntur,
911 1688 962 1726 ut
987 1678 1231 1740 Vergilius
1258 1676 1404 1742 (Aen.
1426 1695 1469 1740 9,
1489 1676 1576 1742 95)
1598 1698 1606 1727 :

461 1763 729 1810 Mortaline
767 1777 919 1809 manu
963 1762 1122 1809 factae
1169 1759 1430 1808 inmortale
1469 1760 1663 1808 carinae

459 1844 529 1891 fas
567 1843 797 1901 habeant,
827 1851 1089 1905 certusque
1128 1843 1313 1890 incerta
1352 1843 1568 1904 pericula
1610 1843 1800 1902 lustres,
2101 1865 2152 1893 20

458 1926 695 1973 Aeneas?

265 2023 299 2069 9
326 2010 371 2055 A
407 2006 829 2069 consequentibus
867 2015 1211 2069 argumentum
1250 2006 1440 2065 dicitur,
1478 2006 1681 2068 quando
1722 2006 1931 2068 positam
1973 2021 2074 2053 rem

324 2091 512 2153 aliquid
539 2088 885 2137 inevitabiliter
910 2089 1244 2151 consequitur,
1272 2096 1324 2136 ut
1350 2086 1593 2151 Vergilius
1620 2087 1767 2152 (Aen.
1788 2104 1829 2148 1,
1851 2087 1997 2152 529):

465 2174 581 2221 Non
621 2187 677 2219 ea
717 2172 787 2219 vis
824 2171 1009 2230 animo,
1049 2187 1143 2219 nec
1180 2179 1317 2219 tanta
1355 2169 1583 2232 superbia
1619 2171 1772 2219 victis,

326 2255 407 2303 Ab
446 2253 861 2302 antecedentibus
899 2261 1247 2316 argumentum
1286 2261 1373 2311 est,
1416 2253 1619 2314 quando
1666 2253 1830 2314 aliqua
1878 2268 1938 2300 ex
1986 2252 2074 2311 his,
2102 2273 2150 2313 25

326 2352 453 2398 quae
501 2336 633 2398 prius
681 2342 817 2397 gesta
856 2344 984 2393 sunt,
1024 2333 1407 2396 conprobantur,
1446 2342 1501 2381 ut
1538 2333 1715 2383 Cicero
1757 2349 1845 2395 pro
1887 2334 2077 2381 Milone

326 2417 470 2482 (44>:
525 2417 687 2466 ‘Cum
738 2432 838 2464 non
888 2416 1186 2464 dubitaverit
1239 2416 1602 2478 aperirequid
1643 2416 1944 2478 cogitaverit,
1990 2430 2076 2463 vos

244 2514 302 2548 10
327 2498 533 2562 potestis
557 2498 786 2547 dubitare
812 2499 934 2560 quid
959 2499 1127 2546 fecerit
1148 2497 1195 2546 ?'
1250 2499 1296 2544 A
1322 2497 1710 2560 repugnantibus
1734 2505 2077 2560 argumentum

327 2590 414 2640 est,
443 2581 646 2643 quando
674 2581 808 2639 illud,
832 2581 970 2642 quod
995 2579 1220 2640 obicitur,
1242 2580 1406 2642 aliqua
1432 2580 1774 2627 contrarietate
1799 2579 2081 2638 destruitur,

327 2673 380 2711 ut
419 2663 596 2712 Cicero
634 2661 820 2724 (Deiot.
846 2660 956 2725 15):
1010 2666 1020 2686 ‘
1042 2664 1091 2710 Is
1122 2663 1267 2724 igitur
1302 2677 1403 2709 non
1441 2662 1593 2709 modo
1636 2662 1699 2708 de
1741 2661 1823 2708 tali
1861 2661 2078 2722 periculo
2103 2681 2155 2720 30

386 2804 403 2829 1
437 2791 568 2830 distat
590 2791 636 2828 K
744 2790 1031 2840 appellatione
1053 2788 1098 2826 K
1278 2801 1302 2826 2
1333 2795 1399 2828 est
1420 2794 1462 2827 et
1484 2801 1581 2827 curn
1606 2789 1652 2826 K
1815 2801 1836 2837 7
1868 2794 1912 2826 ut
1933 2800 2016 2828 om.
2047 2786 2085 2826 T

328 2848 353 2884 8
383 2846 489 2884 sicut
505 2845 595 2883 ΑΚ
703 2844 834 2894 frigus
854 2844 900 2882 K
1039 2857 1066 2893 9
1084 2843 1239 2893 aliquid
1256 2843 1347 2882 sim.
1363 2843 1409 2882 K
1540 2857 1584 2882 11
1610 2856 1696 2882 non
1713 2842 1873 2881 nullum
1886 2841 2075 2882 ABCT:

328 2901 487 2943 nullum
504 2900 550 2938 K
684 2911 732 2936 12
753 2912 861 2948 quae
877 2911 960 2938 om.
989 2898 1025 2937 T
1162 2911 1212 2947 19
1240 2897 1455 2936 inmortali
1476 2911 1558 2938 car.
1587 2898 1645 2936 T:
1675 2897 1910 2936 inmortalis
1930 2909 2012 2935 car.
2035 2896 2081 2935 K

330 2969 382 2994 20
413 2956 558 2994 lustris
580 2954 648 2992 K:
680 2954 831 2992 lustret
854 2952 905 2991 C2
1016 2966 1067 3002 24
1096 2966 1240 2992 nonne
1262 2952 1382 2992 habis
1404 2966 1472 2993 an.
1495 2953 1533 2991 T
1639 2952 1777 2991 anima
1801 2951 1850 2991 C1
1960 2965 2014 2989 ne
2035 2951 2081 2989 K

328 3011 466 3048 victus
487 3009 531 3047 K
641 3021 691 3058 27
723 3007 976 3046 debitaberit
1004 3008 1041 3045 T
1145 3020 1261 3057 aper.
1283 3037 1293 3048 .
1315 3035 1327 3047 .
1351 3038 1359 3047 .
1383 3020 1476 3057 cog.
1497 3020 1578 3046 om.
1599 3005 1728 3044 AKL
1829 3006 1929 3056 quid
1947 3003 2003 3044 C:
2034 3005 2076 3043 id

327 3065 438 3113 quod
468 3064 526 3102 T:
557 3064 598 3102 id
618 3062 704 3101 BD
814 3063 867 3099 28
898 3063 1086 3111 potentis
1106 3061 1187 3100 KL
1274 3062 1369 3101 serit
1390 3060 1519 3100 AKL
1542 3063 1647 3113 <non
1670 3060 1727 3112 D)
1841 3074 1894 3110 29
1923 3060 2077 3098 obiecit

327 3118 368 3155 A
389 3134 396 3158 :
428 3118 604 3157 abicitur
627 3117 673 3155 C¹
787 3117 869 3156 alia
892 3116 926 3156 C
