2228 3444
532 185 1165 235 ETYMOLOGIARVM
1207 189 1335 236 LIB.
1383 190 1450 236 II.
1492 189 1607 237 iii-v

192 308 301 357 Pari
327 309 499 357 ordine
526 325 552 357 e
578 308 823 357 contrario
848 317 896 358 et
922 310 971 356 in
998 308 1356 372 vituperatione
1391 312 1605 361 hominis
1639 315 1761 362 haec
1787 316 1941 364 forma
1964 329 1992 379 7

190 391 429 440 Servanda
444 399 530 450 est,
550 400 666 439 ante
682 390 952 451 hominem,
971 390 1022 438 in
1039 391 1308 451 hominem,
1329 401 1441 456 post
1458 394 1726 443 hominem.
1778 398 1940 445 Locus

190 471 470 537 communis
512 473 576 521 ad
618 473 1062 521 demonstrativum
1104 473 1476 537 vituperationis
1519 492 1672 538 genus
1715 479 1938 540 pertinet.

192 554 344 616 Quod
380 562 547 602 tamen
584 554 648 601 ab
677 571 738 603 eo
769 554 820 601 in
853 555 1021 617 aliquo
1055 556 1231 603 differt.
1306 558 1438 604 Nam
1469 558 1778 620 vituperatio,
1814 577 1940 622 quae

143 648 163 688 5
189 634 433 683 contraria
462 644 535 684 est
573 635 748 696 laudis,
785 635 1060 699 specialiter
1101 635 1151 685 in
1184 646 1367 686 certam
1411 638 1634 688 facientis
1677 656 1940 703 personam

188 716 465 766 adhibetur.
538 717 832 767 Communis
866 734 981 766 vero
1011 720 1149 767 locus
1178 719 1468 782 generaliter
1511 720 1561 768 in
1602 721 1716 770 facti
1756 722 1940 772 crimen
1965 723 1994 769 8

188 798 518 863 praeponitur.
592 801 740 848 Vnde
783 808 831 848 et
861 799 1141 848 communis
1181 802 1319 849 locus
1357 801 1548 862 dicitur,
1591 803 1706 866 quia
1735 804 1941 854 absente

188 897 397 944 persona
430 897 533 928 non
563 890 663 929 tam
700 881 749 929 in
786 881 1057 942 hominem,
1090 892 1333 945 quantum
1371 883 1421 931 in
1452 883 1614 947 ipsum
1647 885 1832 935 crimen
1867 903 1942 935 ex-

188 963 399 1026 ponitur.
473 963 640 1012 Omne
677 963 810 1011 enim
848 963 1021 1012 vitium
1059 981 1161 1012 non
1196 964 1245 1013 in
1283 981 1384 1014 uno
1420 975 1628 1027 tantum,
1668 969 1756 1016 sed
1794 968 1940 1017 etiam

119 1053 166 1081 ¹0
189 1061 455 1094 commune
480 1045 529 1093 in
555 1045 776 1108 plurimis
803 1044 1061 1095 invenitur.

325 1130 408 1176 DE
457 1142 664 1176 GEMINO
714 1143 874 1176 STATv
928 1143 1222 1177 CAVSARVM.
1297 1131 1462 1179 Status
1511 1133 1644 1194 apud
1695 1134 1939 1182 Rhetores
1963 1140 2001 1178 V

189 1209 367 1258 dicitur
391 1226 448 1259 ea
474 1226 561 1271 res,
591 1210 640 1258 in
667 1227 764 1273 qua
785 1226 931 1259 causa
957 1210 1194 1270 consistit,
1219 1210 1268 1260 id
1290 1221 1362 1260 est
1388 1212 1688 1262 constitutio.
1763 1215 1939 1264 Graeci

189 1302 353 1341 autem
381 1302 560 1341 statum
586 1310 615 1341 a
640 1292 960 1342 contentione
986 1295 1157 1343 στάσιν
1190 1293 1375 1344 dicunt.
1451 1295 1613 1343 Latini
1646 1305 1809 1345 autem
1838 1314 1939 1347 non

190 1377 348 1423 solum
375 1392 404 1423 a
428 1391 605 1438 pugna,
634 1392 719 1438 per
744 1392 893 1438 quam
931 1386 1211 1439 expugnent
1237 1376 1624 1439 propositionem
1660 1379 1935 1440 adversarii,

116 1472 161 1511 15
187 1458 275 1505 sed
301 1459 437 1519 quod
462 1457 512 1504 in
533 1473 593 1506 eo
614 1474 723 1520 pars
745 1466 951 1520 utraque
971 1457 1220 1507 consistat.
1294 1459 1372 1507 Fit
1392 1468 1557 1508 autem
1584 1476 1642 1508 ex
1663 1460 1938 1510 intentione

185 1549 237 1587 et
258 1538 564 1602 depulsione.
640 1541 804 1588 Status
829 1549 995 1588 autem
1026 1556 1282 1588 causarum
1312 1550 1425 1588 sunt
1452 1542 1581 1590 duo:
1614 1542 1863 1591 rationalis
1890 1553 1937 1592 et
1961 1557 1990 1591 2

183 1620 364 1684 legalis.
438 1623 517 1670 De
547 1620 771 1670 rationali
800 1620 1022 1669 oriuntur
1055 1621 1350 1681 coniectura,
1385 1622 1508 1682 finis,
1537 1623 1759 1686 qualitas,
1789 1634 1938 1674 trans-

182 1702 313 1752 latio.
389 1705 467 1752 De
494 1704 590 1751 fine
617 1702 859 1752 iudicialis
877 1713 925 1752 et
944 1703 1216 1766 negotialis.
1293 1706 1370 1753 De
1396 1704 1613 1754 iudiciali
1637 1706 1864 1755 absoluta
1890 1717 1938 1756 et

183 1784 508 1848 adsumptiva.
573 1787 652 1834 De
667 1785 980 1848 adsumptiva
997 1786 1268 1846 concessio,
1288 1786 1496 1835 remotio
1515 1787 1746 1847 criminis,
1766 1789 1937 1838 relatio

109 1878 162 1907 20
183 1866 413 1928 criminis,
443 1867 778 1930 conpensatio.
855 1869 935 1916 De
960 1867 1281 1917 concessione
1314 1868 1539 1931 purgatio
1565 1879 1613 1918 et
1638 1871 1935 1933 deprecatio.

184 1949 542 1999 Coniecturalis
570 1959 723 1998 status
741 1959 814 1998 est
840 1966 953 1998 cum
980 1952 1181 2010 factum,
1210 1952 1346 2013 quod
1376 1950 1473 2000 alio
1498 1950 1722 2011 obicitur,
1750 1953 1814 2001 ab
1839 1953 1937 2001 alio
1961 1961 1990 2007 3

181 2040 485 2094 pernegatur.
563 2031 859 2080 Definitivus
885 2041 1039 2080 status
1066 2042 1153 2091 est,
1183 2049 1295 2080 cum
1324 2032 1388 2092 id,
1419 2034 1554 2094 quod
1580 2032 1804 2094 obicitur,
1833 2052 1935 2084 non

181 2115 277 2162 hoc
304 2130 410 2162 esse
436 2113 766 2172 contenditur,
795 2115 882 2162 sed
908 2113 1028 2175 quid
1062 2113 1182 2161 illud
1216 2113 1276 2161 sit
1300 2113 1534 2162 adhibitis
1561 2115 1934 2165 definitionibus

181 2195 494 2258 adprobatur.
571 2193 795 2256 Qualitas
839 2204 926 2254 est,
971 2195 1092 2243 dum
1136 2194 1292 2257 qualis
1336 2211 1410 2244 res
1459 2195 1519 2244 sit
1562 2197 1836 2259 quaeritur:
1887 2207 1934 2247 et

109 2285 157 2326 25
181 2272 297 2335 quia.
337 2274 401 2321 de
437 2271 484 2320 vi
522 2281 570 2321 et
611 2288 790 2334 genere
832 2272 1016 2335 negotii
1058 2273 1389 2322 controversia
1429 2273 1599 2337 agitur,
1645 2275 1934 2324 constitutio

179 2354 418 2418 generalis
451 2355 736 2418 appellatur.
810 2354 1091 2403 Translatio
1121 2364 1194 2403 est
1224 2372 1338 2403 cum
1371 2372 1519 2404 causa
1550 2373 1608 2405 ex
1641 2374 1701 2406 eo
1731 2360 1928 2421 pendet,
1954 2367 1986 2412 4

180 2438 317 2500 quod
347 2454 448 2485 non
481 2446 564 2485 aut
608 2436 646 2484 is
679 2452 822 2500 agere
856 2436 1061 2497 videtur,
1102 2454 1251 2500 quem
1291 2446 1499 2501 oportet,
1540 2447 1624 2488 aut
1661 2456 1763 2488 non
1800 2442 1933 2504 apud

236 2580 254 2606 1
287 2567 640 2619 vituperationem
682 2566 719 2604 T
823 2566 1039 2605 hominum
1075 2567 1120 2605 K
1282 2580 1306 2605 2
1336 2574 1434 2607 ante
1466 2568 1603 2619 ipsum
1639 2569 1682 2607 in
1713 2570 1807 2619 ipso
1837 2578 1932 2621 post

181 2624 318 2674 ipsum
339 2622 381 2660 B
505 2636 530 2671 4
564 2622 606 2660 in
628 2621 801 2671 aliquod
822 2620 945 2660 BCT
962 2622 1004 2674 (i.
1026 2635 1056 2661 e.
1079 2622 1122 2660 in
1149 2621 1311 2671 aliquot
1325 2624 1354 2673 2)
1470 2635 1495 2672 5
1530 2624 1573 2662 in
1602 2629 1760 2663 certam
1783 2625 1931 2664 ABC:

179 2679 392 2717 interdum
407 2677 454 2715 K
469 2692 478 2717 ε
507 2677 560 2716 ad
578 2676 781 2715 incertam
806 2675 843 2714 T
947 2689 1130 2726 persona
1147 2676 1192 2714 K
1332 2679 1358 2715 6
1379 2678 1554 2717 crimine
1571 2677 1664 2718 dett.
1806 2693 1827 2729 7
1860 2680 1930 2729 qui

185 2733 244 2772 T:
265 2733 377 2783 quod
398 2732 444 2770 K
551 2732 770 2770 absentem
791 2743 1019 2780 personam
1035 2731 1082 2769 K
1230 2733 1255 2769 8
1286 2744 1370 2771 non
1387 2737 1548 2773 tantum
1570 2732 1667 2771 BC:
1685 2746 1770 2772 non
1790 2740 1929 2773 tamen

179 2788 268 2839 (ὦ)
299 2788 374 2826 A:
417 2792 581 2826 tantum
609 2785 681 2824 K:
711 2791 852 2825 notam
901 2786 938 2824 T
1066 2786 1108 2824 in
1141 2786 1276 2837 hom.]
1306 2786 1348 2825 in
1374 2800 1502 2826 unum
1526 2788 1568 2825 Β
1704 2789 1927 2840 quantum]

178 2855 303 2892 quarn
341 2842 379 2880 T
595 2853 643 2879 10
673 2840 866 2890 pluribus
884 2840 930 2879 K
1150 2853 1198 2879 12
1229 2841 1383 2880 dicitur
1411 2855 1493 2882 om,
1518 2842 1553 2880 C
1714 2842 1784 2894 ea]
1817 2849 1860 2882 et
1885 2843 1932 2882 K

178 2902 346 2936 constet
385 2896 431 2934 K
598 2909 647 2944 14
677 2894 934 2934 adversariis
965 2897 1077 2945 quod
1112 2896 1153 2933 in
1188 2908 1338 2945 eorpar
1367 2895 1413 2934 K
1580 2908 1627 2945 15
1658 2896 1851 2936 consistit
1884 2897 1931 2936 K

182 2963 228 3002 17
260 2951 407 3002 legalis
435 2950 558 3002 (des)
586 2949 773 2989 ABCT:
797 2950 974 2989 causalis
1001 2950 1047 2988 K
1156 2950 1426 2990 coniunctura
1453 2950 1491 2989 T
1653 2953 1702 2989 18
1732 2951 1926 2991 obsoluta

178 3011 220 3044 et
254 3005 516 3056 absumptiva
534 3004 579 3042 K
691 3017 739 3055 19
764 3004 952 3044 criminis
974 3004 1122 3044 relatio
1144 3017 1228 3045 om.
1252 3005 1299 3043 K
1405 3018 1454 3044 21
1488 3012 1552 3046 est
1573 3018 1655 3045 om.
1675 3004 1721 3044 K
1791 3005 1862 3045 alii
1882 3006 1929 3045 K

177 3072 229 3098 22
257 3074 387 3111 quum
414 3060 456 3099 id
485 3058 664 3098 obicitur
692 3072 777 3098 non
802 3059 883 3099 hoc
903 3073 1000 3099 esse
1022 3060 1134 3110 quod
1156 3059 1310 3100 dicitur
1328 3061 1405 3100 sed
1435 3061 1472 3100 T
1622 3071 1675 3109 25
1704 3072 1862 3109 genera
1882 3060 1928 3098 K

176 3126 227 3165 27
258 3129 325 3166 op.
347 3114 444 3169 (aut
465 3128 550 3154 non
574 3127 667 3154 cum
691 3128 740 3154 eo
759 3114 829 3164 qui
851 3113 951 3169 op.)
972 3113 1154 3154 Cassiod.
1272 3121 1343 3154 aut
1365 3128 1448 3153 non
1470 3127 1535 3165 ap.
1560 3114 1652 3166 qu.]
1674 3120 1746 3153 aut
1765 3115 1859 3166 quis
1881 3115 1927 3153 K
