2176 3424
1071 96 1345 146 ISIDORI

227 233 300 279 49
329 219 399 266 Os
442 218 645 279 dictum,
689 224 825 284 quod
867 240 952 285 per
991 224 1153 287 ipsum
1191 227 1330 288 quasi
1365 244 1449 290 per
1486 228 1666 277 ostium
1700 240 1747 279 et
1779 232 1916 281 cibos
1949 233 2080 283 intus

329 297 569 347 mittimus
595 310 643 349 et
669 312 869 365 sputum
897 304 1012 353 foris
1030 305 1296 368 proicimus
1320 327 1332 367 3
1378 310 1454 356 vel
1475 309 1589 372 quia
1608 309 2080 375 indeingrediuntur

234 395 302 442 50
327 380 444 442 cibi,
468 381 585 431 inde
610 386 927 446 egrediuntur
952 403 1217 437 sermones.
1282 389 1437 438 Labia
1461 407 1489 439 a
1513 391 1782 441 lambendo
1808 394 2075 444 nominata.

327 463 480 523 Quod
521 473 688 512 autem
728 467 950 530 superius
985 478 1070 528 est,
1103 470 1289 518 labium
1324 471 1564 533 dicimus3
1602 476 1738 536 quod
1768 475 1981 537 inferius,
2019 495 2077 527 eo
2166 498 2176 522 ι

326 546 463 607 quod
487 546 699 609 grossior
735 548 809 608 sit,
838 550 1043 598 labrum.
1118 551 1217 600 Alii
1243 552 1455 601 virorum
1486 554 1634 614 labra,
1662 558 1922 605 mulierum
1948 558 2078 607 labia
2101 581 2122 620 5
2166 552 2176 572 ⁴

251 639 303 687 51
326 625 512 675 dicunt.
590 627 809 691 Linguae
846 647 875 677 a
912 630 1112 693 ligando
1149 633 1262 682 cibo
1299 643 1439 697 putat
1469 637 1625 683 Varro
1663 653 1847 687 nomen
1880 639 2078 702 imposi-
2172 624 2176 628 .

324 716 441 755 turn.
514 708 627 768 Alii,
657 713 794 773 quod
818 729 905 775 per
930 712 1213 763 articulatos
1240 731 1390 763 sonos
1416 716 1563 765 verba
1589 716 1718 780 ligat.
1781 718 1918 768 Sicut
1942 720 2075 768 enim

323 791 565 852 plectrum
593 792 768 852 cordis,
799 795 864 842 ita
890 795 1056 858 lingua
1085 794 1307 845 inliditur
1336 797 1569 847 dentibus
1600 808 1649 846 et
1673 802 1896 849 vocalem
1928 801 2075 850 efficit

236 886 300 934 52
323 887 516 922 sonum.
600 875 790 923 Dentes
830 878 1007 925 Graeci
1051 878 1231 929 ὀδόντες
1269 888 1461 939 vocant,
1500 889 1547 928 et
1587 879 1703 930 inde
1746 882 1797 929 in
1840 881 2072 931 Latinum

323 956 513 1003 trahere
548 972 732 1004 nomen
764 956 1003 1006 videntur.
1081 961 1279 1008 Horum
1315 959 1457 1023 primi
1487 961 1788 1024 praecisores
1825 963 2069 1024 dicuntur,
2101 984 2145 1012 10
2172 1000 2176 1002 -

320 1037 436 1098 quia
463 1053 626 1096 omne,
655 1040 792 1100 quod
818 1039 1074 1103 accipitur,
1100 1041 1193 1104 ipsi
1219 1041 1351 1104 prius
1377 1041 1618 1092 incidunt.
1693 1046 1966 1107 Sequentes
1998 1062 2072 1093 ca-

320 1116 423 1165 nini
460 1128 711 1178 vocantur,
742 1138 954 1183 quorum
981 1124 1082 1170 duo
1108 1123 1157 1170 in
1184 1124 1354 1171 dextra
1379 1123 1575 1172 maxilla
1599 1134 1647 1173 et
1672 1127 1773 1174 duo
1798 1125 1847 1173 in
1879 1126 2072 1175 sinistra

319 1211 446 1250 sunt.
501 1204 565 1250 Et
591 1201 709 1250 dicti
736 1203 901 1251 canini
918 1204 1034 1266 quia
1053 1206 1117 1253 ad
1138 1204 1511 1254 similitudinem
1530 1206 1819 1255 caninorum
1840 1207 2068 1266 existunt,

319 1292 366 1331 et
393 1283 527 1331 canis
554 1301 612 1332 ex
638 1283 755 1346 ipsis
791 1302 903 1334 ossa
928 1285 1118 1348 frangit,
1148 1285 1274 1334 sicut
1300 1296 1347 1335 et
1374 1288 1526 1336 homo
1544 1306 1557 1347 3
1594 1298 1646 1337 ut
1672 1290 1809 1351 quod
1835 1306 1935 1338 non
1962 1307 2068 1353 pos-

318 1375 431 1413 sunt
471 1364 655 1428 priores
710 1368 1006 1428 praecidere,
1058 1367 1151 1416 illis
1195 1370 1395 1417 tradunt
1434 1378 1486 1416 ut
1523 1371 1860 1433 confrangant.
1957 1374 2068 1420 Hos
2097 1390 2138 1428 15
2171 1405 2176 1430 :

315 1449 488 1510 vulgus
515 1464 605 1509 pro
632 1448 942 1510 longitudine
969 1458 1016 1497 et
1042 1449 1345 1499 rotunditate
1365 1452 1656 1500 colomellos
1682 1462 1875 1501 vocant.
1949 1456 1994 1500 V
1999 1454 2069 1502 lti-

316 1530 382 1577 mi
409 1537 523 1577 sunt
550 1530 773 1589 molares,
803 1532 886 1592 qui
914 1532 1114 1579 concisa
1147 1549 1174 1579 a
1212 1532 1454 1594 prioribus
1491 1542 1641 1596 atque
1666 1536 1917 1583 confracta
1942 1535 2069 1584 subi·
2164 1569 2176 1608 4

315 1620 437 1675 gunt
463 1619 511 1658 et
537 1612 725 1659 molent
749 1621 898 1674 atque
924 1613 1195 1661 inmassant
1217 1632 1229 1675 3
1278 1616 1411 1663 unde
1437 1623 1484 1662 et
1501 1617 1727 1664 [molares
1752 1618 1912 1665 vocati
1939 1627 2067 1666 sunt.
2161 1625 2176 1719 1

231 1706 293 1755 53
321 1692 558 1741 Dentium
601 1702 767 1741 autem
799 1711 1061 1744 numerum
1093 1695 1327 1744 discernit
1370 1695 1579 1758 qualitas
1617 1714 1772 1747 sexus.
1848 1700 1978 1746 Nam
2016 1698 2065 1746 in

228 1789 292 1838 54
318 1774 429 1823 viris
458 1775 640 1836 plures,
665 1774 714 1822 in
743 1775 938 1823 feminis
965 1776 1222 1838 pauciores
1253 1779 1481 1826 existunt.
1553 1778 1792 1841 Gingivae
1815 1797 1845 1830 a
1869 1781 2067 1843 gignen-
2091 1803 2139 1834 20

313 1856 389 1906 dis
410 1855 644 1905 dentibus
666 1857 961 1906 nominatae.
1038 1861 1216 1907 Factae
1242 1868 1355 1906 sunt
1379 1867 1546 1908 autem
1571 1859 1719 1908 etiam
1744 1863 1808 1910 ad
1833 1862 2063 1910 decorem

313 1938 554 1999 dentium,
591 1955 653 1986 ne
691 1938 814 1987 nudi
857 1938 1044 1987 horrori
1073 1939 1237 2002 potius
1271 1957 1420 2002 quam
1458 1950 1751 1990 ornamento
1787 1942 2061 1992 existerent.

229 2030 291 2078 55
314 2022 539 2068 Palatum
565 2030 789 2069 nostrum
823 2020 949 2069 sicut
986 2023 1178 2069 caelum
1209 2031 1282 2070 est
1318 2022 1549 2085 positum,
1578 2032 1627 2072 et
1651 2023 1767 2072 inde
1791 2026 2011 2087 palatum
2036 2042 2065 2073 a

311 2103 428 2164 polo
454 2119 540 2164 per
565 2102 935 2152 derivationem.
1012 2105 1110 2151 Sed
1145 2112 1192 2152 et
1220 2105 1395 2153 Graeci
1430 2103 1651 2154 similiter
1683 2108 1902 2168 palatum
1932 2110 2064 2170 οὐρα-

311 2186 390 2233 νὸν
426 2186 690 2248 appellant,
717 2202 777 2233 eo
814 2186 950 2247 quod
983 2202 1072 2248 pro
1098 2185 1172 2233 sui
1204 2186 1513 2235 concavitate
1538 2186 1660 2237 caeli
1690 2187 2063 2238 similitudinem
2088 2208 2134 2248 25

220 2267 288 2326 56
314 2267 506 2316 habeat.
582 2269 770 2315 Fauces
795 2284 824 2315 a
848 2267 1116 2316 fundendis
1151 2266 1355 2316 vocibus
1390 2267 1686 2330 nominatae,
1715 2271 1791 2318 vel
1817 2271 1952 2332 quod
1977 2287 2064 2333 per

313 2365 394 2395 eas
425 2350 584 2396 famur
614 2365 774 2396 voces.
849 2348 1071 2401 Arteriae
1103 2358 1319 2407 vocatae,
1349 2348 1450 2397 sive
1483 2352 1619 2412 quod
1656 2367 1742 2414 per
1778 2368 1859 2400 eas
1896 2369 1924 2400 a
1959 2354 2063 2415 pul-

370 2492 387 2516 1
421 2477 555 2529 quod]
578 2479 681 2528 quia
701 2479 746 2519 K
871 2493 936 2529 qu.
959 2478 1037 2518 ost.
1063 2480 1110 2517 K
1272 2493 1296 2516 2
1327 2480 1539 2519 mittamus
1562 2482 1597 2520 C
1712 2481 1830 2533 quia]
1853 2484 1965 2533 quod
1983 2482 2066 2521 BC

309 2545 335 2581 3
364 2533 460 2570 lam.
478 2539 574 2571 sunt
596 2547 663 2571 no.
683 2534 740 2574 C:
773 2534 954 2573 labendo
976 2547 1045 2573 no.
1062 2533 1151 2572 ΒΚ
1229 2549 1254 2584 4
1285 2534 1356 2574 ins.
1373 2540 1438 2574 est
1455 2549 1505 2574 eo
1524 2535 1559 2574 C
1637 2537 1664 2573 6
1694 2536 1896 2586 lingendo
1915 2550 1965 2575 ex
1982 2537 2058 2587 lig-

310 2587 354 2625 D
375 2601 385 2626 ε
404 2587 612 2637 lingundo
636 2588 786 2637 T(non
806 2589 863 2634 U)
886 2603 894 2627 :
914 2589 1095 2639 legando
1110 2589 1157 2626 K
1235 2594 1492 2639 putaverunt
1513 2591 1652 2641 ipsum
1673 2604 1742 2631 no,
1763 2591 1890 2630 situm
1913 2591 1964 2630 al.
1981 2605 2051 2641 qu,

311 2641 587 2692 particulatos
610 2642 654 2679 K
673 2642 775 2695 (uon
796 2643 896 2693 DF)
1086 2658 1107 2693 7
1139 2643 1269 2695 quod]
1295 2644 1392 2693 quia
1416 2644 1451 2682 C
1613 2645 1745 2696 ligant
1765 2645 1811 2683 K
1826 2646 1928 2696 (non
1950 2646 2053 2697 DF)

309 2699 334 2735 8
363 2697 526 2746 plectro
549 2696 595 2734 K
614 2697 714 2746 (non
746 2698 848 2747 DF)
987 2712 1014 2748 9
1043 2697 1158 2749 voc.]
1184 2698 1329 2737 dicunt
1362 2698 1397 2737 C
1416 2700 1518 2750 (non
1554 2699 1615 2752 D)
1785 2700 1884 2739 inde
1905 2701 1976 2739 lat.
2003 2701 2052 2740 C¹

312 2763 361 2794 10
390 2763 663 2802 precessores
692 2751 744 2791 T:
777 2753 1004 2802 pricisores
1024 2753 1228 2792 dicisores
1248 2751 1295 2790 K
1312 2753 1413 2804 (non
1435 2753 1494 2805 D)
1668 2768 1713 2793 11
1747 2753 1863 2804 quia]
1886 2754 2053 2806 quodB

312 2819 359 2855 13
382 2806 425 2844 in
446 2806 725 2848 similitudine
748 2807 783 2845 C
863 2808 1047 2847 existant
1078 2808 1114 2846 C
1206 2820 1253 2857 14
1274 2807 1384 2846 sicut
1411 2821 1497 2847 om.
1536 2808 1573 2846 T
1666 2819 1714 2857 15
1733 2809 1976 2858 infrangant
2006 2809 2052 2847 K

310 2862 358 2899 16
371 2873 450 2910 pro
465 2861 581 2910 long.
596 2866 638 2899 et
652 2860 875 2900 latitudine
889 2868 931 2901 et
945 2869 1026 2902 rot.
1041 2861 1086 2900 K
1158 2862 1404 2902 columellos
1421 2863 1456 2902 C
1539 2864 1590 2901 18
1607 2863 1769 2901 molunt
1785 2863 1819 2901 C
1902 2874 1951 2913 19
1965 2863 2049 2902 dis-

307 2922 487 2954 cernunt
516 2914 554 2953 T
656 2928 710 2954 20
738 2917 953 2966 gignendo
979 2916 1019 2954 T
1120 2929 1167 2954 21
1200 2917 1327 2955 etiam
1345 2930 1426 2956 om.
1445 2917 1514 2966 B:
1543 2923 1682 2956 autem
1699 2930 1781 2956 om.
1805 2915 1876 2959 K:
1905 2923 2046 2959 autem

307 2971 433 3013 etiam
463 2969 501 3007 T
603 2983 654 3019 24
684 2970 780 3014 sed]
806 2972 868 3010 sic
899 2970 946 3009 K
1035 2971 1127 3010 sim.
1153 2983 1230 3021 per
1248 2971 1542 3011 dirivationem
1562 2972 1644 3022 pal.
1667 2969 1728 3010 Kl
1839 2973 1892 3009 26
1921 2973 2050 3012 hahet

315 3023 375 3062 T:
413 3025 598 3070 habeant
628 3024 668 3063 Β
763 3018 782 3023 ”
834 3040 884 3075 27
916 3032 1089 3065 vocatae
1116 3038 1202 3065 om.
1235 3022 1282 3066 K
1311 3027 1412 3079 (non
1442 3025 1504 3077 D)
1673 3025 1807 3078 quod]
1839 3027 1945 3076 quia
1966 3026 2050 3083 KB

308 3077 411 3128 (non
434 3078 493 3128 D)
