2228 3444
484 140 1118 190 ETYMOLOGIARVM
1162 140 1291 186 LIB.
1334 139 1423 185 IV.
1462 135 1591 185 iv—vi

163 275 349 323 effusio.
421 270 597 321 Graeci
621 272 753 320 enim
785 272 848 319 fel
880 270 1032 335 χολὴν
1057 270 1242 318 dicunt.
1318 266 1656 317 Melancholia
1690 268 1822 316 dicta
1854 282 1914 315 eo
1937 276 1967 324 5

163 357 299 418 quod
339 356 398 404 sit
441 370 499 403 ex
538 354 660 416 nigri
700 351 950 415 sanguinis
994 352 1130 400 faece
1165 350 1383 399 admixta
1424 349 1732 397 abundantia
1773 347 1912 397 fellis.

164 436 340 486 Graeci
375 437 508 485 enim
545 436 694 499 μέλαν
730 435 920 496 nigrum
947 442 1140 492 vocant,
1169 433 1231 480 fel
1268 441 1434 479 autem
1472 431 1624 495 χολὴν
1648 431 1912 493 appellant.

164 519 369 582 Sanguis
392 519 565 566 Latine
586 525 787 565 vocatus
814 515 949 578 quod
971 514 1130 562 suavis
1152 513 1228 573 sit,
1249 514 1383 561 unde
1403 521 1452 560 et
1473 512 1714 570 homines,
1735 510 1914 574 quibus
1937 511 1972 558 6

118 623 140 663 5
163 602 444 650 dominatur
464 600 674 662 sanguis,
693 599 863 646 dulces
885 605 931 645 et
953 595 1123 644 blandi
1144 605 1273 644 sunt.
1335 595 1575 658 Phlegma
1593 602 1760 642 autem
1782 593 1913 641 dixe·
1938 604 1966 653 7

162 692 273 731 runt
289 683 426 745 quod
446 681 506 730 sit
528 681 712 743 frigida.
769 677 947 728 Graeci
967 679 1099 726 enirn
1122 677 1330 741 rigorem
1352 677 1630 742 φλεγμονήν
1648 675 1912 738 appellant.

164 767 238 814 Ex
275 765 350 812 his
387 771 616 826 quattuor
652 760 942 809 humoribus
980 767 1212 822 reguntur
1250 759 1370 818 sani,
1405 775 1461 807 ex
1500 757 1616 820 ipsis
1654 757 1917 805 laeduntur
1942 810 1959 816 μ

163 847 355 894 infirmi.
433 847 567 892 Dum
605 841 734 891 enim
773 840 983 904 amplius
1022 850 1155 889 extra
1185 856 1382 888 cursum
1422 849 1623 888 naturae
1661 836 1914 896 creverint,

164 925 494 991 aegritudines
515 925 714 973 faciunt.
774 925 847 972 Ex
873 922 1111 985 sanguine
1137 931 1302 970 autem
1330 930 1377 970 et
1403 922 1514 970 felle
1538 929 1712 969 acutae
1738 917 1918 982 passio·
1981 966 1984 967 ⁷

93 1035 143 1067 10
165 1026 250 1058 nes
278 1016 559 1067 nascuntur,
582 1022 703 1068 quas
729 1003 907 1054 Graeci
934 1006 1040 1062 ὀξέα
1061 1014 1252 1052 vocant.
1330 1005 1404 1050 Ex
1429 1004 1711 1066 phlegmate
1730 1017 1845 1050 vero
1871 1010 1919 1048 et

165 1090 493 1140 melancholia
508 1097 694 1137 veteres
714 1103 891 1135 causae
908 1087 1197 1148 procedunt,
1218 1101 1340 1147 quas
1357 1086 1535 1134 Graeci
1551 1085 1714 1149 χρόνια
1729 1083 1914 1131 dicunt.

300 1174 383 1220 DE
409 1186 589 1221 ACVTls
618 1183 825 1218 MORssls.
884 1169 1043 1227 Ὀξεῖα
1069 1177 1141 1216 est
1167 1176 1342 1216 acutus
1369 1168 1572 1216 morbus
1601 1165 1684 1230 qui
1711 1174 1795 1214 aut
1821 1163 1919 1212 cito
1942 1173 2000 1213 VI

165 1256 335 1303 transit
360 1262 444 1301 aut
470 1251 674 1301 celerius
700 1250 943 1310 interficit,
973 1259 1026 1298 ut
1052 1248 1288 1312 pleurisis,
1319 1248 1588 1312 phrenesis.
1645 1247 1761 1306 Ὀξὺ
1786 1247 1918 1295 6111111

164 1346 365 1385 acutum
385 1335 518 1398 apud
538 1335 756 1384 Graecos
777 1342 824 1382 et
844 1333 1066 1381 velocem
1088 1330 1344 1394 significat.
1402 1332 1579 1394 Χρονία
1606 1339 1678 1379 est
1705 1329 1921 1392 prolixus

96 1441 142 1481 15
167 1419 382 1482 corporis
408 1415 609 1465 morbus
637 1414 721 1478 qui
748 1415 913 1463 multis
948 1411 1254 1476 temporibus
1289 1422 1572 1472 remoratur,
1602 1422 1654 1460 ut
1688 1412 1917 1475 podagra,

166 1501 355 1563 pthisis.
416 1499 594 1562 Χρόνος
619 1496 750 1547 6111111
777 1497 911 1559 apud
937 1496 1154 1544 Graecos
1181 1503 1376 1557 tempus
1401 1495 1592 1542 dicitur.
1657 1493 1918 1554 Quaedam

164 1591 328 1630 autem
355 1582 608 1644 passiones
634 1596 691 1627 ex
716 1579 923 1642 propriis
949 1578 1108 1626 causis
1140 1591 1324 1625 nomen
1359 1584 1671 1639 acceperunt.
1748 1572 1917 1622 Febris
1941 1584 1985 1623 2>

164 1683 193 1713 a
218 1666 403 1713 fervore
437 1663 600 1723 dicta,
637 1670 711 1711 est
742 1660 875 1710 enim
905 1658 1211 1708 abundantia
1237 1657 1424 1707 caloris.
1496 1656 1721 1707 Frenesis
1755 1657 1918 1719 appel-
1941 1668 1971 1713 3

165 1749 262 1794 lata
288 1746 388 1794 sive
417 1745 480 1794 ab
508 1743 849 1808 inpedimento
882 1740 1087 1799 mentis;
1126 1739 1303 1790 Graeci
1339 1739 1470 1788 6111111
1504 1747 1722 1787 mentem
1749 1738 1920 1800 φρένας

94 1846 142 1875 20
166 1838 344 1878 vocant
367 1847 379 1888 ,·
433 1844 519 1877 seu
562 1828 699 1889 quod
742 1823 976 1874 dentibus
1020 1823 1317 1871 infrendant.
1405 1823 1534 1870 Nam
1580 1822 1804 1870 frendere
1848 1828 1920 1867 est

165 1912 339 1960 dentes
364 1918 640 1959 concutere.
719 1909 806 1955 Est
840 1916 1004 1955 autem
1037 1903 1339 1968 perturbatio
1365 1921 1478 1952 cum
1514 1901 1840 1965 exagitatione
1870 1910 1917 1948 et

166 1991 416 2041 dementia
436 2008 493 2039 ex
518 1988 763 2038 cholerica
783 1988 828 2037 vi
849 1990 1034 2036 effecta.
1088 1984 1370 2051 Cardia<ca)
1390 1985 1686 2034 vocabulum
1713 2001 1742 2031 a
1767 1983 1915 2031 corde
1939 1996 1986 2042 4.

167 2074 390 2137 sumpsit,
417 2074 538 2121 dum
564 2088 623 2120 ex
647 2072 813 2133 aliquo
839 2069 1013 2117 timore
1044 2077 1127 2116 aut
1154 2069 1325 2116 dolore
1358 2066 1578 2115 afficitur.
1654 2067 1754 2115 Cor
1784 2063 1914 2113 enim

168 2155 344 2205 Graeci
372 2155 558 2218 καρδίαν
577 2160 768 2202 vocant.
829 2154 917 2199 Est
943 2150 1075 2199 enim
1102 2150 1263 2198 cordis
1289 2148 1452 2211 passio
1478 2165 1593 2196 cum
1620 2146 1918 2196 formidabili

93 2262 141 2301 25
168 2248 315 2287 metu.
390 2234 650 2299 Lethargia
673 2251 702 2282 a
727 2250 904 2283 somno
930 2242 1115 2282 vocata.
1180 2234 1268 2279 Est
1294 2230 1427 2279 6111111
1453 2228 1707 2294 oppressio
1733 2227 1917 2277 cerebri
1940 2240 1971 2289 5

167 2337 282 2369 cum
301 2318 551 2368 oblivione
570 2326 618 2366 et
638 2333 816 2365 somno
835 2315 947 2378 iugi,
970 2313 1119 2363 veluti
1145 2311 1406 2362 stertentis.
1465 2312 1737 2374 Synanchis
1756 2328 1785 2359 a
1804 2327 1916 2359 con·
1940 2313 1975 2359 6

167 2401 375 2450 tinentia
398 2399 592 2464 spiritus
618 2408 665 2448 et
690 2395 1055 2461 praefocatione
1080 2395 1223 2444 dicta.
1300 2395 1475 2443 Graeci
1509 2392 1642 2442 enim
1669 2395 1919 2460 συνάγχειν

169 2483 421 2532 continere
445 2481 633 2530 dicunt.
695 2479 795 2541 Qui
821 2477 952 2527 enim
979 2479 1075 2526 hoc
1099 2476 1218 2525 vitio
1243 2475 1482 2535 laborant,
1504 2476 1674 2524 dolore
1699 2474 1915 2521 faucium

169 2567 523 2631 praefocantur.
599 2564 842 2611 Fleumon
885 2570 958 2609 est
995 2562 1153 2608 fervor
1191 2557 1433 2608 stomachi
1476 2573 1590 2605 cum
1631 2555 1915 2605 extensione
1937 2564 1968 2614 7

227 2708 250 2734 2
280 2693 389 2734 adm.
412 2699 454 2732 et
475 2692 660 2733 habund.
681 2690 727 2728 K
836 2703 860 2739 4
888 2695 1065 2728 vocatus
1084 2686 1188 2727 BT:
1220 2691 1395 2725 vocatur
1418 2683 1496 2723 CK
1601 2697 1625 2734 5
1652 2684 1718 2723 du.
1739 2696 1786 2722 ac
1807 2680 1862 2719 bl.
1879 2681 1921 2718 Β

171 2752 197 2790 6
218 2749 414 2798 frigorem
434 2747 469 2786 C
550 2761 576 2798 9
596 2745 758 2796 autem]
780 2744 892 2784 enim
910 2743 950 2781 Β
1047 2755 1092 2782 11
1118 2747 1264 2780 vetere
1280 2754 1405 2779 ausae
1419 2738 1476 2776 B1
1575 2751 1622 2777 12
1646 2737 1736 2788 qui]
1754 2748 1861 2786 quae
1877 2735 1924 2773 K

175 2817 222 2855 15
252 2804 442 2855 podagra
462 2802 557 2841 tisis
577 2799 718 2839 BCT:
749 2799 992 2850 podagricis
1008 2796 1052 2834 K
1154 2798 1204 2834 16
1225 2799 1321 2846 post
1337 2795 1492 2833 dicitur
1510 2806 1590 2843 seq.
1611 2798 1629 2842 ξ
1649 2806 1669 2842 7
1692 2793 1732 2830 in
1748 2789 1922 2828 BCDH

177 2861 225 2899 18
245 2872 342 2910 app.
356 2858 408 2897 ab
423 2859 511 2907 inp.
525 2854 570 2894 K
654 2868 704 2905 19
722 2867 782 2904 gr.
798 2855 910 2893 enim
927 2866 1039 2892 men.
1059 2849 1163 2890 KT:
1183 2851 1282 2900 quia
1298 2862 1357 2899 gr.
1374 2862 1484 2888 men.
1499 2847 1580 2886 BC
1658 2859 1710 2884 22
1731 2844 1916 2884 Cardian

173 2913 219 2952 K
367 2926 419 2962 23
448 2912 545 2951 dum
567 2909 647 2949 BC
651 2909 687 2948 T
697 2926 706 2951 :
736 2922 829 2948 curn
846 2907 892 2946 K
1053 2918 1103 2955 27
1137 2903 1378 2956 συνάγχειν]
1398 2903 1583 2942 sinancis
1605 2900 1758 2952 (—nac-)
1779 2897 1890 2938 codd.
1909 2914 1916 2938 :

175 2967 363 3019 συνέχειν
380 2966 486 3006 Cael.
502 2964 727 3005 Aureliani
741 2963 827 3002 edd.
926 2966 945 3010 ξ
964 2974 985 3011 7
1008 2965 1044 2999 et
1059 2964 1154 3012 post
1166 2959 1321 2999 dicitur
1335 2961 1373 3007 (ξ
1392 2962 1430 3011 1)
1446 2962 1482 2997 et
1495 2955 1658 2995 hocloco
1673 2955 1716 2993 in
1731 2952 1912 3002 BCDH,

173 3021 246 3062 sed
254 3023 389 3074 priore
407 3022 488 3061 loco
508 3021 563 3059 ita
676 3019 880 3058 Fleumon
901 3022 964 3056 est
988 3019 1089 3067 (om.
1110 3013 1175 3067 H)
1199 3013 1433 3065 inquietum
1456 3015 1540 3062 (qu.
1566 3010 1627 3059 D)
1651 3021 1744 3048 cum
1765 3008 1917 3047 rubore

179 3077 261 3127 (10-
282 3076 393 3129 DH)
413 3082 457 3116 et
477 3075 624 3115 dolore
645 3079 688 3113 et
709 3073 905 3112 tensione
925 3072 1029 3122 (-nt-
1050 3070 1114 3114 H.
1135 3075 1176 3108 et
1198 3068 1351 3108 duritia
1371 3073 1414 3107 et
1434 3066 1639 3105 vastitate.
1699 3063 1805 3102 Nam
1822 3074 1914 3102 cum

134 3148 143 3156 *
178 3131 369 3182 eoeperit
385 3130 476 3170 fieri
493 3131 703 3169 sseumone
721 3134 760 3168 et
782 3126 1029 3177 inquietudo
1045 3124 1172 3164 febris
1189 3123 1476 3173 consequitur.
1527 3120 1649 3159 Vnde
1667 3147 1677 3159 .
1696 3148 1702 3157 .
1719 3148 1727 3158 .
1748 3118 1916 3167 accepit
