2176 3424
347 135 979 183 ETYMOLOGIARVM
1019 135 1148 182 LIB.
1190 137 1329 182 XIX.
1371 134 1495 194 xxiii,
1527 135 1635 183 xxiv

18 261 24 270 ’
108 265 282 328 palmis
316 265 524 313 intextas
562 265 778 313 haberet.
852 266 991 327 Toga
1028 266 1241 314 candida
1275 267 1552 329 eademque
1588 275 1772 315 cretata
1809 268 1858 314 in
1883 266 1918 312 6

107 363 206 409 qua
239 345 503 406 candidati,
532 347 582 394 id
615 356 687 394 est
717 347 1052 409 magistratum
1087 355 1324 410 petentes,
1353 347 1655 407 ambiebant,
1688 347 1857 397 addita

106 438 238 476 creta
277 445 376 492 quo
420 427 677 476 candidior
719 426 1053 491 insigniorque
1095 437 1236 478 esset.
1311 429 1488 478 Cicero
1536 428 1587 477 in
1635 429 1857 478 oratione

106 527 254 572 quam
293 510 466 576 habuit
499 518 670 557 contra
703 510 1033 572 conpetitores
1068 512 1156 558 ‘In
1187 511 1328 573 Toga
1359 509 1615 560 Candida'
1647 511 1855 574 scripsit.

59 615 80 654 5
107 589 311 640 Cinctus
350 589 573 639 Gabinus
610 599 683 639 est
720 607 832 638 cum
867 589 932 638 ita
970 590 1223 653 inponitur
1253 601 1366 654 toga
1398 600 1451 639 ut
1483 601 1625 655 togae
1661 592 1853 654 lacinia,
1885 603 1914 652 7

104 688 230 735 quae
255 682 368 735 post
393 689 533 721 secus
559 671 766 731 reicitur,
795 672 1067 721 adtrahitur
1091 675 1153 722 ad
1180 682 1367 737 pectus,
1395 672 1461 722 ita
1487 683 1540 722 ut
1566 691 1624 722 ex
1649 683 1858 737 utroque

103 755 252 803 latere
289 771 346 803 ex
382 753 598 802 humeris
635 755 852 817 picturae
888 756 1152 817 pendeant,
1195 765 1247 803 ut
1284 757 1563 804 sacerdotes
1598 755 1854 819 gentilium

103 835 348 886 faciebant
373 845 456 884 aut
482 834 803 898 cingebantur
831 846 1091 898 praetores.
1151 837 1346 885 Trabea
1372 846 1473 885 erat
1499 846 1641 900 togae
1667 837 1855 900 species
1879 838 1909 885 8

105 936 162 966 ex
199 933 411 981 purpura
444 926 492 966 et
521 934 674 965 cocco
705 934 802 980 qua
833 919 988 980 operti
1028 921 1370 967 Romanorum
1406 934 1541 981 reges
1576 918 1715 968 initio
1750 937 1857 983 pro-

35 1019 84 1054 10
105 1000 363 1048 cedebant.
438 1001 586 1046 Hanc
617 997 829 1061 primum
858 1001 1102 1048 Romulus
1136 999 1450 1048 adinvenisse
1482 999 1768 1063 perhibetur
1792 1003 1857 1050 ad

105 1080 449 1131 discretionem
467 1079 583 1143 regii
610 1079 822 1128 habitus.
894 1081 1089 1130 Trabea
1114 1091 1278 1130 autem
1307 1081 1439 1131 dicta
1455 1083 1592 1145 quod
1618 1082 1667 1130 in
1686 1082 1858 1131 maiori

102 1162 254 1227 gloria
270 1162 523 1211 hominem
543 1162 859 1221 transbearet,
882 1164 978 1211 hoc
998 1172 1070 1212 est
1087 1165 1212 1212 ultra
1228 1173 1276 1213 et
1293 1163 1343 1211 in
1362 1173 1614 1227 posterum
1632 1164 1858 1228 ampliori

104 1244 342 1309 dignitate
366 1245 568 1292 honoris
602 1244 801 1292 beatum
828 1245 1021 1293 faceret.
1097 1247 1511 1294 Paludamentum
1539 1255 1640 1294 erat
1666 1245 1858 1310 insigne
1884 1260 1919 1306 9

104 1328 303 1390 pallium
354 1325 685 1389 inperatorum
733 1342 886 1374 cocco
934 1343 1247 1390 purpuraque
1294 1337 1342 1376 et
1384 1344 1503 1376 auro
1551 1327 1857 1377 distinctum.

36 1433 80 1472 ¹5
106 1409 183 1456 De
209 1425 309 1470 quo
335 1405 589 1455 Sallustius
617 1406 770 1470 (Hist.
798 1425 835 1467 1,
860 1407 974 1471 87):
1015 1410 1258 1472 ‘Togam,'
1285 1410 1456 1472 inquit,
1486 1410 1861 1472 ‘paludamento

106 1489 341 1538 mutavit.'
422 1491 538 1536 Erat
586 1497 750 1536 autem
799 1488 1001 1551 pallium
1063 1490 1314 1551 bellicum,
1359 1490 1562 1551 dictum,
1612 1488 1860 1555 aliquibus

106 1570 310 1629 videtur,
362 1572 498 1634 quod
548 1587 608 1619 eo
656 1570 858 1619 indutus
907 1573 1069 1635 palam
1120 1574 1302 1621 faceret
1361 1573 1625 1636 imperator
1671 1574 1858 1623 bellum

107 1654 338 1700 futurum.
479 1651 870 1701 Circumtextum
912 1662 984 1700 est
1031 1654 1168 1716 quod
1207 1655 1397 1702 Graece
1447 1656 1618 1705 κυκλὰς
1666 1654 1858 1704 dicitur.
1883 1675 1943 1710 10

109 1733 186 1781 De
212 1748 312 1795 quo
337 1731 580 1795 Vergilius
608 1731 752 1795 (Aen.
779 1750 818 1793 1,
839 1734 956 1796 649)
979 1754 987 1782 ε

38 1838 88 1866 20
378 1816 441 1862 Et
477 1813 851 1863 circumtextum
889 1832 1066 1864 croceo
1103 1817 1328 1864 velamen
1363 1818 1591 1865 acantho.

108 1891 496 1944 Circumtextum
522 1906 687 1944 autem
714 1895 902 1944 dictum
929 1896 1044 1960 quia
1074 1906 1146 1945 est
1181 1899 1448 1946 rotundum
1485 1899 1701 1961 pallium.
1778 1899 1861 1947 Di·
1885 1913 1930 1947 11

107 1974 230 2037 plois
247 1976 493 2026 Graecum
515 1994 713 2037 nomen,
736 1978 800 2026 ab
821 1995 880 2027 eo
900 1980 1034 2042 quod
1056 1978 1115 2028 sit
1136 1980 1317 2042 duplex
1334 1981 1555 2029 amictus.
1622 1981 1860 2031 Horatius

108 2056 285 2119 (Epist.
314 2076 351 2117 1,
381 2072 452 2118 17,
478 2058 589 2121 25):

343 2140 529 2188 Contra
566 2156 714 2203 quem
752 2140 936 2203 duplici
974 2158 1141 2204 panno
1177 2142 1415 2205 patientia
1451 2144 1590 2192 velat.

36 2243 83 2283 25
110 2222 198 2268 Est
223 2229 388 2269 autem
422 2221 568 2270 vestis
600 2222 831 2282 militaris,
861 2222 999 2271 cuius
1032 2241 1146 2272 usus
1181 2225 1382 2273 Gallicis
1415 2225 1629 2288 primum
1663 2228 1859 2290 expedi·
1882 2243 1937 2278 12

109 2301 326 2350 tionibus
352 2302 516 2366 coepit
543 2320 570 2351 e
602 2305 784 2366 praeda
810 2304 987 2353 hostili.
1064 2308 1140 2354 De
1178 2323 1276 2368 qua
1301 2316 1374 2355 est
1399 2324 1494 2356 vox
1531 2309 1613 2356 illa
1636 2309 1827 2358 senatui
1849 2329 1857 2358 z

111 2383 288 2446 ‘Togis
337 2384 574 2448 depositis
625 2384 840 2446 Quirites
888 2388 952 2435 ad
1000 2403 1114 2451 saga
1162 2389 1391 2438 fuerunt.'
1463 2391 1643 2453 Sagum
1691 2400 1857 2441 autem
1883 2401 1938 2447 13

166 2527 183 2554 1
217 2515 363 2553 eadem
385 2515 555 2555 credata
575 2515 621 2554 K
640 2516 744 2568 (non
770 2516 824 2567 U)
966 2531 990 2556 2
1020 2516 1181 2568 addita]
1204 2519 1315 2558 dicta
1337 2519 1372 2558 C
1506 2534 1530 2569 4
1560 2522 1766 2571 petitores
1787 2523 1833 2562 K
1849 2538 1857 2562 ε

109 2568 312 2619 pitatores
339 2570 385 2607 N
413 2571 516 2621 (non
541 2570 601 2622 U)
771 2583 794 2621 5
825 2571 950 2621 gabin
985 2578 1048 2611 est
1081 2573 1127 2611 K
1290 2587 1312 2623 7
1343 2575 1477 2614 latere
1509 2578 1571 2626 (·e
1601 2590 1651 2614 ex
1677 2579 1799 2628 corr.)
1826 2578 1864 2616 T

109 2624 183 2675 ex]
206 2624 248 2662 in
261 2623 319 2662 Β1
475 2639 502 2676 9
530 2625 846 2675 praecedebant
862 2626 897 2664 C
1051 2641 1101 2666 10
1130 2628 1289 2677 primus
1305 2628 1351 2665 K
1503 2631 1854 2671 **advenisseB1

113 2690 156 2716 11
191 2679 305 2728 regis
341 2678 395 2729 (is
427 2693 475 2718 ex
502 2681 623 2730 corr.)
667 2679 703 2718 T
920 2694 967 2718 12
1001 2683 1296 2722 transveheret
1330 2683 1375 2722 K
1521 2691 1779 2734 postremum
1815 2686 1856 2724 Β

114 2746 160 2781 14
190 2739 230 2771 et
254 2746 332 2772 om.
354 2733 399 2772 K
508 2744 556 2783 15
586 2735 882 2784 paludamenta
897 2735 996 2774 BF:
1021 2737 1263 2786 paludatum
1278 2736 1324 2775 K
1339 2740 1444 2788 (non
1461 2738 1519 2791 U>
1637 2742 1686 2779 16
1713 2747 1852 2779 autem

109 2799 190 2826 om.
214 2787 249 2826 C
266 2787 368 2837 (non
393 2787 456 2835 U)
679 2790 872 2839 pellicum
895 2790 934 2828 Β
1143 2792 1351 2841 aliquibus
1371 2792 1479 2833 KN:
1511 2807 1535 2832 a
1555 2795 1707 2844 quibus
1727 2795 1854 2834 B¹T:

109 2854 133 2879 a
153 2841 398 2891 quibusdam
426 2842 489 2882 U:
519 2848 564 2882 ut
585 2843 834 2893 quibusdam
856 2844 891 2883 C
1053 2847 1100 2884 18
1130 2847 1193 2885 vel
1210 2847 1353 2898 cyclas
1512 2861 1564 2887 20
1595 2861 1790 2888 croceum
1812 2850 1859 2888 K

110 2902 261 2935 acanto
283 2896 394 2936 codd.
604 2910 655 2936 22
685 2911 751 2939 no.
774 2905 838 2939 est
857 2899 908 2938 ab
929 2899 976 2938 K
1164 2903 1218 2939 26
1247 2901 1292 2953 e]
1313 2908 1355 2942 et
1374 2901 1501 2941 BKP
1635 2910 1700 2943 est
1720 2917 1802 2944 om.
1824 2905 1860 2944 C

113 2950 218 3001 (non
238 2950 422 3003 DFPU)
560 2958 735 2992 senatus
758 2953 815 2992 C:
845 2959 930 2992 -tor
948 2954 1014 2994 D:
1045 2956 1210 2994 sanavit
1229 2956 1285 2994 Β1

170 3112 272 3150 1182
295 3123 327 3151 11
981 3132 1011 3164 γ
