2228 3444
1089 189 1360 238 ISIDORI

295 328 331 375 6
355 327 473 368 tum.
549 320 763 367 Vincula
787 336 816 367 a
841 318 1119 378 vinciendo,
1145 317 1197 369 id
1222 327 1295 368 est
1324 319 1532 369 artando
1557 316 1701 377 dicta,
1730 335 1791 368 eo
1816 320 1953 382 quod
1985 335 2099 367 con-

301 422 331 472 7
354 402 596 467 stringant
616 412 765 466 atque
798 404 1072 463 retineant3
1107 404 1184 452 vel
1217 404 1333 466 quia
1361 401 1407 452 vi
1443 402 1607 467 ligant.
1687 403 1954 468 Conpedes
1979 400 2100 450 dicti

295 490 325 537 8
356 486 472 548 quia
500 483 758 535 continent
789 486 956 549 pedes.
1030 487 1259 534 Peducae
1292 495 1405 534 sunt
1438 486 1601 550 laquei
1634 487 1813 550 quibus
1847 485 1999 548 pedes
2034 482 2102 530 in-

294 584 329 630 9
357 569 661 631 laqueantur,
691 567 852 617 dictae
877 585 906 616 a
930 567 1142 631 pedibus
1167 568 1439 632 capiendis.
1513 570 1733 619 Catenae
1756 577 1935 627 autem,
1966 565 2102 628 quod

362 651 608 715 capiendo
659 659 861 700 teneant
903 661 1109 715 utraque
1145 651 1359 715 vestigia,
1399 668 1463 701 ne
1499 652 1885 715 progrediantur.
1971 650 2100 696 Item
2132 669 2153 710 5

273 752 331 788 10
361 743 580 793 catenae,
607 735 744 797 quod
778 751 830 783 se
862 733 1107 797 capiendo
1140 743 1340 783 teneant
1378 732 1597 798 plurimis
1632 732 1791 783 nodis.
1867 729 2099 779 Manicae

361 826 475 865 sunt
511 816 706 866 vincula
738 815 918 879 quibus
948 833 1124 865 manus
1158 816 1416 881 capiuntur
1433 835 1446 878 3
1484 815 1598 865 licet
1635 824 1682 864 et
1714 816 1938 864 manicae
1974 814 2098 862 tuni-

189 916 247 963 11,
277 916 332 951 12
362 915 529 948 carum
550 908 679 947 sunt.
725 899 890 947 Nervi.
945 900 1069 947 Boia
1089 908 1162 948 est
1180 907 1379 962 torques
1395 900 1757 958 damnatorum,
1778 896 1918 961 quasi
1932 898 2100 959 iugum

275 999 330 1046 13
359 981 410 1030 in
436 982 563 1031 bove
588 998 647 1030 ex
664 998 843 1044 genere
867 980 1177 1030 vinculorum
1195 990 1280 1031 est.
1356 983 1548 1042 Carcer,
1569 981 1621 1030 in
1637 998 1736 1044 quo
1757 981 2100 1030 custodiuntur

364 1066 511 1114 noxii.
587 1065 651 1112 Et
683 1063 843 1113 dictus
877 1081 1041 1114 carcer
1077 1065 1214 1127 quod
1243 1080 1304 1113 eo
1340 1063 1566 1114 homines
1600 1072 1918 1113 coerceantur
1954 1061 2104 1110 inclu-
2133 1081 2183 1109 10

360 1151 651 1211 danturque,
681 1147 821 1211 quasi
849 1164 998 1208 arcer,
1025 1147 1089 1196 ab
1120 1148 1338 1196 arcendo
1369 1146 1566 1196 scilicet.
1642 1148 1833 1195 Locum
1859 1153 2025 1194 autem
2050 1145 2101 1191 in

360 1248 461 1296 quo
479 1239 731 1280 servantur
746 1229 894 1290 noxii,
916 1246 1161 1279 carcerem
1182 1229 1392 1280 dicimus
1409 1246 1618 1279 numero
1636 1238 1829 1278 tantum
1847 1227 2073 1292 singulari
2087 1246 2100 1289 3

360 1316 495 1363 unde
514 1330 629 1362 vero
655 1314 945 1362 emittuntur
971 1313 1249 1376 quadrigae,
1279 1329 1496 1362 carceres
1523 1328 1757 1361 vocamus
1773 1327 1980 1360 numero
2000 1319 2100 1358 tan-

273 1411 328 1459 14
359 1406 465 1446 tum
502 1395 691 1460 plurali.
762 1395 984 1444 Verbera
1019 1394 1165 1456 dicta,
1205 1396 1322 1458 quia
1357 1411 1470 1444 cum
1507 1395 1762 1458 agitantur,
1803 1410 1965 1442 aerem
2001 1407 2101 1440 ver-

363 1479 549 1528 berant.
625 1479 763 1526 Hinc
799 1479 948 1541 flagra
984 1487 1032 1527 et
1068 1479 1240 1541 plagae
1278 1486 1326 1526 et
1362 1478 1566 1540 flagella,
1598 1475 1713 1539 quia
1749 1492 1863 1524 curn
1900 1477 2017 1524 flatu
2057 1480 2106 1522 et
2135 1492 2181 1532 15

365 1560 569 1625 strepitu
607 1560 658 1609 in
694 1577 900 1625 corpore
937 1569 1128 1609 sonant.
1218 1562 1349 1609 Nam
1385 1562 1572 1624 plagae,
1610 1560 1749 1623 quasi
1787 1560 1941 1622 flagae
1967 1576 1981 1619 3
2017 1557 2104 1606 sed

354 1645 526 1708 plagae
543 1651 590 1692 et
611 1644 759 1706 flagra
775 1642 961 1707 primae
976 1642 1234 1707 positionis
1251 1652 1378 1702 sunt,
1398 1644 1588 1706 flagella
1607 1651 1772 1692 autem
1789 1657 1875 1706 per
1890 1640 2100 1692 diminu-

279 1739 331 1789 15
359 1725 547 1775 tionem
584 1726 733 1775 dicta.
806 1727 1036 1789 Anguilla
1073 1734 1146 1775 est
1184 1741 1281 1790 qua
1317 1734 1605 1775 coercentur
1641 1726 1691 1773 in
1728 1723 1909 1774 scholis
1945 1724 2097 1788 pueri,

272 1809 332 1856 16
357 1824 485 1871 quae
522 1810 670 1872 vulgo
710 1808 895 1858 scotica
933 1807 1124 1857 dicitur.
1199 1809 1373 1858 Fustes
1412 1817 1526 1857 sunt
1555 1806 1735 1871 quibus
1772 1808 1972 1857 iuvenes
2003 1823 2092 1870 pro

372 1890 660 1940 criminibus
710 1890 962 1949 feriuntur,
999 1891 1232 1954 appellati
1268 1892 1404 1953 quod
1440 1889 1641 1954 praefixi
1678 1892 1727 1938 in
1764 1889 1906 1940 fossis
1944 1897 2074 1938 stent
2094 1905 2107 1948 3
2134 1912 2185 1941 20

283 1988 335 2038 17
358 1991 482 2037 quos
509 1976 646 2037 palos
671 1973 839 2022 rustici
862 1982 1056 2023 vocant.
1129 1975 1310 2022 Vectes
1336 1972 1454 2022 dicti
1488 1974 1624 2037 quod
1655 1973 1884 2022 manibus
1909 1982 2103 2022 vecten-

359 2066 449 2116 tur,
470 2058 605 2106 unde
631 2056 756 2105 ostia
781 2072 994 2120 saxaque
1017 2057 1262 2105 velluntur
1283 2074 1296 2117 3
1333 2057 1421 2105 sed
1445 2055 1496 2104 hi
1520 2058 1585 2106 ad
1609 2073 1795 2121 poenas
1813 2059 1977 2121 legum
2003 2074 2106 2105 non

277 2144 332 2191 18
357 2140 617 2205 pertinent.
662 2138 841 2204 Virgae
858 2147 971 2188 sunt
988 2140 1295 2188 summitates
1311 2139 1562 2189 frondium
1578 2139 1923 2203 arborumque,
1942 2139 2104 2189 dictae

363 2225 500 2287 quod
523 2220 702 2271 virides
729 2221 839 2281 sint,
856 2222 933 2271 vel
958 2224 1094 2285 quod
1120 2221 1219 2271 vim
1245 2223 1461 2271 habeant
1479 2223 1717 2286 arguendi
1738 2241 1751 2284 3
1786 2241 1913 2287 quae
1929 2222 2107 2273 silenis

365 2306 522 2364 fuerit,
543 2303 677 2368 virga
693 2313 765 2353 est
783 2322 796 2365 3
831 2304 871 2352 si
887 2314 1018 2353 certe
1044 2305 1237 2353 nodosa
1261 2306 1337 2353 vel
1362 2306 1597 2363 aculeata,
1614 2305 1808 2369 scorpio
1833 2306 2105 2357 rectissimo
2136 2329 2183 2369 ²5

275 2405 336 2452 19
361 2388 578 2447 nomine,
605 2388 720 2450 quia
745 2395 945 2436 arcuato
970 2388 1171 2436 vulnere
1196 2385 1248 2435 in
1272 2402 1449 2450 corpus
1474 2386 1702 2450 infigitur.
1755 2389 1890 2437 Ictus
1910 2387 2104 2452 proprie

423 2532 441 2558 1
472 2518 682 2558 vincendo
703 2518 749 2557 K
912 2517 1174 2568 constringat
1193 2517 1234 2556 Β
1453 2531 1477 2556 2
1509 2518 1606 2568 quia
1625 2518 1800 2568 vigilant
1820 2518 1888 2559 vel
1911 2520 2050 2558 sciunt
2069 2516 2115 2556 K

367 2574 505 2613 dictae
528 2573 563 2612 C
695 2586 721 2623 3
752 2572 946 2612 Peduces
965 2570 1090 2612 BCK
1243 2586 1267 2621 4
1298 2572 1460 2611 catena
1483 2605 1491 2613 .
1514 2603 1524 2613 .
1548 2602 1557 2612 .
1582 2578 1725 2612 teneat
1749 2572 1784 2612 C
1917 2575 1944 2612 6
1974 2573 2110 2613 Mani-

364 2642 436 2669 ces
456 2627 536 2667 BC
730 2641 751 2676 7
784 2628 954 2679 manus]
979 2628 1171 2666 manicae
1192 2626 1238 2664 K
1449 2629 1475 2665 8
1507 2627 1638 2667 Nervi
1659 2641 1741 2668 om.
1766 2629 1802 2667 C
2008 2628 2110 2667 Boia

363 2684 454 2724 sive
475 2682 693 2722 nervicula
714 2688 781 2721 est
803 2683 838 2722 C
963 2683 1089 2732 iugus
1107 2680 1249 2721 BTV1
1269 2696 1278 2720 :
1308 2682 1406 2733 iuga
1430 2681 1465 2720 C
1623 2696 1650 2734 9
1679 2688 1744 2722 est
1764 2697 1847 2722 om.
1869 2683 1916 2721 K
2067 2684 2110 2722 in

365 2752 448 2790 quo
468 2768 478 2777 .
503 2768 512 2778 .
536 2767 546 2778 .
572 2750 719 2778 carcer
732 2751 814 2776 om.
831 2735 878 2775 K
888 2737 994 2787 (non
1006 2738 1069 2790 A)
1187 2750 1237 2776 10
1265 2749 1351 2786 quo
1373 2750 1424 2776 eo
1453 2736 1491 2775 T
1654 2750 1699 2776 11
1732 2737 1872 2790 arcer]
1895 2751 1920 2776 a
1942 2749 2112 2777 carcere

363 2793 526 2847 K(non
542 2793 607 2846 A)
718 2793 754 2831 si
775 2792 875 2831 licet
901 2791 938 2830 T
1100 2804 1148 2830 12
1178 2791 1417 2832 diximusB
1527 2798 1630 2832 tant.
1652 2805 1766 2832 num.
1790 2793 1896 2842 sing.
1919 2793 1972 2831 T:
1996 2804 2109 2830 num.

365 2849 474 2899 sing.
497 2849 540 2887 Β
705 2860 754 2896 14
783 2848 966 2897 agitatur
988 2843 1038 2886 Cl
1146 2846 1374 2886 verberent
1401 2846 1439 2885 T
1565 2858 1612 2897 15
1643 2847 1767 2898 plage
1788 2860 1887 2887 corr.
1907 2847 1951 2885 in
1971 2860 2052 2886 ras.
2081 2845 2119 2884 T

371 2917 418 2952 17
448 2905 526 2943 sed
544 2903 668 2954 plage
696 2901 774 2941 T2:
802 2909 867 2941 set
887 2903 996 2952 ssage
1017 2906 1066 2940 ut
1081 2901 1160 2941 vid.
1191 2900 1228 2939 T
1227 2901 1243 2927 l
1354 2915 1431 2952 per
1450 2901 1744 2941 dirivationem
1764 2899 1812 2939 K
1921 2902 1970 2940 18
1998 2901 2114 2940 scola

369 2958 415 2996 K
562 2971 613 3009 19
641 2957 847 2997 inscotica
870 2956 919 2997 C1
1067 2970 1121 2996 20
1147 2961 1288 2996 astent
1310 2955 1346 2995 C
1489 2970 1542 2995 22
1571 2962 1693 2996 ostea
1716 2955 1815 2996 CT:
1845 2961 1887 2994 et
1907 2961 2026 2995 ostea
2050 2955 2090 2994 U
2102 2970 2111 2995 ε

369 3019 488 3053 ostea
508 3013 622 3065 (ho-)
643 3019 795 3052 vectea
812 3011 911 3051 ΚΜ
925 3013 1030 3064 (non
1049 3011 1129 3063 A),
1151 3011 1261 3051 unde
1278 3011 1509 3052 Kueblerus
1526 3025 1692 3052 versum
1700 3010 1832 3063 fingit
1848 3011 1955 3051 ostia
1975 3011 2110 3060 vecte!

371 3069 570 3119 Saxaque
589 3067 806 3107 velluntur
1025 3066 1067 3106 hi
1087 3079 1169 3106 om.
1202 3065 1241 3104 T
1466 3080 1517 3116 24
1545 3066 1679 3105 viride
1709 3065 1747 3104 T
1957 3070 2056 3105 sunt
2077 3064 2116 3104 B

372 3124 528 3162 habent
555 3123 592 3161 T
708 3122 920 3172 urguendi
943 3121 1140 3161 Schwarz
1267 3121 1337 3171 qui
1357 3121 1392 3160 si
1413 3121 1454 3159 Β
1631 3132 1681 3171 25
1710 3132 1812 3171 urga
1837 3119 1874 3159 T
1997 3124 2111 3159 certe

371 3178 451 3217 BC
456 3177 515 3216 T:
545 3183 682 3217 autem
703 3178 749 3216 K
855 3179 909 3216 26
937 3183 1085 3216 acuato
1105 3173 1151 3213 K
