2228 3444
522 120 1154 169 ETYMOLOGIARVM
1195 119 1322 165 LIB.
1363 118 1480 164 VII.
1522 116 1549 176 i,
1589 116 1620 163 ii

196 250 291 298 hoc
329 259 402 299 est
434 258 625 298 unctus.
711 252 1035 313 Praeceptum
1070 247 1202 297 enim
1237 249 1391 296 fuerat
1427 247 1626 295 Iudaeis
1661 254 1713 294 ut
1747 262 1939 294 sacrum

195 334 495 381 conficerent
522 341 848 395 unguentum,
873 347 972 394 quo
1006 329 1246 394 perungui
1276 337 1477 393 possent
1502 327 1553 375 hi
1588 328 1673 390 qui
1699 327 1941 375 vocaban-

194 423 270 463 tur
293 415 359 463 ad
382 412 712 462 sacerdotium
737 415 814 462 vel
839 414 902 461 ad
927 429 1131 475 regnum
1153 431 1161 460 ε
1198 421 1246 460 et
1272 410 1398 460 sicut
1421 426 1556 458 nunc
1581 407 1776 472 regibus
1802 407 1940 457 indu-

194 504 416 544 mentum
450 511 692 558 purpurae
724 493 914 557 insigne
948 503 1020 542 est
1054 492 1214 557 regiae
1247 491 1516 555 dignitatis,
1541 490 1608 540 sic
1638 489 1732 538 illis
1770 489 1940 538 unctio

146 596 168 637 5
192 576 313 626 sacri
338 576 575 641 unguenti
594 594 778 625 nomen
794 593 851 624 ac
868 584 1164 638 potestatem
1198 575 1380 638 regiam
1407 572 1692 622 conferebat
1711 590 1723 632 ,·
1756 581 1803 620 et
1823 571 1940 620 inde

193 657 374 708 Christi
422 658 540 708 dicti
586 675 616 706 a
661 657 940 713 chrismate,
989 658 1125 720 quod
1173 665 1245 705 est
1294 657 1475 704 unctio.
1552 657 1683 703 Nam
1726 652 1993 715 chrisma3

192 740 397 801 Graece,
425 739 596 789 Latine
622 741 790 788 unctio
815 748 1143 802 nuncupatur,
1169 754 1295 801 quae
1325 737 1472 786 etiam
1505 738 1727 785 Domino
1753 752 1937 784 nomen

192 821 595 872 adcommodavit
631 823 759 870 facta
795 819 1038 884 spiritalis,
1064 819 1179 883 quia
1217 818 1398 883 Spiritu
1435 827 1613 866 unctus
1651 825 1724 866 est
1759 834 1788 864 a
1826 819 1937 864 Deo

194 906 353 964 Patre,
392 903 516 952 sicut
558 904 606 951 in
644 902 854 951 Actibus
892 901 1096 967 (4,27):
1161 902 1402 951 ‘Collecti
1439 908 1553 948 sunt
1589 899 1720 948 enim
1759 898 1809 946 in
1845 899 1938 945 hac

123 1003 170 1031 10
193 985 386 1035 civitate
417 986 650 1035 adversus
681 993 905 1033 sanctum
942 983 1119 1032 Filium
1153 993 1312 1043 tuum,
1343 999 1492 1045 quem
1526 980 1793 1030 unexisti':
1836 996 1939 1028 non

192 1067 362 1131 utique
387 1069 499 1116 oleo
524 1066 719 1127 visibili,
743 1067 830 1115 sed
863 1066 1045 1129 gratiae
1079 1066 1232 1124 dono,
1257 1065 1394 1127 quod
1427 1062 1607 1112 visibili
1641 1061 1940 1126 significatur

190 1159 458 1213 unguento.
510 1151 627 1198 Non
654 1157 726 1198 est
750 1156 916 1196 autem
934 1148 1196 1197 Salvatoris
1221 1145 1473 1210 proprium
1494 1162 1681 1194 nomen
1698 1143 1940 1204 Christus,
1963 1164 1996 1211 4

191 1234 279 1282 sed
326 1230 605 1281 communis
660 1229 965 1293 nuncupatio
1013 1228 1282 1292 potestatis.
1376 1231 1510 1276 Dum
1574 1226 1705 1276 enim
1762 1225 1941 1275 dicitur

191 1313 434 1374 Christus,
458 1330 725 1362 commune
750 1311 1000 1375 dignitatis
1026 1327 1212 1359 nomen
1237 1320 1309 1358 est
1329 1328 1341 1370 3
1380 1311 1499 1358 dum
1530 1311 1669 1358 Iesus
1697 1307 1940 1368 Christus,

117 1418 166 1458 15
191 1396 441 1461 proprium
490 1404 562 1444 est
609 1394 906 1443 vocabulum
956 1392 1232 1442 Salvatoris.
1308 1390 1490 1441 Christi
1538 1400 1703 1440 autem
1752 1406 1937 1438 nomen
1965 1403 1996 1452 5

192 1494 435 1541 nusquam
462 1477 577 1526 alibi
617 1475 823 1525 omnino
849 1492 940 1524 nec
968 1476 1017 1523 in
1042 1474 1206 1537 aliqua
1230 1482 1375 1537 gente
1403 1472 1504 1533 fuit,
1534 1472 1626 1521 nisi
1662 1482 1854 1521 tantum
1888 1471 1937 1519 in

192 1558 274 1608 illo
308 1576 459 1623 regno
495 1558 578 1607 ubi
614 1557 838 1608 Christus
873 1556 1272 1621 prophetabatur,
1303 1566 1350 1604 et
1385 1556 1519 1604 unde
1553 1564 1787 1604 venturus
1822 1564 1935 1603 erat.

193 1642 401 1691 Messias
427 1650 591 1690 autem
613 1640 862 1688 Hebraice
887 1638 1079 1699 dicitur,
1102 1640 1291 1687 Graece
1319 1638 1558 1697 Christus,
1579 1636 1755 1685 Latina
1773 1645 1939 1685 autem
1966 1642 2001 1689 6

192 1723 442 1773 locutione
468 1732 657 1771 unctus.
712 1724 850 1770 Iesus
878 1720 1141 1780 Hebraice,
1171 1721 1359 1769 Graece
1384 1717 1556 1783 σωτήρ,
1578 1718 1751 1768 Latine
1776 1729 1941 1768 autem
1968 1735 1999 1790 7

121 1823 171 1852 20
195 1805 415 1856 salutaris
441 1807 540 1854 sive
575 1806 783 1853 salvator
817 1802 1176 1865 interpretatur,
1201 1818 1288 1865 pro
1322 1817 1382 1850 eo
1416 1803 1552 1864 quod
1579 1800 1768 1849 cunctis
1793 1800 1946 1864 genti-

194 1889 286 1937 bus
320 1887 534 1937 salutifer
560 1887 705 1934 venit.
783 1884 1145 1948 Etymologiam
1179 1894 1344 1932 autem
1379 1882 1593 1932 nominis
1624 1884 1768 1931 huius
1795 1882 1943 1931 etiam
1969 1890 1998 1937 8

194 1968 506 2033 Evangelista
543 1966 800 2030 significat,
825 1965 995 2015 dicens
1030 1965 1233 2028 (Matth.
1261 1983 1302 2023 1,
1323 1964 1435 2028 21):
1478 1963 1722 2012 ‘Vocabis
1760 1981 1944 2013 nomen

193 2051 297 2100 eius
332 2052 568 2109 Salvator,
592 2047 708 2111 quia
744 2047 849 2111 ipse
887 2049 1074 2095 salvum
1113 2046 1258 2095 faciet
1292 2047 1530 2109 populum
1563 2049 1738 2094 suum.⁷
1810 2046 1946 2096 Sicut

196 2132 327 2181 enim
355 2130 578 2181 Christus
614 2129 852 2193 significat
887 2145 1068 2192 regem,
1094 2128 1160 2176 ita
1187 2130 1327 2177 Iesus
1362 2127 1602 2191 significat
1634 2129 1939 2177 salvatorem.

120 2230 169 2270 25
199 2216 314 2263 Non
351 2213 516 2275 itaque
549 2229 639 2260 nos
673 2213 832 2260 salvos
865 2209 979 2259 facit
1012 2209 1314 2273 quicumque
1347 2227 1441 2270 rex,
1470 2211 1558 2258 sed
1591 2226 1672 2259 rex
1705 2212 1938 2259 Salvator.
1966 2223 2000 2269 9

196 2296 349 2357 Quod
390 2295 594 2343 verbum
638 2293 816 2342 Latina
851 2292 1016 2356 lingua
1052 2301 1197 2340 antea
1233 2309 1334 2340 non
1372 2291 1603 2350 habebat,
1633 2293 1720 2340 sed
1757 2292 1940 2341 habere

193 2385 395 2439 poterat,
425 2375 550 2424 sicut
591 2374 769 2439 potuit,
794 2375 996 2438 quando
1034 2375 1204 2422 voluit.
1279 2374 1576 2422 Emmanuel
1610 2390 1668 2421 ex
1703 2371 1939 2421 Hebraeo
1964 2385 2023 2420 10

249 2518 272 2543 2
303 2504 588 2556 unguentum]
610 2510 780 2543 unctum
803 2503 853 2542 C1
1019 2503 1181 2552 possint
1202 2501 1291 2540 KT
1464 2516 1488 2551 3
1520 2500 1708 2552 regibus]
1732 2500 1939 2540 Romanis

193 2558 384 2599 Lactant.
405 2561 505 2599 inst.
524 2573 563 2610 4,
587 2573 624 2610 7,
647 2561 674 2596 6
796 2573 821 2607 4
852 2558 933 2610 sic]
954 2559 1029 2597 sed
1050 2556 1097 2594 K
1223 2570 1247 2607 5
1278 2562 1321 2596 et
1343 2557 1499 2595 exinde
1522 2555 1567 2594 K
1675 2558 1701 2594 6
1729 2555 1831 2595 dicti
1852 2568 1936 2593 om.

194 2613 241 2652 K
375 2614 621 2653 unctionem
643 2612 689 2651 K
859 2626 886 2663 9
915 2613 1078 2652 actibus
1099 2611 1204 2651 KT1
1223 2615 1271 2650 ut
1286 2611 1367 2650 vid.
1397 2611 1460 2650 V:
1489 2611 1653 2650 actibus
1674 2610 1829 2650 dicitur
1847 2609 1903 2647 Β1
1929 2624 1937 2649 :

192 2669 355 2708 actibus
374 2668 666 2719 apostolorum
686 2667 844 2718 legitur
864 2666 901 2705 C
914 2681 922 2706 :
962 2667 1122 2707 actibus
1143 2667 1433 2716 apostolorum
1456 2666 1654 2705 scribitur
1679 2664 1716 2703 T
1719 2664 1734 2687 ²
1822 2665 1937 2703 enim

194 2737 274 2762 om.
300 2722 346 2761 K
497 2737 543 2763 11
575 2736 644 2772 qu.
666 2722 860 2761 invisibili
881 2721 928 2760 K
1067 2735 1114 2760 12
1144 2727 1286 2760 autem
1307 2720 1394 2758 ΒΚ
1399 2720 1439 2758 V
1448 2735 1456 2760 :
1480 2733 1583 2770 ergo
1607 2719 1684 2759 CT
1787 2731 1932 2768 propr.

195 2778 309 2818 Salv.
332 2777 379 2816 K
543 2790 593 2827 14
624 2790 846 2816 commune
869 2809 878 2818 .
903 2807 913 2817 .
934 2807 942 2815 .
965 2776 1160 2816 Christus
1180 2789 1260 2815 om.
1283 2774 1330 2813 K
1349 2775 1531 2828 (nonA)
1648 2774 1766 2812 Iesus
1783 2787 1866 2812 om.
1891 2773 1933 2811 A

197 2845 246 2882 15
274 2845 418 2883 propr.
439 2832 582 2872 vocab.
611 2831 690 2870 TV
828 2833 878 2871 18
907 2837 1049 2871 autem
1071 2832 1150 2870 loc.
1172 2843 1254 2870 om.
1278 2829 1324 2868 K
1466 2843 1515 2880 19
1547 2829 1626 2868 Ies.
1651 2835 1790 2867 autern
1813 2827 1930 2867 hebr.

200 2886 252 2924 T²
271 2889 375 2939 (non
401 2886 455 2938 V)
595 2901 648 2926 20
674 2899 750 2937 pro
772 2900 823 2926 eo
846 2917 856 2928 .
877 2916 887 2926 .
913 2917 920 2926 .
942 2886 1057 2925 venit
1078 2899 1162 2924 om.
1184 2884 1224 2922 Β
1354 2897 1403 2923 21
1437 2886 1512 2924 sal.
1535 2882 1674 2934 venit]
1697 2882 1820 2922 saluti
1840 2894 1935 2933 pre-

194 2942 311 2981 venit
338 2941 375 2980 T
391 2942 494 2995 (non
519 2941 560 2980 V
564 2945 577 2993 )
709 2941 871 2994 autem]
893 2941 1007 2981 enim
1028 2940 1108 2979 BC
1234 2939 1378 2991 huius]
1401 2939 1493 2978 eius
1514 2939 1554 2978 Β
1710 2950 1761 2975 22
1792 2937 1937 2976 dicens

195 3008 279 3035 om.
300 2995 345 3034 K
452 3009 502 3046 23
534 2996 752 3048 Salvator]
773 2996 1022 3036 salvatorem
1040 2995 1080 3032 B
1191 2993 1308 3046 quia]
1326 2995 1438 3044 quod
1460 2993 1501 3031 Β
1612 3005 1665 3042 24
1695 2991 1936 3042 significans

196 3063 254 3089 re.
285 3050 320 3089 C
479 3063 624 3101 regem
649 3082 657 3092 .
683 3081 691 3091 .
715 3083 722 3091 .
744 3051 850 3102 sign.
872 3065 952 3091 om.
984 3050 1039 3089 T1
1062 3049 1292 3101 (significat
1313 3063 1395 3088 om.
1427 3047 1497 3099 T2)
