2176 3424
1097 140 1366 190 ISIDORI

361 272 484 321 sicut
521 271 570 320 in
610 270 816 335 Phrygia
854 270 1035 331 Troia3
1084 269 1207 319 sicut
1244 272 1292 319 in
1331 271 1537 320 Gallicia
1574 272 1852 332 Cantabria,
1893 273 2100 323 Asturia.

361 357 407 404 A
432 353 703 404 rectoribus
735 363 900 403 autem
932 352 1065 417 regio
1090 362 1372 418 nuncupata
1407 363 1492 413 est,
1521 354 1659 403 cuius
1685 363 1843 418 partes
1869 355 2105 405 territoria

273 446 338 484 22
361 444 488 484 sunt.
561 435 883 485 Territorium
925 444 1090 486 autem
1129 445 1358 485 vocatum
1399 436 1538 500 quasi
1579 436 1899 498 tauritorium,
1938 437 2103 487 tritum

361 518 524 566 bubus
550 527 598 567 et
622 526 794 568 aratro.
863 517 1070 580 Antiqui
1096 517 1228 567 enim
1254 520 1391 566 sulco
1416 519 1567 567 ducto
1591 528 1639 567 et
1665 519 2032 582 possessionum
2059 529 2106 569 et

361 600 711 650 territoriorum
735 600 915 649 limites
940 599 1279 663 designabant.

281 684 338 723 VI
501 685 584 732 DE
610 697 827 730 INSVLIS.
885 684 1084 731 Insulae
1101 681 1262 730 dictae
1279 683 1414 745 quod
1431 684 1480 730 in
1498 684 1601 731 salo
1619 682 1728 743 sint,
1748 684 1797 732 id
1815 693 1887 732 est
1903 683 1954 731 in
1970 683 2104 732 mari.

377 767 450 814 Ex
481 764 555 814 his
587 781 789 828 quoque
819 763 1104 813 notissimae
1141 773 1188 813 et
1223 766 1476 825 maximae,
1505 781 1626 827 quas
1659 765 1855 827 plurimi
1889 773 2107 814 veterum

308 862 339 896 2
366 846 548 897 sollerti
575 848 740 896 studio
774 846 1144 909 indagaverunt,
1173 848 1422 895 notandae
1453 856 1578 895 sunt.
1654 847 1893 896 Brittania
1919 848 2107 897 Oceani

364 931 524 979 insula
557 930 795 978 interfuso
831 931 950 977 mari
985 938 1091 978 toto
1125 929 1245 978 orbe
1281 929 1448 989 divisa,
1477 947 1505 978 a
1534 931 1778 979 vocabulo
1809 947 1925 979 suae
1950 931 2108 994 gentis

367 1012 730 1077 cognominata.
807 1015 951 1061 Haec
987 1014 1192 1061 adversa
1226 1012 1496 1061 Galliarum
1529 1021 1665 1076 parte
1698 1014 1762 1062 ad
1795 1022 2107 1077 prospectum
2137 1031 2176 1059 rc

373 1095 648 1160 Hispaniae
674 1094 765 1143 sita
791 1104 863 1143 est
878 1110 891 1152 ;
931 1094 1161 1143 circuitus
1183 1096 1286 1143 eius
1308 1096 1597 1158 quadragies
1623 1097 1777 1144 octies
1803 1096 2110 1159 septuaginta

367 1180 588 1242 quinque
626 1176 786 1236 milia3
825 1178 979 1225 multa
1015 1185 1063 1226 et
1100 1193 1276 1240 magna
1311 1176 1514 1225 flumina
1552 1177 1601 1225 in
1639 1194 1710 1237 ea,
1748 1179 1908 1226 fontes
1945 1178 2102 1239 calidi,

366 1261 675 1310 metallorum
701 1261 832 1323 larga
862 1268 909 1307 et
938 1258 1069 1308 varia
1102 1260 1274 1322 copia:
1311 1268 1507 1322 gagates
1541 1258 1661 1323 lapis
1698 1259 1765 1308 ibi
1795 1259 2033 1324 plurimus
2060 1270 2107 1310 et

310 1355 340 1401 3
365 1343 664 1406 margaritae.
740 1344 960 1391 Tanatos
995 1341 1153 1389 insula
1191 1340 1380 1390 Oceani
1414 1343 1537 1390 freto
1572 1341 1778 1403 Gallico,
1806 1359 1834 1391 a
1869 1342 2107 1392 Brittania

363 1424 608 1474 aestuario
644 1424 782 1474 tenui
814 1432 1050 1488 separata,
1090 1423 1417 1472 frumentariis
1460 1425 1645 1487 campis
1688 1433 1735 1474 et
1771 1425 1915 1487 gleba
1951 1425 2104 1475 uberi.
2136 1449 2176 1490 15

366 1506 514 1556 Dicta
533 1517 700 1557 autem
716 1510 936 1556 Tanatos
957 1524 985 1555 a
1004 1515 1162 1555 morte
1182 1515 1479 1569 serpentum,
1500 1522 1623 1570 quos
1645 1507 1763 1555 dum
1784 1506 1890 1570 ipsa
1909 1508 2107 1569 nesciat,

366 1598 614 1653 asportata
639 1589 757 1639 inde
777 1598 901 1638 terra
920 1606 1125 1653 quoquo
1150 1588 1369 1652 gentium
1392 1597 1531 1638 vecta
1556 1588 1630 1649 sit,
1659 1605 1842 1652 angues
1862 1588 1974 1638 ilico
1994 1591 2113 1654 peri-

308 1690 341 1737 4
369 1672 471 1722 mit.
544 1673 705 1735 Thyle
725 1671 896 1720 ultima
922 1670 1081 1720 insula
1103 1670 1292 1721 Oceani
1313 1671 1437 1720 inter
1457 1670 1891 1735 septentrionalem
1917 1684 1962 1720 et
1989 1671 2113 1720 occi-

368 1756 618 1804 dentalem
653 1756 847 1818 plagam
879 1755 1004 1802 ultra
1030 1753 1335 1814 Brittaniam,
1362 1770 1389 1802 a
1419 1755 1523 1803 sole
1549 1770 1733 1802 nomen
1765 1753 1969 1814 habens,
1997 1753 2112 1817 quia

368 1839 418 1887 in
444 1855 502 1887 ea
525 1839 767 1886 aestivum
793 1835 1056 1885 solstitium
1089 1838 1161 1884 sol
1186 1838 1314 1896 facit,
1344 1844 1392 1885 et
1418 1837 1580 1884 nullus
1606 1838 1731 1884 ultra
1756 1853 1865 1884 eam
1891 1835 1996 1885 dies
2021 1846 2108 1886 est.
2137 1855 2171 1884 αι

314 1937 344 1986 5
368 1921 517 1970 Vnde
543 1928 591 1969 et
615 1919 807 1983 pigrum
834 1927 882 1967 et
915 1926 1199 1968 concretum
1226 1926 1299 1967 est
1325 1917 1428 1968 eius
1455 1934 1603 1967 mare.
1677 1918 1897 1967 Orcades
1923 1917 2112 1968 insulae

372 2003 562 2054 Oceani
588 2003 714 2051 intra
750 2001 1056 2050 Britanniam
1090 2001 1280 2065 positae
1311 2017 1518 2049 numero
1547 2001 1743 2064 triginta
1766 2008 1879 2061 tres,
1905 2016 2112 2062 quarum

309 2093 343 2138 6
372 2086 540 2149 viginti
575 2085 798 2133 desertae
832 2092 958 2144 sunt,
993 2085 1229 2132 tredecim
1262 2083 1502 2152 coluntur.
1577 2082 1741 2130 Scotia
1777 2081 1909 2130 idem
1944 2092 1992 2131 et
2025 2082 2114 2130 Hi-

377 2167 548 2217 bernia
590 2166 810 2231 proxima
848 2167 1116 2214 Brittaniae
1153 2165 1325 2224 insula,
1365 2164 1525 2228 spatio
1573 2174 1805 2213 terrarum
1849 2164 2112 2227 angustior,

373 2251 461 2299 sed
504 2248 598 2297 situ
643 2247 912 2297 fecundior.
995 2249 1139 2296 Haec
1178 2247 1242 2295 ab
1286 2245 1453 2294 Africo
1495 2245 1545 2294 in
1589 2248 1798 2295 Boream
1840 2245 2114 2309 porrigitur.
2140 2263 2170 2291 21

370 2331 526 2382 Cuius
566 2339 726 2393 partes
760 2329 944 2393 priores
984 2328 1246 2377 Hiberiam
1280 2337 1328 2378 et
1363 2327 1717 2378 Cantabricum
1751 2328 2010 2377 Oceanum
2047 2330 2114 2376 in-

2130 625 2157 666 5.

432 2475 450 2501 1
483 2461 617 2513 Gall.]
639 2461 763 2510 gallia
783 2460 852 2499 B:
883 2460 1045 2510 ispania
1065 2458 1155 2497 KN
1287 2458 1444 2497 arturia
1473 2458 1533 2496 B:
1566 2471 1648 2498 om.
1672 2457 1762 2496 KN
1939 2471 1964 2507 4
1994 2458 2116 2498 ducto

372 2531 456 2558 om.
483 2516 521 2555 T
653 2528 677 2564 5
709 2516 966 2554 territorium
989 2514 1077 2552 ΒΚ
1183 2514 1405 2563 signabant
1424 2513 1470 2551 K
1604 2515 1629 2551 6
1659 2513 1745 2552 sala
1765 2511 1821 2551 Β1
1950 2513 1974 2550 8
2005 2513 2115 2552 indi-

376 2577 578 2612 caverunt
605 2570 693 2608 ΒΚ
830 2570 1050 2608 Britannia
1084 2567 1145 2608 C:
1178 2568 1224 2606 In
1253 2568 1451 2607 brittania
1482 2567 1533 2605 M
1692 2580 1719 2616 9
1750 2566 1854 2619 div.]
1886 2567 2037 2607 diffusa
2069 2567 2121 2605 M

556 2627 563 2634 ⁸
713 2625 727 2650 1
751 2640 758 2648 .
881 2626 888 2633 ⁹
1646 2635 1654 2644 0

377 2625 758 2730 2³T3¹23¹333³r⁵afif
769 2623 1131 2730 ἕῗἚὶῒιῖἶῇᾖεχ
1149 2622 1476 2728 εἷῇἶὲἓῗὲὴῖε
1494 2620 2120 2716 Κῦίῖηᾼῐῖἓῐῑῖἷῗὶἕιᾶῃὲἷὲῐέ

378 2749 426 2787 15
457 2742 521 2775 est
545 2736 662 2774 varia
682 2733 794 2774 BK:
824 2739 887 2773 est
909 2734 1011 2772 mari
1033 2732 1068 2771 C
1229 2732 1371 2772 tenuis
1403 2730 1536 2770 BKT
1696 2732 1744 2769 16
1773 2731 1972 2770 tanathos
2006 2729 2117 2770 TM:

374 2791 556 2831 anathos
571 2789 617 2827 K
774 2802 818 2839 17
851 2802 1016 2838 quoque
1034 2786 1177 2827 BTC:
1205 2800 1288 2837 quo
1311 2786 1357 2824 K
1462 2800 1500 2826 v.
1528 2793 1592 2825 est
1615 2785 1762 2837 (delet.)
1780 2786 1834 2824 sit
1855 2785 1901 2822 K
2007 2786 2117 2835 peri-

377 2851 462 2886 met
483 2845 529 2884 K
666 2844 715 2881 18
744 2843 838 2882 Tile
859 2844 899 2881 Β
917 2859 924 2884 :
955 2843 1061 2893 Tyle
1084 2841 1145 2882 C:
1175 2841 1300 2881 Thile
1321 2839 1457 2878 KMT
1562 2839 1693 2891 inter]
1715 2840 1756 2878 in
1778 2839 1865 2877 ΒΚ
1971 2845 2013 2877 et
2033 2852 2114 2878 om.

377 2901 422 2939 K
557 2898 669 2949 plag.
695 2903 738 2936 et
766 2912 856 2940 occ.
895 2897 949 2936 T1
1174 2910 1222 2947 19
1251 2895 1501 2935 britanniam
1532 2893 1567 2933 C
1738 2906 1787 2932 21
1818 2893 2010 2933 Arcades
2047 2893 2123 2932 TU

379 2968 432 3005 23
465 2954 630 2994 Scottia
647 2951 829 2992 BKMN
841 2968 851 2993 ε
883 2953 1067 2994 Ischotia
1103 2950 1140 2989 T
1258 2951 1369 2990 idem
1397 2949 1474 2988 BC
1480 2949 1540 2990 T:
1568 2950 1714 2988 eadem
1736 2947 1831 2987 ΚΜ
1955 2947 2118 2987 ibernia

379 3010 488 3049 BT:
517 3008 736 3048 hibernica
757 3007 810 3046 M
943 3021 995 3056 24
1025 3005 1260 3046 britanniae
1279 3004 1315 3043 C
1435 3004 1569 3044 insule
1597 3003 1635 3042 T
1775 3003 1828 3040 26
1857 3002 2058 3042 iberniam
2088 3002 2125 3040 T
2174 3008 2176 3010 ’

380 3065 619 3103 extendunt
637 3062 726 3102 ΚΝ
