2176 3424
381 152 1012 202 ETYMOLOGIARVM
1054 153 1184 201 LIB.
1223 154 1373 201 XIII.
1414 152 1443 212 i,
1482 152 1515 200 ii

77 280 312 343 procedit,
339 281 434 330 alia
459 298 510 331 se
535 281 720 346 recipit.
794 283 1034 333 Cardines
1063 292 1229 332 autem
1264 283 1438 332 mundi
1470 283 1584 341 duo,
1615 284 1818 347 Septen·
1839 288 1870 336 8

76 363 166 413 trio
191 374 239 414 et
266 364 500 414 Meridies
524 384 534 415 ;
571 364 621 412 in
647 364 763 428 ipsis
789 364 921 413 enim
948 364 1157 415 volvitur
1181 366 1387 414 caelum.

211 449 292 494 DE
311 461 517 495 ATOMIS.
568 449 780 496 Atomos
795 445 1079 510 philosophi
1099 456 1278 496 vocant
1295 447 1535 510 quasdam
1553 445 1603 494 in
1626 449 1815 497 mundo
1839 453 1879 493 ΙΙ

75 543 336 591 corporum·
370 538 530 592 partes
567 537 668 578 tam
706 529 1056 579 minutissimas
1094 539 1147 579 ut
1190 546 1283 579 nec
1321 528 1445 579 visui
1487 538 1687 592 pateant
1724 547 1816 579 nec

28 626 50 667 5
73 608 232 671 τομήν,
269 606 319 656 id
353 617 426 657 est
461 606 746 670 sectionem,
784 608 1056 672 recipiant,
1093 611 1227 659 unde
1265 617 1313 658 et
1339 611 1504 671 ἄτομοι
1537 607 1655 658 dicti
1687 619 1816 657 sunt.

75 687 146 737 Hi
171 704 256 752 per
282 691 427 739 inane
459 689 609 739 totius
643 689 817 739 mundi
847 690 1132 755 inrequietis
1168 689 1386 740 motibus
1419 691 1622 740 volitare
1648 700 1696 739 et
1721 692 1819 739 huc

73 779 222 834 atque
255 773 370 821 illuc
404 771 514 821 ferri
551 771 794 832 dicuntur,
833 772 958 821 sicut
988 772 1263 822 tenuissimi
1297 774 1522 836 pulveres
1556 771 1641 835 qui
1670 772 1819 822 infusi

73 870 158 918 per
183 854 419 903 fenestras
440 853 586 903 radiis
607 854 722 904 solis
742 854 985 906 videntur.
1058 856 1132 903 Ex
1158 854 1233 903 his
1259 854 1457 904 arbores
1488 864 1536 904 et
1566 855 1744 904 herbas
1771 865 1818 904 et

74 936 232 999 fruges
263 952 434 985 omnes
469 935 593 996 oriri,
631 954 689 985 ex
726 938 800 985 his
838 936 1002 1001 ignem
1037 947 1084 988 et
1120 953 1301 1001 aquam
1339 946 1387 986 et
1424 938 1650 986 universa
1686 938 1818 1002 gigni

0 1033 52 1062 -10
72 1026 219 1081 atque
249 1027 473 1067 constare
507 1019 710 1082 quidam
740 1018 1024 1083 philosophi
1057 1019 1277 1083 gentium
1312 1028 1619 1083 putaverunt.
1695 1021 1819 1070 Sunt
1842 1033 1873 1068 2

71 1108 236 1148 autem
261 1099 414 1149 atomi
438 1109 522 1148 aut
547 1099 596 1149 in
615 1118 835 1165 corpore,
855 1111 939 1151 aut
963 1101 1014 1150 in
1039 1111 1274 1167 tempore,
1293 1111 1377 1151 aut
1397 1101 1447 1150 in
1473 1118 1696 1151 numero.
1759 1104 1820 1151 In

72 1197 288 1245 corpore,
317 1191 369 1230 ut
395 1181 532 1245 lapis.
606 1182 798 1234 Dividis
823 1201 937 1234 eum
964 1183 1015 1233 in
1040 1195 1200 1247 partes
1226 1194 1274 1234 et
1299 1194 1459 1248 partes
1486 1183 1615 1248 ipsas
1641 1183 1820 1234 dividis

73 1259 123 1308 in
158 1277 319 1324 grana,
349 1263 496 1310 veluti
535 1272 648 1312 sunt
685 1265 897 1313 harenae
915 1282 928 1325 ,·
970 1281 1261 1327 rursumque
1291 1263 1396 1328 ipsa
1427 1266 1639 1313 harenae
1670 1281 1819 1328 grana

75 1342 241 1393 divide
267 1345 317 1392 in
343 1345 726 1394 minutissimum
761 1348 1031 1410 pulverem,
1065 1348 1242 1407 doneC‚
1277 1348 1316 1395 si
1350 1345 1524 1410 possis,
1562 1347 1818 1410 pervenias

0 1439 53 1500 a*
74 1427 138 1475 ad
171 1425 387 1490 aliquam
426 1427 700 1489 minutiam,
727 1446 855 1492 quae
880 1428 977 1476 iam
1004 1446 1104 1478 non
1136 1429 1196 1477 sit
1223 1445 1349 1492 quae
1376 1427 1531 1477 dividi
1556 1430 1631 1477 vel
1667 1429 1819 1478 secari

73 1507 242 1571 possit.
318 1511 461 1558 Haec
499 1520 571 1559 est
600 1520 794 1560 atomus
826 1510 875 1559 in
902 1511 1205 1575 corporibus.
1277 1513 1338 1559 In
1363 1519 1585 1574 tempore
1610 1528 1724 1561 vero
1751 1512 1820 1561 sic
1844 1522 1875 1570 3

74 1588 367 1654 intellegitur
391 1601 603 1641 atomus.
674 1595 894 1652 Annum,
935 1592 1071 1642 verbi
1100 1592 1265 1656 gratia,
1299 1591 1478 1641 dividis
1515 1592 1565 1640 in
1609 1610 1818 1654 menses,

78 1689 271 1722 menses
308 1673 357 1721 in
396 1675 515 1733 dies,
548 1675 653 1724 dies
691 1674 741 1722 in
778 1676 921 1723 horas
942 1693 953 1734 3
988 1676 1154 1723 adhuc
1191 1684 1352 1738 partes
1383 1675 1614 1723 horarum
1651 1674 1825 1723 admit-

76 1763 186 1802 tunt
222 1753 529 1818 divisionem,
571 1773 832 1820 quousque
869 1755 1035 1805 venias
1071 1758 1136 1806 ad
1179 1767 1371 1806 tantum
1420 1756 1655 1821 temporis
1703 1774 1824 1821 pun-

0 1852 53 1879 2-10
78 1845 213 1884 ctum
251 1846 298 1885 et
334 1839 584 1900 quandam
622 1837 863 1886 momenti
901 1838 1093 1897 stillam,
1140 1851 1192 1887 ut
1228 1856 1314 1902 per
1351 1841 1535 1888 nullam
1579 1840 1821 1888 morulam

79 1922 282 1984 produci
331 1921 516 1985 possit3
570 1928 616 1967 et
659 1918 773 1969 ideo
815 1919 913 1968 iam
954 1919 1107 1970 dividi
1150 1938 1252 1971 non
1292 1931 1468 1984 potest.
1559 1923 1702 1970 Haec
1750 1931 1823 1970 est

75 2008 270 2047 atomus
296 1999 543 2063 temporis.
609 2002 669 2049 In
689 2001 919 2060 numeris,
942 2012 996 2051 ut
1021 2012 1140 2066 puta
1159 2012 1273 2051 octo
1299 2002 1586 2053 dividuntur
1611 2005 1660 2052 in
1687 2013 1821 2066 quat·
1844 2009 1876 2058 4

78 2092 199 2142 tuor,
254 2099 417 2131 rursus
459 2093 690 2146 quattuor
734 2083 784 2131 in
827 2085 942 2143 duo,
986 2084 1169 2134 deinde
1210 2086 1311 2135 duo
1351 2085 1401 2133 in
1442 2102 1611 2134 unum.
1684 2088 1826 2135 Vnus

7 2198 22 2234 πῖ
77 2174 241 2214 autem
282 2175 475 2214 atomus
518 2174 604 2226 est,
649 2164 765 2228 quia
801 2165 1080 2215 insecabilis
1121 2177 1208 2216 est.
1280 2168 1359 2216 Sic
1399 2178 1446 2216 et
1485 2167 1672 2217 littera:
1710 2185 1825 2217 nam

0 2252 55 2311 '115
78 2247 350 2296 orationem
367 2246 546 2297 dividis
566 2246 617 2295 in
637 2248 799 2307 verba,
822 2249 970 2297 verba
990 2247 1041 2296 in
1061 2249 1284 2311 syllabas,
1304 2249 1541 2312 syllabam
1562 2251 1611 2298 in
1628 2249 1823 2300 litteras.

80 2328 274 2390 Littera,
311 2346 420 2393 pars
454 2328 671 2389 minima,
704 2339 898 2378 atomus
933 2340 1019 2388 est,
1056 2346 1148 2379 nec
1182 2330 1336 2379 dividi
1365 2341 1541 2395 potest.
1613 2334 1826 2381 Atomus

81 2427 194 2474 ergo
219 2420 292 2461 est
317 2412 453 2475 quod
479 2410 632 2460 dividi
656 2428 759 2460 non
780 2420 956 2475 potest,
976 2421 1029 2460 ut
1048 2411 1099 2459 in
1117 2414 1388 2476 geometria
1406 2424 1633 2478 punctus.
1694 2417 1823 2464 Nam

77 2494 218 2557 τόμος
242 2492 417 2542 divisio
444 2491 620 2542 dicitur
646 2494 849 2554 Graece,
878 2495 1048 2558 ἄτομος
1073 2494 1318 2548 indivisio,

138 2638 155 2663 1
187 2625 332 2663 mundi
351 2636 436 2663 om.
460 2623 501 2662 Β
611 2639 635 2673 4
667 2638 745 2664 nec
765 2630 908 2664 tamen
938 2624 975 2663 T
1079 2637 1102 2674 5
1133 2626 1244 2664 unde
1265 2626 1423 2666 athomi
1445 2625 1480 2665 C
1587 2629 1613 2665 6
1642 2628 1823 2667 volutari

0 2686 29 2725 ,Γ
89 2678 124 2718 Τ
227 2693 249 2729 7
280 2679 392 2718 ferre
411 2678 514 2716 B1K
595 2679 732 2717 infuse
752 2680 798 2717 K
903 2682 928 2718 8
958 2685 1000 2717 et
1022 2680 1154 2718 frutes
1182 2681 1239 2718 T:
1271 2681 1498 2731 frugesque
1523 2682 1557 2721 C
1662 2696 1689 2732 9
1708 2696 1766 2721 or.
1781 2689 1823 2721 et

23 2756 28 2757 ν
58 2729 136 2772 fex
150 2733 229 2774 BC
335 2733 471 2785 gigni]
494 2734 687 2783 generari
711 2733 745 2773 C
855 2746 898 2771 11
931 2733 1132 2785 corpore]
1156 2748 1260 2785 pore
1275 2734 1333 2773 Βι
1442 2736 1580 2789 num.]
1602 2739 1743 2776 animo
1763 2736 1823 2774 Bl

87 2800 134 2838 13
161 2788 276 2827 velut
295 2788 385 2827 har.
407 2787 453 2826 K
591 2790 640 2826 16
669 2788 711 2826 in
732 2801 847 2838 corp.
870 2795 925 2829 at.
950 2790 985 2828 C
1121 2802 1171 2839 19
1201 2789 1431 2829 divisiones
1457 2790 1494 2830 T
1612 2792 1760 2831 venies
1781 2791 1828 2830 K

83 2854 134 2882 20
162 2849 205 2882 ut
225 2856 293 2893 qu.
321 2842 371 2882 C1
391 2859 398 2882 :
429 2849 471 2882 et
491 2844 699 2892 quendam
728 2843 788 2882 T:
821 2849 863 2883 et
883 2844 1017 2894 ipsam
1034 2845 1247 2893 quendam
1267 2844 1313 2883 K
1329 2844 1454 2885 Phill.
1594 2847 1822 2886 momentis

92 2895 129 2935 T
227 2897 392 2936 stellam
411 2897 452 2936 Β
564 2904 609 2936 ut
630 2911 707 2947 per
728 2929 737 2938 .
761 2928 770 2937 .
793 2927 802 2937 .
829 2899 908 2937 iam
931 2913 1014 2938 om.
1045 2898 1082 2936 T
1184 2913 1235 2938 22
1267 2900 1313 2938 In
1336 2913 1450 2940 num.
1468 2915 1555 2939 om.
1578 2901 1615 2940 T
1721 2907 1823 2952 puto

84 2949 129 2990 K
235 2952 472 2991 dividantur
491 2958 586 2992 octo
610 2952 659 2992 Cl
810 2966 858 3002 24
890 2953 1008 3006 quia]
1030 2955 1141 3003 quod
1165 2953 1201 2993 C
1319 2955 1449 2996 insec.
1470 2956 1556 3007 est]
1577 2957 1715 2996 secari
1735 2969 1823 2995 non

85 3011 226 3056 potest
245 3007 286 3046 Β
365 3008 471 3046 sicut
493 3013 535 3046 et
557 3008 635 3046 litt.
659 3007 699 3045 Β
784 3021 879 3047 nam
902 3015 942 3048 et
963 3022 1024 3048 or.
1045 3007 1104 3048 C:
1135 3022 1196 3048 or.
1222 3009 1268 3047 K
1374 3023 1425 3060 25
1454 3023 1542 3050 ver.
1562 3016 1702 3050 autem
1724 3011 1767 3050 in
1791 3011 1824 3050 C

87 3060 185 3110 syll.
204 3067 341 3100 autem
363 3063 404 3100 in
429 3061 490 3100 C:
520 3062 706 3110 syllabas
731 3063 770 3100 in
791 3063 836 3100 K
998 3066 1051 3101 26
1081 3065 1156 3102 litt.
1181 3070 1318 3103 autem
1341 3077 1436 3114 pars
1460 3064 1495 3103 C
1638 3067 1689 3103 28
1719 3066 1823 3114 τομὴ

89 3115 126 3154 A
134 3129 207 3154 rev.
321 3115 396 3156 dic.
418 3117 497 3156 div.
525 3116 560 3154 C
