2228 3444
1125 168 1398 218 ISIDORI

290 304 358 352 30
381 301 429 341 et
463 292 599 341 illum
641 294 817 343 Graeci
850 296 1049 358 μεσίτην
1073 306 1265 346 vocant.
1341 301 1636 359 Paracletus,
1662 300 1713 350 id
1746 311 1819 350 est
1849 303 2130 360 advocatus,

381 374 496 436 quia
544 392 632 438 pro
680 375 825 425 nobis
873 375 1134 427 intercedit
1181 381 1315 443 apud
1364 383 1573 440 Patrem,
1624 382 1747 431 sicut
1793 385 1856 433 de
1905 401 1965 433 eo
2012 384 2131 433 dicit

381 458 631 507 Iohannes
650 457 698 522 (1
721 460 812 522 Ep.
837 477 876 508 2.
903 458 972 524 1):
998 463 1324 511 ‘Advocatum
1343 464 1584 514 habemus
1600 467 1733 529 apud
1750 468 1944 515 Patrem
1963 469 2130 516 Iesum

300 552 352 598 31
381 538 632 588 Christum
660 540 872 590 iustum.'
920 545 1201 593 Paracletus
1226 554 1391 594 autem
1421 548 1664 596 Graecum
1692 556 1779 607 est,
1798 551 1933 612 quod
1955 548 2129 598 Latine

380 619 559 669 dicitur
600 623 885 672 advocatus.
961 626 1113 686 Quod
1147 643 1332 675 nomen
1375 636 1423 677 et
1472 628 1598 678 Filio
1636 639 1684 678 et
1722 630 1919 694 Spiritui
1957 640 2129 680 sancto
2152 652 2173 692 5

379 704 690 765 adscribitur,
728 707 860 755 iuxta
892 709 1028 770 quod
1067 717 1115 757 et
1159 709 1406 759 Dominus
1443 710 1494 759 in
1532 712 1802 776 Evangelio
1836 712 1902 761 ait
1928 713 2126 778 (Ioann.

386 802 462 845 14,
485 785 594 850 16>:
650 788 894 852 ‘Rogabo
938 792 1148 849 Patrem,
1175 800 1222 839 et
1259 791 1408 840 alium
1444 794 1745 856 paracletum
1782 793 1921 844 dabit
1956 794 2128 843 vobis.'

292 885 356 932 32
381 869 684 918 Intercessor
723 880 890 920 autem
928 870 1042 920 ideo
1078 882 1295 933 vocatur,
1321 873 1436 936 quia
1470 891 1558 937 pro
1595 877 1740 939 culpa
1774 885 1942 925 nostra
1976 893 2129 926 remo—

379 951 541 999 venda
565 968 733 1000 curam
769 952 904 1016 gerit,
933 962 980 1002 et
1014 971 1103 1017 pro
1135 955 1396 1005 abluendis
1430 956 1608 1006 nostris
1641 957 1928 1007 criminibus
1960 975 2125 1007 curam

291 1050 355 1097 33
379 1031 619 1096 inpendit.
708 1037 944 1098 Sponsus,
974 1038 1090 1099 quia
1114 1038 1425 1087 descendens
1452 1040 1514 1088 de
1540 1041 1678 1089 caelo
1704 1040 1928 1090 adhaesit
1955 1042 2126 1090 Eccle—
2154 1060 2202 1089 10

289 1131 354 1180 34
378 1116 492 1176 siae,
521 1126 573 1165 ut
599 1134 721 1179 pace
749 1119 878 1167 Novi
905 1120 1214 1168 Testamenti
1248 1130 1411 1170 essent
1445 1123 1546 1171 duo
1579 1121 1630 1170 in
1664 1139 1810 1172 carne
1842 1141 1954 1172 una.
2028 1126 2128 1172 An-

372 1199 510 1260 gelus
528 1198 707 1248 dicitur
722 1210 921 1263 propter
937 1201 1367 1252 adnuntiationem
1388 1212 1620 1267 paternae
1635 1221 1693 1253 ac
1710 1221 1826 1253 suae
1845 1204 2125 1254 voluntatis.

372 1281 521 1329 Vnde
549 1279 644 1348 [et]
667 1284 802 1345 apud
830 1285 1128 1346 Prophetam
1157 1284 1368 1349 (Esai.9‚
1387 1285 1435 1350 6)
1461 1285 1654 1349 ‘magni
1679 1286 1871 1335 consilii
1895 1289 2126 1350 angelus'

287 1379 351 1427 35
374 1362 561 1426 legitur,
590 1365 710 1413 dum
738 1364 798 1413 sit
825 1367 962 1415 Deus
989 1376 1037 1415 et
1065 1367 1313 1416 Dominus
1337 1370 1638 1432 angelorum.
1731 1368 1916 1418 Missus
1949 1369 2127 1419 dicitur

371 1462 432 1494 eo
475 1447 613 1509 quod
647 1449 872 1511 apparuit
908 1447 1023 1497 huic
1061 1451 1250 1499 mundo
1275 1450 1497 1499 Verbum
1534 1467 1647 1500 caro
1683 1452 1881 1511 factum,
1912 1453 2044 1501 unde
2079 1461 2126 1501 et
2152 1470 2199 1510 15

373 1528 505 1576 idem
543 1528 662 1578 dicit
687 1528 886 1593 (Ioann.
913 1534 985 1590 16,
1009 1530 1090 1595 28)
1114 1551 1121 1581 :
1164 1534 1300 1595 ‘Ego
1333 1550 1361 1580 a
1396 1535 1538 1581 Patre
1564 1532 1670 1592 exii,
1699 1542 1746 1581 et
1771 1533 1881 1582 veni
1915 1532 1963 1581 in
1993 1534 2124 1582 hunc

284 1615 353 1674 36
378 1612 652 1661 mundum?
743 1614 917 1661 Homo
951 1623 1117 1662 autem
1152 1613 1330 1662 dicitur
1366 1614 1481 1677 quia
1519 1624 1666 1670 natus
1703 1624 1788 1664 est.
1864 1617 2125 1678 Propheta,

376 1691 491 1754 quia
539 1695 698 1742 futura
746 1694 991 1743 revelavit.
1064 1697 1319 1756 Sacerdos,
1353 1696 1467 1759 quia
1509 1714 1597 1760 pro
1640 1696 1783 1745 nobis
1824 1696 2035 1746 hostiam
2073 1715 2125 1746 se

373 1774 565 1823 obtulit.
608 1777 793 1836 Pastor,
816 1778 931 1839 quia
950 1787 1130 1826 custos.
1171 1777 1420 1842 Magister,
1440 1778 1554 1842 quia
1571 1788 1809 1829 ostensor.
1841 1781 2124 1829 Nazarenus

373 1872 488 1904 vero
514 1874 541 1905 a
566 1858 693 1906 loco.
767 1859 1014 1908 Nazareus
1048 1877 1076 1907 a
1109 1859 1296 1919 merito,
1326 1860 1375 1909 id
1410 1870 1482 1909 est
1517 1871 1714 1910 sanctus
1753 1861 1852 1910 sive
1890 1864 2119 1922 mundus,
2150 1883 2199 1911 20

287 1954 350 2003 37
374 1938 489 2001 quia
531 1949 790 2003 peccatum
832 1958 934 1989 non
977 1941 1105 1990 fecit.
1180 1941 1435 2005 Siquidem
1482 1953 1528 1992 et
1566 1944 1628 1992 de
1665 1943 1771 1992 aliis
1813 1943 2122 1993 inferioribus

374 2021 521 2070 rebus
547 2021 806 2071 nominum
834 2022 1023 2087 species
1047 2025 1112 2072 ad
1138 2041 1189 2072 se
1214 2024 1360 2072 trahit
1386 2023 1626 2084 Christus,
1650 2034 1701 2074 ut
1726 2025 1914 2074 facilius
1939 2025 2124 2075 intelle-

289 2107 352 2166 38
375 2113 527 2166 gatur.
606 2104 796 2153 Dicitur
839 2105 971 2154 enim
1016 2106 1177 2166 Panis,
1207 2106 1322 2169 quia
1359 2124 1485 2156 caro.
1558 2107 1698 2168 Vitis,
1737 2107 1851 2170 quia
1887 2108 2123 2172 sanguine

376 2185 528 2248 ipsius
576 2187 819 2250 redempti
866 2205 1048 2236 sumus.
1124 2190 1251 2248 Flos,
1293 2190 1407 2252 quia
1455 2191 1651 2238 electus.
1725 2189 1830 2249 Via,
1877 2189 1991 2253 quia
2038 2207 2124 2254 per

375 2267 537 2330 ipsum
561 2270 625 2317 ad
653 2271 818 2317 Deum
852 2269 994 2318 imus.
1068 2269 1279 2329 Ostium,
1308 2272 1424 2333 quia
1452 2288 1538 2333 per
1570 2271 1731 2334 ipsum
1765 2273 1828 2320 ad
1864 2274 2027 2321 Deum
2054 2271 2120 2319 in·
2147 2285 2197 2326 25

372 2351 634 2412 gredimur.
708 2353 874 2411 MonS,
904 2350 1020 2414 quia
1044 2351 1194 2400 fortis.
1268 2354 1425 2411 Petra,
1455 2351 1570 2415 quia
1597 2353 1798 2402 firmitas
1824 2362 1897 2401 est
1922 2355 2121 2402 creden-

279 2452 350 2499 39
373 2433 509 2480 tium.
587 2434 735 2496 Lapis
760 2435 1018 2498 angularis,
1046 2435 1123 2483 vel
1148 2432 1262 2497 quia
1288 2435 1412 2483 duos
1444 2433 1652 2497 parietes
1677 2452 1704 2483 e
1729 2434 1937 2496 diverso,
1964 2434 2016 2484 id
2049 2445 2121 2485 est

373 2517 436 2564 de
483 2514 860 2566 circumcisione
907 2526 956 2565 et
997 2517 1269 2579 praeputio,
1307 2514 1561 2565 venientes
1609 2515 1660 2564 in
1696 2533 1847 2565 unam
1884 2516 2119 2566 fabricam

374 2596 627 2646 Ecclesiae
670 2596 838 2661 iungit,
867 2600 943 2646 vel
977 2600 1114 2661 quod
1146 2615 1321 2661 pacem
1358 2597 1407 2645 in
1444 2614 1496 2646 se
1528 2598 1714 2662 angelis
1751 2608 1800 2647 et
1833 2598 2119 2647 hominibus

430 2739 448 2766 1
482 2728 717 2767 Paraclitus
736 2733 877 2767 autem
899 2741 1071 2777 grecum
1095 2733 1160 2766 est
1181 2727 1222 2766 id
1243 2732 1308 2766 est
1328 2726 1369 2764 Β
1391 2727 1459 2780 (ex
1479 2732 1498 2776 ξ
1521 2727 1592 2779 31)
1726 2741 1750 2766 2
1780 2729 1888 2767 sicut
1908 2733 1950 2767 et
1971 2729 2024 2767 de
2044 2728 2122 2767 BC

372 2797 397 2832 4
429 2783 521 2822 Par.
546 2797 613 2822 au.
637 2795 764 2832 grece
784 2783 914 2822 latine
935 2784 1028 2823 adv.
1052 2782 1098 2820 K
1231 2794 1255 2832 5
1285 2782 1380 2821 adv.
1401 2783 1552 2822 dicitur
1572 2783 1613 2821 Β
1760 2783 1930 2822 nomine
1948 2789 1991 2821 et
2013 2783 2052 2822 fi.
2075 2782 2122 2820 K

372 2841 398 2876 6
427 2838 660 2877 adscivitur
679 2836 726 2874 K
943 2839 966 2876 8
997 2837 1114 2889 ideo]
1137 2838 1249 2876 idem
1277 2834 1315 2874 T
1505 2838 1714 2876 movenda
1734 2836 1795 2874 K1
1817 2837 1911 2887 (pro
1931 2850 2067 2876 amov.
2083 2839 2115 2888 2)

378 2905 427 2932 10
455 2893 661 2942 inpendet
681 2891 770 2929 ΚΤ
928 2894 982 2931 de
1002 2892 1074 2931 K:
1101 2905 1152 2931 ae
1171 2891 1293 2930 BC1:
1323 2904 1346 2930 e
1376 2891 1413 2928 T
1535 2904 1584 2942 13
1614 2897 1656 2931 et
1675 2892 1772 2931 hab.
1795 2891 1902 2930 CK:
1932 2905 2014 2931 om.
2035 2891 2123 2930 BT

373 2961 482 2997 mag.
506 2960 621 2987 cons.
645 2960 728 2986 om.
760 2946 798 2984 T
904 2950 953 2986 16
982 2946 1102 2998 dicit]
1125 2946 1276 2985 dicitur
1303 2945 1338 2982 T
1448 2948 1496 2985 18
1525 2947 1596 2997 qui
1618 2947 1693 2985 sut.
1717 2945 1759 2983 Β
1867 2959 1914 2985 se
1935 2947 2115 2986 hostiam

375 3003 498 3055 (ost-)
523 3002 601 3040 CT
763 3015 812 3051 19
841 3002 934 3040 tulit
962 3001 999 3039 T
1158 3013 1396 3040 nazarenus
1417 3001 1458 3039 Β
1480 3016 1489 3041 :
1509 3013 1624 3040 ·reus
1648 2999 1770 3040 CKT
1877 3013 1925 3038 21
1959 3001 2011 3040 de
2031 3014 2114 3040 om.

373 3055 420 3094 K
527 3070 578 3096 22
608 3057 738 3096 traxit
762 3056 798 3096 C
904 3069 956 3106 23
987 3056 1122 3108 enim]
1144 3062 1286 3095 autem
1309 3055 1396 3094 ΒΚ
1504 3068 1572 3107 qu.
1595 3069 1649 3094 ex
1669 3068 1788 3105 sang.
1814 3054 1861 3094 K
1968 3068 2020 3106 24
2049 3055 2115 3094 via

371 3111 442 3160 qui
466 3124 543 3161 per
565 3111 622 3150 C:
650 3111 720 3150 via
739 3123 816 3160 per
835 3109 891 3148 Βι
1075 3123 1126 3160 25
1156 3111 1294 3161 ipsum
1318 3110 1498 3163 (prius)]
1521 3123 1616 3150 eum
1645 3110 1682 3149 T
1821 3111 1874 3150 ad
1896 3110 2113 3149 dominum

372 3165 479 3215 ingr.
500 3166 541 3204 Β
707 3167 759 3205 28
791 3166 842 3205 de
864 3178 947 3206 om.
980 3165 1016 3203 T
