2176 3424
1062 134 1334 184 ISIDORI

320 277 437 332 petu
473 284 652 332 magno
682 265 965 330 perscindit,
1001 282 1060 314 ac
1097 265 1166 314 sic
1203 282 1315 314 cum
1347 267 1594 315 horrendo
1631 268 1818 330 fragore
1855 266 2069 314 defertur

265 362 294 396 2
321 349 384 396 ad
410 363 566 396 aures.
640 346 794 408 Quod
820 344 982 393 mirari
1002 343 1112 408 quis
1137 361 1239 392 non
1259 345 1454 404 debeat,
1477 362 1589 393 cum
1611 344 1825 393 vesicula
1846 343 2068 407 quamvis

317 445 466 492 parva
491 444 726 492 magnum
752 435 920 475 tamen
945 425 1162 474 sonitum
1188 425 1406 489 displosa
1430 425 1622 475 emittit.
1695 426 1826 476 Cum
1851 424 2068 474 tonitruo

315 521 481 560 autem
508 510 652 559 simul
675 517 723 558 et
748 510 938 572 fulgura
964 506 1168 570 exprimi
1189 526 1198 556 ε
1229 508 1316 557 sed
1343 507 1464 556 illud
1490 507 1694 556 celerius
1719 506 1924 566 videtur,
1952 505 2068 570 quia

315 596 497 642 clarum
527 602 602 641 est
620 610 632 652 3
667 593 765 640 hoc
784 600 950 639 autem
977 591 1041 638 ad
1066 605 1208 638 aures
1234 589 1419 638 tardius
1438 588 1704 652 pervenire.
1769 591 1877 636 Lux
1899 598 2065 637 autem
2090 607 2112 648 5

316 693 443 741 quae
473 683 675 738 apparet
709 683 824 722 ante
855 671 1127 721 tonitruum
1158 673 1364 734 fulgetra
1396 680 1611 720 vocatur.
1687 672 1843 732 Quae,
1872 679 1925 718 ut
1950 669 2067 718 dixi-

314 776 437 818 mus,
461 759 574 807 ideo
594 765 708 805 ante
728 755 922 804 videtur
942 754 1058 817 quia
1083 756 1268 802 clarum
1289 763 1361 803 est
1381 755 1549 802 lumen
1569 769 1580 812 ;
1608 752 1879 801 tonitruum
1900 761 2063 800 autem

316 843 379 890 ad
405 857 546 889 aures
573 838 758 887 tardius
785 836 1020 900 pervenit.

229 934 291 975 IX
453 925 537 970 DE
576 935 907 969 FVLMINIBVS.
986 920 1166 981 Fulgur
1191 927 1239 966 et
1269 919 1470 976 fulmen,
1499 917 1624 965 ictus
1655 915 1878 965 caelestis
1903 915 2061 975 iaculi,

315 1023 343 1055 a
369 1005 593 1055 feriendo
619 1002 738 1052 dicti
758 1021 770 1062 3
806 1004 990 1065 fulgere
1017 1001 1151 1050 enim
1176 999 1317 1049 ferire
1342 1009 1415 1048 est
1441 1008 1589 1062 atque
1614 1007 1882 1061 percutere.
1956 1000 2065 1046 Ful-
2090 1020 2140 1050 10

318 1106 435 1138 men
465 1096 631 1135 autem
665 1084 853 1134 conlisa
884 1083 1055 1132 nubila
1079 1082 1279 1130 faciunt.
1354 1083 1485 1130 Nam
1516 1082 1738 1130 omnium
1766 1097 1926 1130 rerum
1951 1097 2066 1129 con-

318 1168 428 1217 lisio
454 1169 619 1232 ignem
645 1177 793 1227 creat,
821 1176 873 1215 ut
899 1166 949 1214 in
975 1164 1223 1228 lapidibus
1252 1163 1510 1224 cernimus,
1538 1165 1615 1212 vel
1639 1162 1805 1211 attritu
1831 1171 2060 1221 rotarum,

316 1254 394 1300 vel
427 1251 478 1299 in
508 1250 639 1299 silvis
670 1250 932 1299 arborum:
971 1247 1116 1296 simili
1155 1248 1307 1295 modo
1340 1246 1391 1294 in
1424 1246 1642 1295 nubibus
1674 1245 1812 1309 ignis,
1850 1246 1983 1294 unde
2017 1255 2063 1293 et

260 1351 290 1384 2
316 1334 449 1398 prius
481 1333 652 1382 nubila
678 1342 804 1392 sunt,
835 1332 1019 1380 deinde
1044 1329 1196 1392 ignes.
1270 1331 1436 1377 Vento
1468 1337 1632 1377 autem
1660 1337 1708 1377 et
1734 1327 1833 1390 igni
1859 1326 2065 1375 fulmina

318 1418 367 1464 in
394 1416 615 1465 nubibus
650 1414 753 1464 fieri
784 1422 832 1463 et
863 1415 1060 1476 inpulsu
1085 1420 1347 1461 ventorum
1379 1409 1549 1460 emitti.
1625 1411 1749 1458 Ideo
1781 1419 1946 1458 autem
1977 1410 2063 1457 ful·
2088 1428 2137 1468 15

318 1500 463 1547 minis
494 1498 660 1561 ignem
692 1496 790 1545 vim
825 1495 1009 1544 habere
1040 1493 1276 1542 maiorem
1307 1494 1370 1542 ad
1399 1494 1775 1553 penetrandum,
1805 1491 1920 1555 quia
1953 1491 2063 1539 sub-

315 1581 558 1630 tilioribus
585 1579 842 1628 elementis
873 1579 1030 1626 factus
1063 1585 1136 1625 est
1170 1592 1319 1639 quam
1350 1584 1529 1634 noster,
1558 1574 1608 1623 id
1635 1583 1707 1623 est
1734 1573 1818 1637 qui
1844 1571 1987 1621 nobis
2013 1571 2064 1619 in

309 1680 402 1711 usu
428 1671 514 1712 θεῖ.
587 1660 704 1709 Tria
725 1669 838 1709 sunt
858 1668 1024 1708 autem
1045 1658 1149 1707 eius
1171 1657 1386 1716 nomina,
1410 1659 1584 1720 fulgus,
1607 1658 1764 1719 fulgor
1784 1664 1831 1704 et
1852 1656 2063 1703 fulmen:

312 1747 489 1809 fulgus,
517 1745 632 1808 quia
657 1743 843 1806 tangit;
882 1744 1052 1804 fulgor,
1082 1740 1197 1803 quia
1226 1739 1446 1788 incendit
1481 1749 1529 1788 et
1558 1739 1652 1787 urit
1668 1755 1680 1797 ;
1718 1740 1918 1798 fulmen,
1947 1736 2063 1800 quia

314 1828 485 1886 findit;
523 1827 638 1875 ideo
664 1834 711 1874 et
736 1841 850 1872 cum
876 1823 1026 1873 ternis
1052 1821 1198 1871 radiis
1224 1822 1486 1884 finguntur.
2088 1834 2137 1862 20

250 1915 291 1954 X
453 1912 533 1958 DE
571 1923 708 1956 ARcv
745 1922 808 1955 ET
838 1920 1041 1954 NVBIVM
1079 1917 1401 1952 EFFECTIBVS.
1475 1905 1633 1951 Arcus
1658 1901 1880 1950 caelestis
1901 1900 2060 1950 dictus

316 2010 343 2041 a
365 1989 688 2040 similitudine
706 1990 891 2038 curvati
910 2004 1066 2036 arcus.
1124 1985 1215 2033 Iris
1241 1983 1356 2033 huic
1377 2000 1559 2033 nomen
1578 1983 1829 2047 proprium
1850 1991 1937 2032 est.
1998 1984 2061 2031 Et

313 2074 491 2124 dicitur
516 2072 596 2121 iris
617 2070 759 2136 quasi
778 2070 917 2129 aeris,
940 2070 991 2118 id
1011 2077 1084 2117 est
1104 2068 1241 2131 quod
1266 2083 1351 2130 per
1375 2083 1488 2115 aera
1512 2068 1575 2115 ad
1602 2075 1750 2114 terras
1776 2066 2060 2114 descendat.

314 2157 416 2206 Hic
453 2165 618 2205 autem
659 2171 688 2202 a
731 2155 834 2202 sole
872 2152 1167 2215 resplendet,
1207 2150 1328 2198 dum
1368 2164 1516 2197 cavae
1557 2148 1716 2196 nubes
1756 2164 1814 2195 ex
1855 2148 2061 2195 adverso

313 2239 507 2288 radium
551 2236 666 2287 solis
709 2234 961 2298 accipiunt
999 2242 1046 2281 et
1082 2248 1223 2280 arcus
1261 2231 1476 2294 speciem
1514 2231 1732 2292 fingunt;
1783 2228 1862 2277 cui
1903 2227 2061 2277 varios
2086 2246 2136 2286 25

316 2323 507 2371 colores
532 2320 614 2368 illa
639 2321 724 2368 dat
749 2334 839 2378 reS,
868 2315 984 2382 quia
1003 2330 1131 2378 aqua
1157 2312 1332 2373 tenuis,
1355 2329 1436 2361 aer
1460 2311 1667 2370 lucidus,
1696 2320 1744 2360 et
1770 2310 1928 2358 nubes
1953 2309 2062 2358 cali-

261 2419 291 2452 2
317 2413 502 2468 gantes,
531 2401 770 2450 inradiata
790 2399 882 2448 ista
901 2399 1060 2447 varios
1081 2405 1247 2445 creant
1264 2396 1469 2443 colores.
1491 2406 1494 2407 ’
1524 2392 1725 2441 Pluviae
1745 2391 1905 2440 dictae
1925 2393 2061 2454 quod

376 2547 393 2572 1
427 2532 698 2582 praescindet
720 2531 758 2569 Β
781 2545 790 2568 :
820 2528 1078 2579 praescindit
1106 2525 1162 2564 T:
1196 2525 1402 2564 rescindit
1426 2523 1482 2562 C:
1513 2522 1746 2572 proscindit
1767 2522 1811 2559 K
1919 2522 2063 2560 differ-

319 2596 388 2628 tur
403 2588 446 2625 K
553 2599 578 2635 3
610 2587 772 2625 emittat
791 2583 892 2623 BT2
1001 2582 1187 2620 tonitrua
1207 2593 1272 2619 au.
1300 2579 1337 2616 T
1439 2591 1463 2626 4
1493 2576 1700 2626 frigoraB
1809 2576 2064 2626 exprimitur

320 2643 369 2682 Cl
490 2641 563 2679 illa
579 2641 656 2680 cel.
680 2641 878 2679 videntur
898 2637 944 2675 K
1061 2635 1179 2687 quia]
1197 2635 1308 2684 quod
1325 2633 1360 2672 C
1494 2645 1518 2681 5
1549 2630 1744 2681 pervenit
1769 2629 1803 2669 C
1935 2632 1961 2667 6
1989 2643 2062 2679 ap-

318 2703 464 2748 pareat
498 2695 549 2734 C1
685 2696 847 2744 fulgora
874 2706 964 2732 voc.
985 2692 1056 2731 B:
1085 2691 1223 2739 fulgor
1252 2701 1344 2728 voc,
1366 2686 1412 2724 K
1604 2700 1625 2735 7
1655 2684 1764 2736 vid.]
1798 2690 1973 2723 vocatur
2004 2683 2060 2722 B¹

318 2754 417 2793 clar.
437 2753 522 2790 lum
547 2750 582 2789 C
728 2763 776 2788 10
805 2748 963 2787 fulmen
984 2761 1050 2786 au.
1080 2746 1139 2785 T:
1168 2743 1342 2782 fulmina
1362 2755 1428 2782 au.
1449 2741 1571 2780 BCK
1728 2753 1771 2777 11
1804 2739 1959 2777 nubilia
1981 2738 2029 2777 C¹
2052 2753 2061 2778 :
2086 2765 2090 2769 -
2167 2742 2176 2791 J

318 2808 478 2846 lumina
498 2804 640 2844 BKC2
790 2817 838 2841 12
869 2801 1007 2853 creat]
1029 2804 1188 2839 cremat
1209 2797 1257 2837 C1
1410 2809 1459 2846 14
1490 2797 1573 2835 dei.
1591 2795 1701 2844 ignis
1721 2794 1768 2832 K
1876 2793 1942 2831 Ex
1962 2807 2058 2833 ven.
2172 2796 2176 2803 “

315 2862 418 2901 BC:
450 2862 499 2900 In
533 2873 627 2899 ven.
663 2858 710 2896 K
816 2856 976 2908 autem]
1005 2857 1118 2894 enim
1152 2852 1187 2892 C
1350 2853 1399 2891 18
1428 2851 1529 2900 fulg.
1557 2850 1659 2899 fulg.
1687 2854 1730 2887 et
1763 2848 1877 2887 sulm.
1914 2860 1997 2886 om.
2029 2847 2066 2887 C
2168 2855 2176 2903 j

318 2917 474 2968 fulgor]
499 2916 637 2964 fulgur
663 2913 701 2952 T
718 2913 819 2964 (non
839 2911 885 2949 X
888 2912 943 2960 O)
1095 2922 1144 2958 19
1171 2907 1282 2958 quod
1305 2906 1340 2946 C
1449 2904 1606 2956 fulgor]
1628 2904 1766 2953 fulgur
1791 2902 1936 2952 T(non
1955 2901 2061 2948 XO)
2167 2925 2176 2956 ’e

318 2972 429 3021 quod
449 2971 484 3010 C
620 2982 674 3008 20
703 2973 745 3006 θῖ
764 2967 862 3006 ideo
885 2966 920 3005 C
1026 2964 1261 3015 pinguntur
1279 2962 1326 3000 K
1434 2974 1487 2999 22
1515 2973 1540 2998 a
1558 2959 1652 2998 sim,
1675 2958 1754 2997 dic.
1771 2957 1806 2996 C
1912 2969 2056 3007 propr.
2168 2960 2176 2978 ²

320 3040 434 3065 nom.
453 3025 494 3063 Β
623 3036 676 3073 23
706 3023 819 3061 desc.
842 3023 895 3060 ad
916 3029 996 3061 ter.
1022 3019 1056 3058 C
1182 3029 1233 3066 25
1263 3015 1420 3067 accip.]
1442 3013 1651 3064 aspiciunt
1671 3012 1712 3050 B
1838 3013 1890 3049 26
1920 3010 2060 3060 caligi-
2136 3028 2139 3029 ⁷
2167 2998 2176 3048 Ξ

321 3086 471 3119 nantes
503 3079 540 3117 T
643 3091 692 3127 27
723 3077 899 3116 inradiat
920 3076 944 3115 i.
967 3075 1041 3113 K:
1071 3072 1297 3114 inradiatas
1321 3070 1371 3109 C1
1483 3069 1563 3109 dic.
1589 3081 1640 3106 eo
1662 3081 1732 3121 qu.
1761 3065 1795 3106 C
2165 3058 2176 3100 ἔ
