2176 3424
1015 109 1286 159 ISIDORI

273 234 350 272 tur
392 243 562 276 eorum
603 242 844 294 parentes,
891 252 919 282 a
962 236 1141 298 quibus
1182 240 1273 288 orti
1316 242 1543 292 existunt.
1619 247 1742 295 Sunt
1785 248 1918 296 enim
1961 251 2025 299 de

182 323 250 371 42
271 307 543 372 longinqua
568 312 780 375 regione.
835 317 1023 365 Vrbani
1049 321 1366 384 vocabantur,
1393 323 1477 386 qui
1503 327 1697 376 Romae
1717 329 2022 381 habitabant.

272 390 375 451 Qui
412 407 527 441 vero
569 395 619 442 in
659 396 831 446 ceteris
868 400 1002 460 locis,
1043 404 1296 466 oppidani.
1371 407 1501 456 Nam
1550 410 1655 460 sola
1690 411 1806 460 urbs
1844 414 2021 474 Roma,

180 482 248 529 43
271 481 434 521 cetera
488 475 685 538 oppida.
778 481 970 529 Famuli
1020 494 1135 533 sunt
1185 501 1243 534 ex
1298 488 1494 551 propria
1540 507 1789 542 servorum
1841 495 2025 544 familia

270 556 376 603 orti.
465 558 599 606 Servi
642 570 809 609 autem
859 564 1159 614 vocabulum
1196 569 1313 618 inde
1353 580 1614 634 traxerunt,
1658 577 1795 638 quod
1834 577 1898 638 hi,
1939 578 2024 640 qui
2048 594 2069 634 5

270 636 374 686 iure
408 637 524 687 belli
560 642 751 703 possint
788 644 951 694 occidi
986 664 1015 695 a
1052 648 1334 713 victoribus,
1375 670 1489 703 cum
1527 656 1859 720 servabantur,
1900 661 2025 710 servi

177 732 247 781 44
270 718 470 780 fiebant,
498 738 527 769 a
553 727 794 774 servando
821 726 1008 777 scilicet
1041 730 1166 780 servi
1198 735 1446 797 appellati.
1517 738 1743 788 Ancillae
1776 757 1804 789 a
1837 751 2023 792 susten—

270 803 435 850 taculo
462 814 679 854 vocatae.
751 807 934 876 Ἀγκὼν
960 813 1092 860 enim
1120 815 1308 865 Graece
1334 818 1530 868 cubitus
1556 820 1746 871 dicitur.
1800 825 1948 873 Vnde
1974 835 2023 875 et

181 893 248 942 45
269 900 516 933 anconem
551 887 776 939 dicimus.
851 892 1163 957 Mancipium
1190 907 1263 945 est
1300 899 1545 963 quidquid
1582 920 1732 952 manu
1770 904 1880 968 capi
1914 907 2024 956 sub-

270 966 422 1029 dique
459 978 636 1031 potest‚
678 982 731 1021 ut
780 975 947 1036 homo,
992 993 1162 1039 equuS‚
1203 980 1321 1030 ovis.
1409 986 1553 1033 Haec
1606 985 1739 1035 enim
1791 987 2023 1037 animalia
2050 1004 2097 1032 10

269 1049 435 1098 statim
475 1060 528 1099 ut
567 1062 681 1102 nata
721 1065 848 1116 sunt,
871 1055 1189 1122 'mancipium
1228 1078 1335 1111 esse
1371 1074 1617 1128 putantur.
1694 1069 1824 1118 Nam
1863 1079 1911 1118 et
1949 1088 2019 1132 ea,

271 1147 399 1193 quae
447 1132 497 1180 in
548 1134 814 1186 bestiarum
864 1157 1073 1189 numero
1113 1152 1239 1202 sunt,
1283 1154 1402 1194 tunc
1451 1147 1679 1198 videntur
1719 1151 2021 1215 mancipium

173 1212 244 1271 46
271 1230 392 1274 esse,
445 1218 647 1278 quando
695 1220 804 1282 capi
859 1221 959 1270 sive
1010 1225 1200 1273 domari
1261 1228 1526 1291 coeperint.
1614 1232 1827 1295 Ingenui
1886 1235 2020 1295 dicti,

270 1297 385 1358 quia
422 1296 471 1344 in
507 1315 687 1361 genere
722 1301 907 1352 habent
944 1305 1236 1368 libertatem,
1277 1325 1378 1357 non
1416 1310 1465 1358 in
1502 1313 1644 1374 facto,
1685 1313 1810 1364 sicut
1846 1315 2020 1366 liberti.

269 1379 417 1426 Vnde
460 1388 508 1428 et
545 1397 630 1429 eos
667 1384 845 1432 Graeci
883 1388 1077 1452 εὐγενεῖς
1113 1399 1306 1451 vocant,
1347 1394 1483 1454 quod
1526 1393 1621 1443 sint
1658 1395 1779 1444 boni
1813 1398 2019 1461 generis.
2048 1413 2095 1454 15

181 1462 245 1511 47
269 1459 497 1509 Libertus
522 1472 689 1511 autem
721 1476 924 1515 vocatus
959 1469 1099 1530 quasi
1130 1470 1375 1521 liberatus.
1446 1476 1563 1524 Erat
1590 1476 1722 1525 enim
1748 1478 1880 1540 prius
1907 1479 2021 1543 iugo

268 1542 513 1591 servitutis
555 1544 800 1595 addictus,
890 1549 1203 1600 Libertorum
1243 1563 1408 1603 autem
1467 1557 1550 1604 filii
1608 1561 1743 1620 apud
1789 1561 2021 1624 antiquos

267 1622 481 1672 libertini
506 1628 895 1690 appellabantur,
925 1632 1064 1694 quasi
1091 1635 1153 1682 de
1180 1634 1365 1685 libertis
1391 1637 1506 1686 nati.
1568 1641 1615 1688 N
1620 1657 1717 1689 unc
1744 1659 1859 1690 vero
1884 1643 2024 1692 liber-

176 1703 242 1761 48
267 1701 398 1750 tinus
425 1713 509 1752 aut
533 1722 562 1752 a
598 1705 775 1756 liberto
810 1711 982 1770 factus,
1011 1722 1095 1761 aut
1128 1730 1399 1776 possessus.
1475 1719 1815 1768 Manumissus
1846 1721 2024 1770 dicitur

267 1785 406 1847 quasi
433 1804 583 1835 manu
611 1788 832 1838 emissus.
907 1795 1060 1855 Apud
1086 1804 1273 1845 veteres
1294 1797 1425 1846 enim
1448 1800 1678 1861 quotiens
1696 1818 1846 1850 manu
1866 1803 2025 1852 mitte-
2048 1826 2097 1853 20

268 1867 403 1926 bant,
430 1870 572 1932 alapa
603 1887 863 1933 percussos
890 1874 1305 1938 circumagebant,
1340 1888 1387 1927 et
1417 1879 1597 1930 liberos
1629 1885 1990 1933 confirmabant
2012 1904 2025 1944 3

169 1958 241 2006 49
267 1951 401 1999 unde
427 1960 474 1999 et
500 1953 790 2002 manumissi
817 1954 951 2015 dicti,
975 1973 1035 2005 eo
1056 1960 1192 2020 quod
1214 1976 1363 2008 manu
1391 1961 1713 2013 mitterentur.
1787 1966 2024 2015 Dediticii

265 2031 479 2094 primum
529 2051 558 2081 a
602 2035 858 2086 deditione
903 2048 1017 2086 sunt
1060 2041 1347 2104 nuncupati.
1423 2043 1627 2092 Deditio
1667 2044 1799 2094 enim
1848 2046 2026 2096 dicitur

267 2116 471 2176 quando
498 2133 549 2164 se
574 2115 690 2165 victi
716 2127 801 2166 aut
827 2118 1058 2169 vincendi
1085 2122 1251 2171 hostes
1285 2122 1552 2173 victoribus
1578 2127 1805 2176 tradunt:
1844 2128 2024 2191 quibus

266 2198 390 2244 haec
427 2199 563 2261 origo
600 2199 816 2248 nominis
853 2203 957 2250 fuit.
1034 2204 1166 2251 Dum
1213 2206 1469 2266 quondam
1512 2209 1745 2258 adversus
1782 2212 2022 2273 populum
2048 2235 2095 2276 25

267 2280 555 2328 Romanum
594 2281 718 2330 servi
754 2282 900 2331 armis
931 2284 1140 2348 sumptis
1175 2285 1507 2349 dimicassent,
1534 2289 1649 2338 victi
1683 2307 1734 2340 se
1763 2292 2022 2350 dederunt,

175 2385 242 2435 50
267 2363 697 2426 comprehensique
723 2364 854 2413 varia
879 2366 1184 2429 turpitudine
1209 2369 1371 2418 affecti
1405 2380 1534 2420 sunt.
1607 2374 1682 2420 Ex
1718 2373 1793 2422 his
1819 2373 2021 2436 quidam

268 2453 441 2508 postea
466 2461 495 2492 a
520 2445 738 2494 dominis
770 2447 1074 2508 manumissi,
1104 2459 1303 2514 propter
1337 2452 1690 2515 suppHciorum
1716 2465 1873 2515 notas,
1900 2473 2023 2519 quas

328 2586 345 2612 1
380 2575 518 2613 exorti
539 2581 637 2614 sunt
657 2575 703 2614 K
864 2590 890 2626 3
918 2578 1021 2616 urbs
1044 2579 1112 2630 (ex
1134 2579 1234 2631 urb)
1257 2585 1322 2619 est
1344 2581 1426 2621 Ro.
1453 2581 1488 2620 C
1613 2585 1640 2622 6
1668 2597 1759 2625 occ.
1784 2587 2024 2626 auctoribus

269 2627 316 2666 K
507 2643 602 2668 cum
622 2637 848 2670 servantur
866 2631 918 2670 Cl
943 2647 952 2671 :
983 2634 1343 2674 conservabantur
1362 2635 1451 2674 ΒΚ
1456 2637 1493 2675 T
1510 2636 1613 2688 (non
1633 2639 1698 2691 A)
1809 2654 1836 2690 9
1864 2654 2024 2680 ancone

269 2683 324 2722 di.
346 2682 458 2723 codd.
571 2685 799 2737 subdique]
822 2693 894 2726 aut
914 2688 1039 2726 subdi
1063 2687 1144 2726 CK
1298 2702 1347 2728 10
1366 2690 1456 2730 ovis
1476 2705 1560 2731 om.
1590 2691 1628 2731 T
1732 2694 1864 2746 enim]
1883 2701 2023 2734 autem

268 2736 316 2775 K
426 2750 470 2776 11
494 2752 590 2777 nam
612 2753 661 2779 ea
683 2754 722 2790 q.
750 2740 826 2779 CT
842 2742 912 2793 (ea
933 2756 981 2780 ex
999 2742 1059 2793 et)
1158 2756 1206 2792 13
1229 2757 1290 2784 ca.
1312 2745 1522 2785 dominari
1541 2746 1599 2785 Β1
1621 2762 1629 2786 :
1651 2761 1713 2789 ca.
1734 2754 1778 2787 et
1799 2750 1970 2788 domani
1984 2748 2031 2788 K

269 2799 476 2843 ceperunt
498 2793 615 2846 (corr.
641 2796 784 2845 coep-)
809 2796 845 2835 C
983 2810 1032 2845 14
1062 2810 1148 2836 non
1171 2811 1252 2838 om.
1282 2798 1331 2837 Cl
1499 2801 1621 2840 liberi
1645 2801 1696 2841 C1
1811 2816 1858 2853 17
1886 2810 2024 2843 autem

271 2860 354 2887 om.
380 2846 427 2885 K
583 2850 632 2888 18
653 2850 707 2888 de
728 2850 917 2890 liberatis
945 2852 983 2890 T
1129 2865 1178 2901 19
1209 2866 1262 2891 an
1285 2866 1399 2903 poss.
1425 2855 1479 2893 Β1
1647 2869 1699 2895 20
1730 2858 1872 2909 quasi]
1895 2859 1964 2907 qui
1986 2858 2032 2897 K

269 2902 544 2942 mittebantur
565 2901 612 2942 K
771 2918 819 2943 21
853 2906 904 2945 al.
927 2919 1042 2956 pere.
1066 2905 1163 2946 circ.
1185 2921 1268 2948 om.
1293 2908 1349 2947 Β1
1517 2923 1570 2960 23
1598 2911 1780 2963 deditio]
1799 2912 2025 2952 dediticius

269 2955 316 2994 K
513 2972 564 3008 24
594 2958 728 2997 vincti
748 2966 818 2999 aut
838 2960 1050 3000 vinciendi
1070 2960 1112 2998 A
1119 2974 1196 3002 rev.
1401 2975 1452 3014 25
1481 2965 1663 3017 quodam
1683 2965 1739 3004 Bl
1759 2980 1768 3005 ε
1797 2968 1965 3017 quando
1985 2967 2032 3006 K

268 3013 322 3049 26
341 3012 542 3063 sumptis]
565 3013 688 3053 victis
714 3013 751 3052 T
768 3015 847 3060 (vi-
866 3028 916 3054 ex
934 3015 1056 3065 corr.)
1167 3017 1298 3056 vincti
1319 3017 1361 3056 A
1367 3032 1444 3058 rev.
1556 3032 1603 3059 se
1623 3019 1736 3072 ded.]
1753 3021 1960 3080 sederunt·
1975 3022 2010 3061 C
2013 3023 2027 3048 ¹

268 3077 318 3114 27
351 3066 520 3115 quidem
541 3065 583 3104 B
748 3069 799 3106 28
827 3070 880 3108 ad
901 3069 1086 3108 hominis
1108 3069 1206 3111 C1T
