2228 3444
1118 178 1391 230 ISIDORI

256 318 349 356 LVI
512 307 595 354 DE
621 320 784 355 CVRsv
811 320 999 356 LVNAE.
1075 309 1216 356 Luna
1240 309 1407 357 amissi
1432 325 1489 357 ac
1508 310 1693 373 recepti
1717 312 1916 362 luminis
1936 314 2126 366 vicibus

374 396 625 436 menstrua
651 388 806 451 spatia
831 391 1071 438 moderat.
1146 392 1290 452 Quae
1322 392 1436 440 ideo
1467 393 1672 455 obliquo
1698 395 1882 443 incedit
1908 411 2053 444 cursu
2078 404 2126 444 et

374 486 476 518 non
507 479 656 530 recto,
685 480 738 519 ut
773 472 864 531 sol,
891 471 1078 521 scilicet
1113 488 1176 521 ne
1210 472 1396 522 incidat
1430 475 1479 521 in
1513 483 1739 524 centrum
1771 485 1926 525 terrae
1959 486 2006 525 et
2039 479 2127 526 fre-

318 565 348 598 2
374 561 582 614 quenter
601 553 813 615 patiatur
833 552 1071 616 eclipsim.
1125 553 1333 602 Vicinus
1354 564 1427 604 est
1447 555 1579 604 enim
1600 558 1704 606 eius
1724 558 1934 607 circulus
1955 567 2123 608 terrae.

374 634 616 683 Crescens
660 643 826 682 autem
866 636 1106 684 orientem
1151 635 1384 686 cornibus
1426 646 1627 700 spectat,
1671 640 1962 690 decrescens
2002 642 2171 703 occi-5

372 716 575 764 dentem
597 735 605 764 ε
644 715 838 776 merito,
863 718 981 778 quia
1007 733 1241 766 occasura
1267 727 1315 766 et
1340 718 1578 768 amissura
1603 729 1677 769 est
1701 722 1885 770 lumen.

229 805 346 845 LVII
510 800 592 845 DE
636 812 945 846 vlclNlTATE
989 814 1164 847 LVNAE
1206 815 1276 847 AD
1320 815 1538 849 TERRAs.
1625 804 1767 851 Luna
1808 803 2012 853 vicinior
2054 814 2127 854 est

372 879 508 927 terris
536 895 685 942 quam
713 881 801 928 sol.
875 881 1004 929 Inde
1029 890 1077 930 et
1103 882 1311 930 breviori
1341 883 1461 931 orbe
1487 885 1692 933 celerius
1718 887 1904 948 peragit
1929 903 2126 934 cursum

371 977 531 1009 suum.
606 963 738 1010 Nam
771 963 878 1022 iter,
904 964 1042 1024 quod
1069 965 1143 1011 sol
1173 964 1223 1011 in
1254 965 1431 1013 diebus
1458 967 1688 1015 trecentis
1714 969 1964 1030 sexaginta
1989 970 2128 1032 quin-

371 1059 468 1105 que
501 1045 705 1107 peragit,
735 1046 825 1092 ista
862 1060 949 1107 per
982 1046 1179 1108 triginta
1209 1047 1316 1095 dies
1347 1049 1596 1110 percurrit.
1670 1051 1819 1099 Vnde
1852 1059 1899 1100 et
1936 1052 2125 1115 antiqui
2150 1073 2200 1102 10

370 1142 565 1175 menses
591 1127 641 1174 in
669 1128 802 1187 luna,
826 1143 985 1176 annos
1011 1137 1178 1177 autem
1206 1131 1254 1176 in
1283 1130 1399 1178 solis
1426 1146 1624 1179 cursum
1650 1142 1936 1194 posuerunt.

201 1220 340 1275 LVIII
505 1211 589 1257 DE
614 1224 812 1257 ECLIPsI
842 1224 998 1258 soms.
1074 1211 1286 1275 Eclipsis
1319 1212 1434 1261 solis
1469 1222 1555 1272 est,
1585 1214 1814 1277 quotiens
1848 1217 1965 1264 luna
1989 1215 2126 1280 trige-

366 1291 490 1339 sima
525 1292 590 1339 ad
628 1293 839 1340 eandem
883 1293 1080 1353 lineam,
1121 1310 1218 1356 qua
1256 1296 1329 1343 sol
1367 1295 1572 1354 vehitur,
1612 1296 1847 1359 pervenit,
1887 1296 2032 1360 eique
2073 1315 2126 1347 se

365 1372 605 1421 obiiciens
632 1374 788 1421 solem
817 1373 1063 1423 obscurat.
1120 1377 1249 1425 Nam
1277 1378 1489 1426 deficere
1515 1378 1659 1427 nobis
1684 1380 1756 1427 sol
1778 1379 1982 1440 videtur,
2003 1382 2123 1430 dum

364 1453 432 1502 illi
458 1454 590 1503 orbis
617 1456 763 1503 lunae
789 1455 1069 1518 opponitur.
2149 1481 2196 1522 15

242 1548 341 1587 LIX
502 1538 586 1584 DE
606 1551 803 1585 ECLIPSI
827 1552 1013 1585 LVNAE.
1068 1539 1280 1602 Eclipsis
1302 1541 1448 1588 lunae
1467 1549 1553 1599 est,
1577 1541 1806 1603 quotiens
1827 1544 1878 1590 in
1897 1544 2124 1592 umbram

363 1627 518 1666 terrae
544 1620 662 1666 luna
687 1618 902 1667 incurrit.
966 1622 1081 1669 Non
1109 1620 1242 1669 enim
1269 1638 1412 1670 suum
1439 1624 1608 1671 lumen
1634 1623 1830 1683 habere,
1854 1626 1941 1674 sed
1966 1642 1995 1673 a
2021 1627 2124 1675 sole

362 1699 641 1748 inluminari
678 1710 889 1764 putatur,
918 1703 1053 1750 unde
1079 1710 1127 1751 et
1152 1704 1402 1752 defectum
1436 1703 1617 1766 patitur
1650 1704 1690 1753 si
1726 1704 1851 1755 inter
1880 1705 2038 1770 ipsam
2073 1717 2121 1756 et

308 1799 338 1833 2
360 1784 515 1831 solem
560 1783 733 1831 umbra
776 1792 930 1832 terrae
980 1783 1285 1834 interveniat.
1361 1785 1549 1834 Patitur
1594 1795 1761 1836 autem
1810 1789 1906 1836 hoc
1948 1790 2120 1852 quinta

359 1864 555 1913 decima
568 1866 685 1912 luna
700 1881 760 1914 eo
778 1881 949 1927 usque,
962 1882 1112 1928 quam
1129 1868 1214 1916 diu
1231 1876 1455 1916 centrum
1470 1876 1619 1931 atque
1635 1870 1862 1918 umbram
1877 1870 2118 1921 obstantis
2146 1889 2198 1918 20

359 1956 514 1996 terrae
540 1957 679 1996 exeat
706 1946 970 2010 videatque
996 1950 1166 2009 solem,
1195 1951 1272 1998 vel
1295 1966 1325 1998 a
1350 1952 1454 1999 sole
1478 1951 1713 2000 videatur.

260 2038 335 2077 LX
495 2031 577 2077 DE
626 2044 987 2077 DIFFERENTIA
1037 2045 1362 2091 STELLARVM,
1409 2046 1659 2093 s1DERVM,
1705 2048 1770 2081 ET
1817 2048 2113 2085 ASTRORVM.

357 2113 537 2160 Stellae
579 2120 626 2160 et
665 2110 826 2160 sidera
865 2120 913 2160 et
952 2121 1080 2161 astra
1119 2113 1245 2163 inter
1284 2130 1335 2162 se
1374 2113 1618 2163 differunt.
1694 2117 1824 2165 Nam
1867 2119 2006 2166 stella
2043 2126 2116 2167 est

356 2193 607 2257 quaelibet
633 2193 904 2256 singularis.
977 2196 1149 2244 Sidera
1173 2212 1289 2244 vero
1315 2205 1429 2245 sunt
1463 2198 1614 2246 stellis
1640 2197 1861 2261 plurimis
1892 2200 2032 2260 facta,
2062 2211 2114 2250 ut

304 2289 334 2323 2
359 2277 579 2339 Hyades,
624 2275 863 2324 Pleiades.
935 2279 1080 2325 Astra
1127 2287 1294 2326 autern
1346 2280 1515 2327 stellae
1562 2281 1787 2342 grandes,
1838 2290 1891 2329 ut
1940 2283 2109 2343 Orion,
2140 2297 2189 2338 25

356 2360 554 2407 BooteS.
628 2359 726 2406 Sed
759 2359 883 2406 haec
916 2358 1122 2407 nomina
1147 2359 1407 2423 scriptores
1438 2361 1764 2420 confundunt,
1793 2371 1841 2411 et
1869 2371 1998 2412 astra
2023 2381 2112 2427 pro

355 2439 505 2489 stellis
532 2449 580 2489 et
606 2442 769 2490 stellas
796 2457 885 2503 pro
911 2440 1158 2491 sideribus
1185 2450 1394 2504 ponunt.

407 2582 431 2608 2
463 2583 596 2610 mens.
624 2571 664 2609 in
687 2577 879 2609 centrum
901 2584 989 2621 spa.
1018 2570 1118 2609 C1K
1318 2572 1509 2612 moderat
1531 2572 1772 2613 ABDTU:
1803 2576 2023 2617 moderata
2042 2578 2109 2617 K:

351 2626 594 2665 moderatur
617 2625 652 2663 C
812 2639 923 2675 quae
945 2627 1043 2665 ideo
1065 2657 1073 2666 .
1100 2656 1109 2666 .
1135 2658 1144 2667 .
1168 2633 1362 2666 centrum
1384 2640 1465 2666 om.
1494 2627 1628 2666 C1KL
1650 2628 1778 2669 Phill.
1804 2630 1906 2679 1831
2023 2634 2104 2673 obl.

349 2680 428 2719 inc.
452 2693 514 2719 cu.
538 2686 579 2719 et
600 2694 686 2719 non
708 2694 792 2720 rec.
818 2680 1014 2720 BDTU:
1044 2695 1131 2720 non
1154 2687 1273 2720 recto
1294 2682 1463 2720 incedat
1486 2696 1611 2722 cursu
1629 2684 1670 2721 A
1783 2698 1808 2733 4
1830 2687 1990 2735 patitur
2013 2686 2114 2727 C1K

349 2736 462 2774 enim
484 2740 548 2774 est
568 2735 610 2773 A
631 2749 640 2774 :
670 2737 782 2774 enim
809 2734 908 2774 C¹K
1033 2748 1058 2785 5
1089 2741 1229 2775 autem
1249 2736 1400 2775 ABT:
1429 2749 1512 2786 que
1534 2738 1603 2776 K:
1633 2752 1742 2788 quae
1765 2738 1817 2777 C'l
1943 2747 2108 2790 spectat

348 2790 417 2829 K:
448 2796 645 2840 expectat
665 2790 745 2828 BC
749 2790 786 2828 T
891 2803 913 2839 7
944 2791 1024 2831 vic.
1045 2797 1109 2830 est
1130 2797 1206 2831 ter.
1235 2791 1379 2830 Tante
1397 2805 1496 2833 corr.
1612 2794 1637 2831 8
1666 2795 1778 2833 unde
1792 2794 1835 2833 A
1848 2794 1885 2832 T
1935 2796 2107 2836 brevior

345 2844 474 2883 ABC
577 2859 603 2895 9
634 2845 696 2884 sol
713 2850 808 2884 ante
820 2845 901 2884 iter
921 2845 975 2885 T:
998 2851 1096 2896 post
1107 2846 1349 2896 quinqueB
1462 2859 1512 2886 10
1531 2849 1744 2898 precurrit
1764 2848 1802 2886 T
1889 2862 1935 2888 11
1969 2863 2104 2891 annos

345 2899 500 2938 ABT:
529 2899 694 2938 nonK:
725 2913 839 2938 nona
858 2899 908 2938 C1
1024 2913 1073 2939 12
1103 2901 1157 2940 Iu.
1176 2906 1226 2941 tr.
1241 2900 1393 2939 ABT:
1423 2907 1473 2940 tr.
1501 2903 1554 2941 lu.
1579 2902 1658 2940 CK
1769 2915 1818 2952 13
1846 2904 1951 2956 qua]
1965 2917 2049 2954 que
2073 2907 2110 2944 T

343 2955 453 3006 s.V.]
486 2955 665 2995 solvitur
693 2954 742 2992 C1
914 2968 962 3004 14
993 2956 1126 2994 solem
1156 2968 1238 2994 om.
1277 2955 1315 2993 T
1420 2957 1518 2996 dum
1554 2957 1612 2996 illi
1643 2970 1725 2997 om.
1763 2957 1814 2996 C1
1956 2961 2006 2997 16
2038 2966 2104 3000 est

340 3009 497 3048 ABT:
526 3024 610 3050 om.
633 3008 711 3049 C1:
737 3010 784 3047 fit
804 3009 851 3047 K
1002 3022 1050 3060 17
1080 3011 1267 3050 occurrit
1285 3010 1332 3048 K
1349 3010 1452 3061 (non
1473 3011 1522 3064 C)
1633 3013 1709 3051 sed
1731 3025 1755 3051 a
1774 3025 1836 3052 so.
1862 3012 1934 3053 inl.
1960 3027 2043 3055 om.
2071 3015 2109 3054 T

345 3076 394 3113 19
425 3070 566 3103 autem
587 3064 736 3103 ABT:
771 3064 884 3102 enim
910 3064 988 3103 CK
1122 3071 1271 3115 quarta
1294 3064 1372 3103 CK
1553 3079 1607 3105 20
1635 3066 1709 3119 eo]
1730 3072 1772 3106 et
1796 3067 1832 3106 C
1954 3070 2100 3110 umbra

340 3119 525 3158 obstanti
545 3119 591 3158 K
745 3131 795 3157 21
827 3119 916 3171 vel]
937 3133 989 3158 ve
1008 3119 1055 3157 K
1214 3132 1267 3168 24
1297 3126 1342 3158 ut
1362 3134 1444 3160 om.
1471 3121 1550 3159 CK
1702 3133 1755 3171 25
1785 3136 1851 3162 au.
1875 3128 1972 3163 sunt
1991 3129 2043 3164 st.
2066 3124 2099 3164 T

339 3173 443 3224 (non
470 3174 526 3224 V)
692 3188 742 3224 27
773 3174 938 3226 stellas]
959 3174 1092 3215 stellis
1114 3175 1182 3214 B:
1211 3174 1337 3215 stillis
1357 3175 1404 3214 K
1419 3190 1428 3215 :
1457 3175 1584 3216 stella
1607 3175 1644 3214 C
