2176 3424
421 130 1049 178 ETYMOLOGIARVM
1090 129 1218 174 Lffl.
1257 128 1396 174 XVI.
1435 125 1464 184 i,
1504 125 1536 172 ii

102 269 206 308 tum
232 261 347 322 quia
371 259 482 322 igne
506 258 824 319 accenditur,
874 263 965 322 πῦρ
990 258 1122 307 enim
1152 258 1276 321 ignis
1310 267 1396 306 est.
1472 259 1603 305 Nam
1638 256 1708 303 vis
1739 253 1842 302 eius

104 349 151 390 et
167 340 216 388 in
236 340 375 403 aquis
392 340 692 390 ferventibus
709 339 926 398 sentitur,
948 357 1110 403 neque
1129 339 1223 388 alia
1241 355 1316 388 res
1332 337 1521 386 facilius
1540 335 1841 385 accenditur.

105 422 336 471 Nascitur
359 422 409 470 in
434 421 604 470 insulis
630 421 817 471 Aeoliis
843 421 968 471 inter
993 421 1208 471 Siciliam
1230 430 1278 470 et
1306 419 1514 480 Italiam,
1534 435 1656 484 quas
1675 419 1845 467 ardere

104 502 289 553 dicunt.
353 503 619 553 >Invenitur
661 514 708 552 et
749 503 798 552 in
841 503 946 552 aliis
985 503 1106 553 locis
1145 505 1392 553 effossum.
1465 500 1631 550 Huius
1667 515 1846 564 genera
1874 509 1932 544 10

59 613 81 652 5
104 594 348 648 quattuor.
423 584 619 645 Vivum,
649 586 785 648 quod
822 584 1018 645 foditur,
1046 587 1410 647 translucetque
1444 593 1492 632 et
1526 584 1658 641 viret,
1696 597 1844 644 quem

106 668 265 715 solum
294 684 352 716 ex
378 667 609 716 omnibus
633 666 895 730 generibus
929 667 1111 717 medici
1145 676 1362 716 utuntur.
1435 667 1673 723 Alterum,
1709 662 1846 726 quod

105 749 353 810 appellant
377 748 586 811 glebam,
615 748 783 797 usibus
814 758 1006 797 tantum
1033 751 1274 797 fullonum
1300 746 1550 796 familiare.
1623 746 1846 794 Tertium

105 828 263 892 liquor
299 839 371 879 est
395 848 406 889 3
455 846 570 878 usus
602 829 705 878 eius
735 832 799 879 ad
836 832 970 880 lanas
997 833 1277 891 suffiendas,
1305 829 1542 894 quoniam
1579 829 1846 877 candorem

105 910 460 973 mollitiemque
508 920 734 974 praestat.
808 914 1051 974 Quartum
1100 915 1163 962 ad
1211 912 1406 976 lychnia
1448 909 1660 959 maxime
1701 911 1851 958 confi-

36 1021 83 1049 10
106 991 282 1041 cienda
317 1002 501 1056 aptum.
573 993 828 1056 Sulphuris
865 1003 1000 1043 tanta
1036 996 1107 1043 vis
1144 1003 1217 1044 est
1254 1003 1307 1043 ut
1344 994 1543 1042 morbos
1577 991 1850 1041 comitiales

107 1075 443 1136 deprehendat
468 1073 640 1124 nidore
665 1090 754 1123 suo
775 1074 1018 1139 inpositus
1044 1076 1237 1140 ignibus
1261 1077 1537 1125 ardescens.
1612 1076 1672 1122 In
1698 1075 1850 1122 calice

106 1154 205 1204 vini
242 1172 496 1218 prunaque
536 1155 733 1205 subdita
775 1158 1123 1208 circumferens
1164 1157 1523 1208 exardescentis
1561 1173 1849 1220 repercussu

107 1238 342 1300 pallorem
368 1237 528 1286 dirum
554 1240 686 1287 velut
711 1240 1057 1289 defunctorum
1084 1240 1306 1290 effundit.

243 1318 326 1364 DE
350 1330 528 1365 GLEBIS
556 1332 623 1365 Ex
649 1333 799 1375 AQVA.
863 1318 1096 1369 Bitumen
1115 1319 1167 1368 in
1195 1321 1411 1368 Iudaeae
1436 1321 1546 1367 lacu
1571 1317 1850 1381 Asphaltite
1875 1324 1914 1363 ΙΙ

35 1433 80 1472 15
108 1398 324 1460 emergit,
360 1397 496 1446 cuius
531 1399 699 1461 glebas
736 1410 1108 1464 supernatantes
1145 1410 1324 1450 nautae
1362 1399 1555 1464 scaphis
1590 1400 1853 1463 adpropin-

109 1487 316 1542 quantes
343 1480 591 1542 colligunt.
667 1483 727 1529 In
754 1482 888 1544 Syria
911 1490 1076 1531 autern
1103 1482 1247 1531 limus
1268 1492 1340 1532 est
1366 1482 1547 1545 passim
1573 1490 1802 1530 aestuans
1827 1497 1856 1528 a

110 1569 249 1610 terra.
321 1562 598 1624 Spissantur
626 1572 792 1612 autem
826 1573 1032 1627 utraque
1064 1574 1113 1614 et
1145 1564 1389 1614 densitate
1423 1573 1618 1622 coeunt,
1652 1573 1700 1612 et
1733 1571 1856 1611 utra-

111 1658 207 1705 que
250 1642 425 1691 Graeci
466 1646 843 1708 πισσάσφαλτον
888 1648 1149 1709 appellant.
1226 1649 1413 1696 Natura
1448 1647 1551 1695 eius
1589 1646 1767 1695 ardens
1810 1653 1857 1693 et

111 1722 298 1787 ignium
317 1735 538 1787 cognata,
566 1736 614 1775 et
639 1744 801 1790 neque
825 1744 953 1790 aqua
986 1745 1147 1791 neque
1180 1730 1305 1778 ferro
1338 1727 1591 1792 rumpitur,
1617 1726 1710 1776 nisi
1742 1724 1857 1775 solis

39 1829 90 1857 20
113 1804 432 1854 muliebribus
459 1806 871 1870 inquinamentis:
912 1808 1042 1858 utilis
1079 1811 1143 1859 ad
1175 1827 1423 1874 conpages
1453 1809 1667 1858 navium.
1742 1809 1859 1856 Alu—
1888 1823 1917 1857 2

114 1903 229 1935 men
253 1897 482 1936 vocaturn
502 1905 530 1937 a
549 1891 747 1950 lumine,
775 1893 911 1954 quod
937 1893 1106 1940 lumen
1131 1892 1379 1940 coloribus
1398 1900 1612 1955 praestat
1638 1890 1858 1954 tinguen-

114 1968 202 2017 dis.
278 1970 367 2017 Est
399 1979 564 2019 autem
602 1973 796 2036 salsugo
826 1982 993 2033 terrae,
1030 1974 1334 2036 efficiturque
1367 1973 1530 2022 hieme
1567 1990 1626 2022 ex
1654 1989 1782 2035 aqua
1812 1980 1859 2020 et

116 2049 248 2110 limo,
277 2059 324 2098 et
347 2051 542 2100 aestivis
568 2053 753 2102 solibus
787 2063 1070 2103 maturatur.
1145 2054 1310 2104 Huius
1337 2054 1525 2118 species
1560 2056 1688 2104 duae
1714 2062 1827 2103 sunt
1850 2072 1859 2102 :

117 2129 358 2193 liquidum
386 2142 433 2181 et
458 2135 681 2196 spissum.
753 2137 834 2184 Sal
859 2136 1062 2199 quidam
1096 2138 1284 2185 dictum
1310 2145 1485 2199 putant
1511 2138 1647 2200 quod
1672 2135 1722 2184 in
1748 2135 1860 2199 igne
1884 2156 1914 2202 3

48 2240 93 2278 25
118 2212 294 2263 exiliat.
368 2215 510 2278 Fugit
547 2216 679 2265 enirn
712 2216 888 2280 ignem,
929 2220 1049 2267 dum
1087 2218 1148 2266 sit
1177 2218 1391 2281 igneum,
1420 2221 1508 2268 sed
1541 2228 1766 2268 naturam
1792 2235 1861 2267 se-

179 2354 195 2380 1
229 2342 323 2393 πῦρ]
346 2357 395 2382 ur
415 2345 526 2384 codd.
639 2359 663 2383 2
694 2351 737 2385 et
756 2360 821 2396 aq.
845 2347 907 2386 B:
937 2361 991 2386 ex
1012 2362 1077 2398 aq.
1104 2348 1148 2385 l<
1267 2362 1292 2398 3
1321 2350 1476 2388 ardore
1505 2349 1542 2387 T
1646 2361 1670 2398 5
1700 2349 1861 2400 vivum]

124 2410 252 2436 unum
273 2397 339 2438 K:
369 2412 454 2438 una
471 2400 512 2438 Β
711 2401 837 2452 quod]
861 2416 966 2452 quae
987 2402 1028 2440 Β
1230 2404 1415 2442 funditur
1442 2404 1501 2443 T:
1532 2405 1730 2444 effoditur
1749 2404 1862 2444 Plin.

123 2451 176 2491 N.
201 2453 261 2492 H.
284 2466 350 2503 35,
380 2466 452 2503 175
589 2457 616 2493 6
644 2456 871 2505 generibus
891 2470 975 2498 om.
999 2456 1040 2494 Β
1151 2459 1279 2509 quod]
1302 2472 1406 2508 quae
1426 2459 1466 2497 Β
1604 2461 1628 2497 8
1658 2460 1864 2498 sulfindas

0 2490 36 2556 k}
124 2505 239 2545 BK:
268 2508 425 2547 sulfora
445 2509 566 2547 indas
593 2510 653 2549 T:
681 2511 895 2550 sulfendas
918 2510 952 2549 C
1136 2513 1351 2565 quoniam]
1374 2527 1456 2563 quo
1480 2513 1532 2552 C1
1554 2514 1657 2565 (pro
1678 2522 1774 2564 quo,
1800 2515 1862 2553 zie.

125 2562 339 2613 quoniam)
358 2577 365 2602 :
398 2565 506 2612 quod
526 2563 615 2602 ΒΚ
742 2579 768 2615 9
799 2572 968 2615 quartus
992 2597 1001 2605 .
1023 2596 1032 2605 .
1059 2597 1067 2606 .
1087 2566 1208 2606 abtus
1236 2568 1272 2605 T
1365 2568 1576 2618 ellychnia
1595 2569 1705 2608 Plin.
1727 2569 1782 2608 N.
1799 2567 1859 2607 H.

126 2627 190 2665 35,
212 2628 305 2667 175:
325 2617 465 2656 licinia
479 2618 589 2658 codd.
695 2620 804 2659 conf.
825 2633 933 2660 max.
956 2620 1022 2658 K:
1056 2634 1164 2660 max.
1185 2622 1467 2672 confingenda
1490 2623 1526 2661 T
1654 2636 1697 2663 11
1730 2624 1865 2662 nitore

126 2670 212 2709 ΒΚ
219 2670 256 2708 T
373 2671 483 2724 inp.]
505 2673 571 2712 vel
595 2674 759 2724 positus
787 2673 824 2712 T
952 2689 998 2714 12
1029 2676 1331 2716 circumfereris
1360 2677 1396 2715 T
1489 2678 1866 2717 exardescentibus

129 2738 377 2776 repercusso
398 2727 509 2767 codd.
606 2741 653 2778 13
683 2729 887 2778 pallorum
907 2730 948 2768 Β
1021 2731 1207 2769 effundet
1224 2731 1270 2770 K
1277 2731 1314 2771 T
1326 2746 1334 2770 :
1364 2733 1591 2772 effunditur
1609 2734 1650 2771 Β
1747 2744 1794 2781 14
1825 2732 1866 2770 in

130 2781 232 2819 deae
252 2781 304 2821 la.
335 2780 411 2820 Tl:
441 2783 482 2820 in
503 2782 641 2822 indiae
662 2782 712 2823 la.
735 2784 776 2822 Β
918 2796 965 2834 15
995 2791 1143 2824 nautes
1163 2786 1277 2824 cavis
1304 2786 1342 2825 T
1486 2790 1535 2826 16
1564 2794 1743 2826 extuans
1763 2786 1870 2826 BT:

130 2841 355 2874 exestuans
375 2836 421 2874 K
558 2850 604 2886 17
635 2837 841 2888 spissatur
862 2838 958 2878 CT:
987 2840 1219 2889 spissatura
1237 2839 1324 2879 ΒΚ
1412 2849 1585 2892 utraque
1606 2856 1688 2882 om.
1711 2841 1756 2879 K
1828 2847 1871 2880 et

131 2890 288 2941 (prius)
303 2904 384 2930 om.
408 2890 446 2929 T
567 2893 616 2930 18
635 2893 775 2943 spissa
787 2894 967 2933 asfalton
981 2894 1089 2934 codd.
1109 2895 1431 2947 (spissasfaltum
1448 2897 1500 2948 C)
1614 2896 1705 2936 eius
1721 2909 1804 2937 om.
1825 2895 1871 2934 K

137 2955 185 2994 19
204 2952 385 2994 cognota
403 2945 452 2983 Cl
530 2952 573 2986 et
585 2960 846 2997 nequaquam
862 2949 915 2989 fe.
934 2948 1060 2990 Arev.
1165 2963 1218 2988 20
1239 2951 1478 2990 mulieribus
1494 2951 1607 2990 BlCl
1709 2963 1756 2990 21
1779 2964 1871 2991 voc.

133 3011 217 3038 om.
240 2998 285 3036 K
393 3013 444 3049 23
474 3001 632 3040 estibus
659 3001 710 3040 T1
809 3015 860 3052 24
889 3004 930 3041 in
951 3017 1034 3045 om.
1064 3003 1100 3041 T
1194 3015 1244 3054 25
1275 3003 1417 3055 ignem
1437 3018 1518 3044 om.
1541 3004 1587 3043 K
1659 3005 1808 3055 igneus
1828 3006 1874 3045 K
