2176 3424
314 146 943 194 ETYMOLOGIARVM
984 146 1113 192 LIB.
1150 146 1298 191 XIII.
1339 141 1564 192 xvi-xviii

71 277 354 338 excernitur,
384 287 432 326 et
457 277 537 326 alii
564 279 752 327 colores
788 276 967 340 quibus
1002 276 1190 342 pictura
1229 276 1451 326 variatur.
1525 279 1655 339 Ergo
1694 293 1807 324 cum
1833 288 1863 333 3

70 367 192 406 terra
225 360 352 407 hanc
385 359 565 408 habeat
598 369 838 419 naturam,
866 358 1097 408 fluctibus
1123 358 1336 408 subinde
1361 357 1575 418 diluitur,
1599 367 1648 406 et
1673 357 1811 420 quid-

68 439 188 502 quid
208 442 412 489 adesum
438 451 525 502 est,
548 441 598 489 in
625 443 841 491 colorem
868 440 1013 489 cadit.
1088 441 1170 492 Ob
1196 442 1292 489 hoc
1318 441 1464 489 etiam
1491 439 1541 487 in
1566 440 1642 487 his
1666 440 1812 487 litori-

69 521 160 570 bus
175 525 399 585 gemmae
420 523 594 571 rubrae
614 522 941 572 inveniuntur.
1005 521 1224 586 Lapillus
1245 521 1378 571 enim
1395 520 1640 571 eiusmodi
1655 522 1810 569 humo

6 628 41 668 ,5
65 602 311 652 involutus
338 621 451 652 cum
477 604 604 654 inter
627 622 797 654 arenas
831 605 1022 652 attritus
1050 614 1135 663 est,
1165 613 1213 652 et
1238 614 1391 653 terrae
1416 604 1632 652 colorem
1657 601 1809 651 habet

64 694 113 733 et
150 685 309 734 maris.
383 689 501 734 Hoc
527 704 660 735 mare
692 686 742 733 in
774 687 899 734 duos
931 685 1065 734 sinus
1091 685 1342 734 scinditur.
1419 688 1494 733 Ex
1518 684 1607 745 his,
1635 685 1720 747 qui
1744 684 1807 732 ab
1832 704 1864 750 4

63 766 250 815 oriente
275 775 361 826 est,
382 769 604 816 Persicus
620 769 907 831 appellatur,
931 767 1047 830 quia
1063 784 1146 816 ora
1162 767 1290 816 illius
1312 770 1490 816 Persae
1515 766 1806 819 inhabitant.

62 850 200 896 Alter
225 866 339 897 vero
365 849 604 898 Arabicus
632 849 823 910 dicitur,
852 851 988 912 quod
1014 851 1075 898 sit
1100 851 1228 898 circa
1253 849 1504 898 Arabiam.

200 932 282 977 DE
318 945 560 979 AESTlssvs
599 946 662 978 ET
702 946 896 979 FRETIS.
970 934 1151 980 Aestus
1185 931 1248 980 ad
1284 933 1544 981 Oceanum
1581 931 1805 994 pertinet,
1835 940 1985 982 XVIII

0 1035 41 1064 ω
62 1011 211 1059 fretus
236 1012 300 1060 ad
325 1020 589 1074 utrumque
616 1029 761 1062 mare.
837 1015 967 1062 Nam
997 1022 1161 1062 aestus
1196 1021 1268 1061 est
1302 1012 1447 1062 maris
1480 1031 1707 1063 accessus
1732 1016 1808 1063 vel

62 1109 292 1152 recessus,
322 1093 372 1143 id
409 1104 482 1143 est
519 1094 812 1157 inquietudo
831 1114 844 1156 3
881 1096 1014 1144 unde
1052 1105 1100 1144 et
1137 1095 1390 1154 aestuaria,
1423 1113 1510 1159 per
1542 1113 1640 1159 qua
1677 1114 1809 1145 mare

62 1174 274 1223 vicissim
301 1185 401 1224 tam
427 1176 619 1226 accedit
640 1194 788 1240 quam
815 1179 1015 1226 recedit.
1089 1180 1288 1226 Fretum
1315 1187 1480 1226 autem
1506 1180 1809 1242 appellatum
1834 1194 1864 1228 2

63 1259 198 1319 quod
215 1256 284 1305 ibi
301 1274 493 1320 semper
510 1276 642 1308 mare
659 1261 839 1308 ferveat
858 1278 870 1319 3
907 1277 1021 1307 nam
1041 1261 1217 1308 fretum
1236 1269 1308 1307 est
1324 1270 1588 1323 angustum
1606 1270 1654 1309 et
1671 1259 1810 1323 quasi

62 1340 251 1388 fervens
273 1357 417 1399 mare,
441 1341 504 1389 ab
525 1343 770 1390 undarum
789 1343 975 1390 fervore
992 1341 1317 1401 nominatum,
1340 1352 1393 1390 ut
1410 1342 1716 1392 Gaditanum
1734 1344 1810 1391 vel

0 1429 50 1483 ἰῇ
62 1420 281 1470 Siculum
302 1441 313 1482 3
350 1440 463 1470 nam
499 1425 620 1472 freta
646 1423 778 1472 dicta
804 1427 959 1471 Varro
984 1422 1062 1488 (L.
1094 1427 1146 1473 L.
1171 1441 1210 1485 7,
1236 1426 1319 1488 22)
1344 1425 1410 1473 ait
1435 1424 1575 1488 quasi
1610 1424 1807 1484 fervida,

63 1502 112 1551 id
143 1513 215 1551 est
241 1504 487 1563 ferventia,
518 1514 565 1553 et
592 1515 781 1553 motum
809 1505 1008 1554 fervoris
1043 1505 1288 1555 habentia.
1365 1509 1564 1555 Fretum
1600 1506 1807 1566 Siciliae,
1834 1522 1864 1568 3

64 1586 199 1646 quod
239 1585 486 1648 Rhegium
525 1586 721 1647 dicitur,
759 1587 1014 1636 Sallustius
1056 1587 1137 1635 tali
1178 1604 1235 1636 ex
1276 1604 1422 1636 causa
1452 1587 1614 1636 vocari
1645 1587 1814 1636 scribit

64 1664 233 1714 dicens
260 1666 414 1729 (Hist.
438 1685 482 1727 4,
510 1668 593 1732 26)
625 1669 797 1716 Italiae
829 1668 945 1716 olim
982 1668 1198 1717 Siciliam
1231 1669 1547 1718 coniunctam
1575 1671 1739 1730 fuisse,
1769 1679 1816 1718 et

65 1748 183 1794 dum
227 1758 355 1796 esset
394 1765 492 1796 una
534 1751 692 1809 tellus,
737 1749 955 1798 medium
998 1750 1209 1813 spatium
1245 1762 1329 1800 aut
1364 1769 1449 1815 per
1482 1751 1813 1800 humilitatem

0 1849 41 1876 -ο
65 1828 296 1876 obrutum
324 1839 397 1878 est
422 1829 577 1892 aquis,
604 1840 688 1879 aut
713 1848 799 1894 per
824 1833 1099 1895 angustiam
1127 1834 1350 1881 scissum.
1408 1836 1472 1882 Et
1493 1835 1609 1883 inde
1629 1833 1815 1901 Ῥήγιον

64 1909 386 1970 nominatum,
434 1912 549 1973 quia
589 1913 778 1961 Graece
810 1913 1076 1976 abruptum
1116 1916 1212 1963 hoc
1243 1915 1447 1965 nomine
1486 1928 1811 1981 nuncupatur.

66 1990 153 2037 Est
177 2000 343 2040 autem
376 1994 674 2041 artissimum
709 1996 854 2042 trium
890 1994 1080 2043 milium
1119 1996 1278 2059 spatio
1317 1996 1533 2045 Siciliam
1567 1999 1631 2047 ab
1673 2001 1815 2047 Italia

63 2070 303 2133 dividens,
330 2073 564 2123 fabulosis
595 2074 779 2124 infame
819 2076 1064 2136 monstris,
1093 2077 1232 2126 cuius
1268 2078 1384 2127 hinc
1421 2078 1538 2128 inde
1568 2081 1728 2143 Scylla
1765 2090 1813 2130 et

66 2154 341 2216 Charybdis
367 2155 658 2205 ostenditur.
733 2159 943 2219 Scyllam
977 2160 1177 2208 accolae
1211 2177 1381 2208 saxum
1418 2160 1538 2209 mari
1563 2161 1811 2211 inminens
1833 2182 1865 2228 4

0 2259 44 2300 ¹5
62 2237 324 2298 appellant,
367 2236 525 2286 simile
562 2238 837 2287 celebratae
874 2242 1059 2289 formae
1096 2243 1267 2304 procul
1303 2242 1589 2292 visentibus.
1662 2246 1811 2294 Vnde

65 2326 111 2364 et
150 2328 512 2367 monstruosam
552 2320 766 2382 speciem
808 2322 1004 2370 fabulae
1038 2324 1105 2370 illi
1139 2325 1397 2385 dederunt,
1431 2327 1571 2388 quasi
1600 2328 1808 2375 formam

65 2399 278 2448 hominis
318 2401 560 2464 capitibus
594 2402 783 2451 caninis
814 2403 1132 2464 succinctam,
1165 2407 1280 2468 quia
1318 2407 1492 2456 conlisi
1526 2407 1595 2456 ibi
1632 2410 1809 2457 fluctus

65 2482 262 2531 latratus
287 2482 514 2532 videntur
539 2484 821 2548 exprimere.
896 2486 1174 2549 Charybdis
1204 2487 1337 2536 dicta
1369 2491 1506 2552 quod
1537 2490 1808 2554 gurgitibus
1828 2510 1858 2558 5

67 2564 271 2612 occultis
303 2582 451 2614 naves
489 2565 754 2615 obsorbeat
773 2585 785 2627 3
823 2578 896 2616 est
927 2567 1058 2616 enim
1099 2585 1232 2618 mare
1266 2572 1576 2632 verticosum,
1612 2582 1659 2621 et
1693 2572 1809 2622 inde

125 2705 142 2731 1
174 2695 414 2744 excerpitur
435 2694 470 2732 C
579 2696 692 2745 picta
710 2696 750 2734 Β
888 2710 912 2735 2
942 2698 1031 2736 sub.
1053 2698 1164 2737 ssuct.
1186 2698 1227 2736 Β
1338 2698 1400 2750 et]
1421 2714 1444 2739 e
1473 2699 1509 2738 T
1631 2713 1655 2750 5
1686 2701 1810 2739 tritus

70 2746 114 2786 K
220 2749 547 2787 habetmarisK
657 2763 677 2798 7
709 2750 824 2802 quia]
840 2753 910 2801 qui
931 2751 977 2789 K
1085 2754 1110 2790 8
1139 2766 1242 2792 vero
1264 2767 1344 2792 om.
1361 2754 1406 2792 K
1519 2767 1568 2793 10
1588 2761 1652 2793 est
1674 2768 1760 2794 om.
1777 2755 1813 2794 C

75 2813 118 2840 11
148 2803 376 2854 aestuaria]
399 2810 464 2842 est
486 2804 614 2842 maria
633 2804 674 2842 Β
836 2819 944 2855 quae
962 2806 1042 2845 BC
1058 2820 1067 2844 :
1096 2820 1218 2856 quam
1239 2807 1286 2846 K
1463 2822 1511 2859 13
1541 2823 1619 2849 ma.
1643 2822 1747 2849 sem.
1767 2809 1809 2847 B

73 2863 116 2896 et
133 2864 297 2907 angust.
317 2857 366 2896 Cl
519 2861 567 2897 16
601 2859 749 2898 Fretus
765 2860 811 2898 K
976 2874 1023 2910 17
1055 2874 1206 2900 vocare
1219 2862 1260 2900 Β
1426 2865 1475 2902 18
1505 2864 1743 2902 adiunctam
1765 2863 1812 2902 K

73 2923 126 2950 2ο
152 2912 374 2963 obruptum
402 2912 439 2950 T
541 2926 588 2951 21
622 2914 737 2963 greci
757 2914 804 2952 K
911 2916 1103 2954 abrutum
1131 2916 1168 2954 T
1170 2918 1206 2956 1:
1237 2918 1462 2968 obruptum
1481 2918 1523 2957 Β
1633 2932 1684 2957 22
1714 2932 1811 2969 spa-

74 2964 174 3005 tium
190 2967 236 3005 K
343 2967 529 3007 Siciliam
549 2981 630 3008 om.
655 2968 704 3006 61
830 2982 880 3018 25
911 2971 1155 3010 videntibus
1177 2971 1212 3010 C
1338 2975 1392 3012 26
1420 2974 1461 3012 il.
1482 2986 1638 3012 nomen
1653 2974 1750 3014 ded.
1772 2973 1812 3012 Β

75 3032 123 3068 27
153 3034 241 3069 cap.
264 3035 374 3062 succ.
398 3035 487 3061 can.
511 3036 684 3072 quorum
707 3023 798 3063 latr.
818 3024 926 3063 conl.
953 3024 1002 3063 C¹
1114 3027 1166 3064 28
1195 3026 1414 3067 videantur
1433 3027 1479 3066 K
1587 3041 1641 3078 29
1671 3028 1813 3068 absor-

75 3072 166 3113 beat
187 3074 232 3113 K
339 3084 381 3116 et
402 3077 520 3129 inde]
546 3078 723 3128 proinde
738 3078 782 3116 K
