2176 3424
369 136 998 185 ETYMOLOGIARVM
1039 135 1168 182 LIB.
1208 136 1346 183 XVI.
1386 135 1461 194 vii,
1504 134 1581 182 viii

103 268 252 315 altera
280 268 411 315 melli
450 265 635 314 similis.
708 265 990 329 Choaspitis
1015 282 1042 315 a
1069 265 1272 315 flumine
1308 268 1563 314 Persarum
1600 265 1732 314 dicta
1758 273 1844 327 est,
1870 266 1929 313 16

103 365 160 398 ex
185 347 325 398 viridi
350 346 548 411 fulgoris
573 347 721 396 aurei.

241 432 323 480 DE
366 444 551 478 RvssRls
600 444 820 479 GEMMls.
891 428 1134 479 Corallius
1172 428 1383 492 gignitur
1425 427 1474 476 in
1517 427 1650 487 mari,
1691 429 1847 477 forma
1869 434 1971 474 VIII

102 528 336 571 ramosus,
351 513 520 560 'colore
540 511 679 560 viridi
701 513 787 560 sed
808 512 1018 560 maxime
1043 510 1238 559 rubens.
1303 512 1464 558 Bacae
1481 509 1585 559 eius
1605 512 1849 560 candidae

55 615 76 654 5
102 593 195 642 sub
220 609 347 656 aqua
373 602 421 642 et
446 595 620 642 molles
640 612 652 654 3
689 595 936 642 detractae
956 591 1214 641 confestim
1235 593 1472 641 durantur
1492 601 1539 642 et
1564 591 1843 653 rubescunt,

102 685 334 738 tactuque
355 674 576 738 protinus
597 674 919 738 lapidescunt.
964 677 1140 738 Itaque
1156 674 1386 737 occupari
1406 674 1647 737 evellique
1663 674 1847 724 retibus

102 760 240 817 solet,
267 767 351 806 aut
374 758 472 805 acri
498 759 792 805 ferramento
823 756 1052 820 praecidi,
1082 772 1179 818 qua
1203 757 1266 805 de
1292 772 1439 804 causa
1472 758 1697 805 corallius
1723 756 1851 805 voci-

102 849 243 888 tatus.
320 840 575 900 Quantum
600 847 765 886 autem
791 840 924 901 apud
954 854 1045 886 nos
1071 836 1382 900 margaritum
1420 839 1651 887 Indicum
1677 838 1850 902 pretio-

102 939 208 971 sum
238 931 325 982 est,
353 929 544 969 tantum
570 921 703 983 apud
731 921 886 969 Indos
907 919 1174 968 corallium.
1228 921 1383 967 Hunc
1404 919 1532 983 magi
1557 920 1847 970 fulminibus

30 1020 79 1048 10
102 1005 324 1052 resistere
349 1004 625 1062 adfirmant,
654 1001 693 1050 si
723 1001 949 1051 creditur.
1023 1001 1222 1050 Sardius
1248 1001 1380 1050 dicta
1404 1018 1464 1050 eo
1490 1003 1625 1064 quod
1659 1011 1849 1065 reperta
1871 1019 1902 1054 2

102 1086 162 1133 sit
192 1085 403 1147 primum
429 1100 457 1132 a
483 1084 676 1132 Sardis:
715 1084 838 1132 haec
863 1084 1065 1132 rubrum
1103 1082 1253 1132 habet
1277 1085 1492 1132 colorem
1521 1084 1847 1134 marmoribus

100 1174 367 1230 praestans,
395 1167 482 1215 sed
513 1165 638 1214 inter
670 1182 890 1228 gemmas
924 1164 1170 1214 vilissima.
1246 1167 1442 1215 Genera
1475 1165 1579 1215 eius
1611 1166 1844 1230 quinque.

101 1248 245 1310 Onyx
284 1249 527 1311 appellata
570 1249 706 1310 quod
745 1248 926 1296 habeat
966 1249 1014 1295 in
1059 1264 1110 1296 se
1151 1247 1446 1310 permixtum
1490 1251 1758 1298 candorem
1797 1249 1847 1297 in
1871 1254 1901 1300 3

100 1328 471 1378 similitudinem
510 1331 685 1391 unguis
726 1331 989 1378 humanae.
1063 1329 1238 1379 Graeci
1282 1330 1413 1378 enim
1451 1348 1667 1394 unguem
1706 1333 1849 1397 ὄνυχα

30 1425 75 1466 15
100 1411 285 1460 dicunt.
339 1413 487 1459 Hanc
515 1410 659 1460 India
685 1413 761 1459 vel
788 1410 971 1460 Arabia
995 1411 1176 1474 gignit:
1211 1411 1395 1461 distant
1414 1422 1579 1462 autem
1606 1413 1815 1463 invicem
1837 1432 1850 1475 3

100 1509 215 1541 nam
260 1492 434 1542 Indica
472 1492 712 1556 igniculos
755 1493 904 1542 habet
934 1493 1058 1542 albis
1097 1492 1408 1556 cingentibus
1448 1494 1600 1556 zonis,
1637 1495 1849 1545 Arabica

98 1584 262 1623 autem
303 1574 438 1638 nigra
480 1583 552 1623 est
595 1591 705 1622 cum
747 1574 972 1624 candidis
1016 1575 1166 1624 zonis.
1240 1577 1436 1625 Genera
1473 1577 1576 1625 eius
1611 1579 1845 1642 quinque.

99 1658 350 1720 Sardonyx
377 1672 434 1705 ex
467 1657 676 1705 duorum
709 1658 967 1705 nominum
1005 1657 1239 1706 societate
1271 1668 1445 1707 vocata
1464 1677 1477 1719 3
1512 1669 1585 1708 est
1619 1659 1751 1709 enim
1790 1678 1847 1709 ex
1870 1670 1901 1716 4

100 1737 305 1801 onychis
347 1739 562 1786 candore
601 1748 648 1787 et
686 1739 844 1787 sardo.
919 1739 1129 1788 Constat
1165 1748 1328 1788 autem
1370 1740 1524 1790 tribus
1564 1742 1848 1803 coloribus3

28 1840 79 1868 20
103 1819 345 1869 subterius
382 1818 533 1882 nigro,
574 1819 740 1868 medio
778 1819 1006 1881 candido,
1048 1821 1268 1884 superius
1307 1822 1486 1872 mineo.
1561 1826 1704 1873 Haec
1744 1827 1847 1874 sola

101 1899 150 1948 in
187 1901 428 1964 signando
465 1900 586 1949 nihil
624 1917 764 1951 cerae
799 1902 976 1951 avellit.
1054 1903 1316 1966 Reperitur
1340 1914 1505 1953 autem
1532 1909 1665 1969 apud
1693 1908 1848 1956 Indos

100 1991 148 2031 et
172 1983 359 2031 Arabes
385 1985 580 2032 detecta
605 1983 917 2032 torrentibus.
981 1985 1178 2034 Genera
1204 1985 1308 2034 eius
1334 1986 1570 2051 quinque.
1633 1991 1847 2038 Haema-
1870 2005 1901 2054 5

100 2064 210 2113 tites
236 2065 413 2114 rubore
439 2064 749 2128 sanguineus,
777 2082 834 2113 ac
862 2075 1120 2129 propterea
1146 2068 1435 2118 haematites
1460 2056 1662 2119 vocatus
1685 2089 1698 2131 3
1733 2071 1847 2136 αἷμα

100 2146 283 2210 quippe
303 2146 498 2210 sanguis
525 2156 609 2195 est.
686 2146 914 2210 Gignitur
939 2148 988 2196 in
1023 2149 1291 2213 Aethiopia
1315 2150 1517 2214 quidem
1548 2152 1842 2216 principalis,

11 2241 73 2283 :25
102 2230 188 2277 sed
214 2228 263 2276 in
288 2228 472 2277 Arabia
497 2238 545 2277 et
564 2228 614 2276 in
639 2228 806 2277 Africa
831 2229 1089 2279 invenitur.
1164 2234 1242 2280 De
1269 2249 1367 2295 qua
1390 2234 1684 2296 promittunt
1716 2239 1845 2300 magi

100 2310 338 2374 quiddam
364 2312 428 2360 ad
454 2312 788 2375 coarguendas
814 2312 1129 2362 barbarorum
1159 2313 1375 2363 insidias.
1444 2316 1668 2377 Sucinus,
1697 2335 1844 2381 que-m
1870 2323 1905 2370 6

99 2393 347 2455 appellant
373 2393 549 2442 Graeci
581 2394 820 2457 ἤλεκτρον,
849 2394 967 2443 fulvi
1004 2395 1231 2459 cereique
1261 2396 1453 2458 coloris,
1483 2400 1630 2447 fertur
1661 2399 1847 2449 arboris

159 2537 175 2561 1
209 2523 418 2573 Coaspitis
440 2523 525 2562 BT
539 2529 587 2562 ut
603 2524 705 2563 vt'd.:
735 2525 959 2575 Coaspites
983 2524 1040 2563 C:
1071 2525 1335 2576 Choaspides
1354 2526 1399 2564 K
1508 2543 1530 2577 4
1562 2529 1625 2568 vel
1640 2529 1785 2568 viridis
1807 2536 1849 2569 et

101 2579 229 2617 bacae
252 2578 308 2619 C:
339 2579 447 2617 bene
470 2579 514 2629 (i.
527 2592 557 2618 e.
582 2581 737 2630 venae)
767 2578 824 2618 T:
855 2581 948 2618 viae
968 2579 1057 2618 ΒΚ
1076 2584 1176 2632 (pro
1197 2594 1304 2620 uvae
1319 2584 1350 2631 2)
1524 2595 1548 2631 5
1579 2597 1687 2633 aqua
1709 2585 1847 2623 mollis

103 2634 318 2672 detractus
339 2633 384 2670 K
558 2633 732 2672 duratur
754 2640 794 2672 et
816 2634 1000 2673 rubiscet
1021 2633 1067 2671 K
1295 2638 1321 2674 6
1351 2636 1563 2686 lapidiscit
1585 2638 1651 2677 K:
1684 2639 1847 2689 lapides

103 2688 209 2727 fiunt
234 2687 282 2726 C¹
465 2688 658 2738 occupari
678 2687 798 2726 BCT
812 2691 923 2738 (cum
945 2689 1056 2730 codd.
1078 2690 1189 2729 Plin.
1213 2690 1266 2729 N.
1290 2690 1350 2730 H.
1373 2704 1439 2742 32,
1462 2693 1553 2744 22)ε
1582 2694 1782 2743 aucupari
1804 2694 1850 2732 K

104 2755 126 2792 7
156 2743 240 2780 acri
263 2756 346 2782 om.
367 2741 412 2778 K
505 2755 598 2782 voc.
620 2748 684 2781 est
704 2742 770 2781 K:
799 2744 1009 2783 vocitatur
1029 2742 1070 2781 Β
1175 2758 1202 2794 9
1232 2744 1427 2785 corallius
1447 2746 1494 2783 K
1606 2761 1654 2786 10
1686 2748 1846 2788 Sardus

103 2795 189 2834 BT
297 2810 340 2835 11
375 2797 519 2834 rubum
548 2795 586 2834 T
708 2810 755 2836 12
786 2799 963 2848 gemmis
983 2798 1040 2836 Β1
1125 2799 1194 2839 vil.
1220 2805 1285 2838 est
1308 2799 1343 2838 C
1467 2814 1514 2850 13
1546 2815 1604 2842 ca.
1629 2808 1670 2841 et
1691 2803 1782 2842 sim.
1804 2803 1849 2841 K

108 2863 154 2900 14
183 2863 309 2900 grece
332 2850 379 2890 Cl
486 2852 535 2889 16
563 2851 656 2890 hab.
682 2858 724 2891 et
744 2852 821 2893 alb.
843 2852 888 2890 K
986 2865 1034 2903 19
1062 2854 1186 2892 sarda
1206 2854 1316 2894 Plin.
1335 2854 1389 2895 N.
1412 2855 1472 2896 H.
1496 2869 1559 2906 37,
1585 2858 1637 2895 86
1712 2871 1778 2896 au.
1804 2864 1846 2896 et

104 2905 198 2944 trib.
227 2905 265 2943 T
369 2919 421 2944 20
451 2905 593 2956 superi
615 2906 742 2945 minio
763 2906 808 2944 K
915 2920 962 2946 21
996 2908 1135 2946 avellit
1160 2907 1258 2947 CT:
1289 2909 1428 2948 evellit
1447 2911 1534 2948 ΒΚ
1643 2924 1694 2960 23
1723 2910 1842 2964 αἷμα]

105 2965 215 2998 emat
235 2958 386 2998 BKT:
417 2961 553 2999 emath
578 2959 613 2998 C
719 2974 771 3010 24
799 2962 876 3001 sed
898 2962 1033 3012 princ.
1057 2961 1178 3000 BCK
1283 2976 1335 3013 25
1365 2965 1440 3003 sed
1464 2971 1505 3004 et
1527 2966 1566 3004 in
1583 2964 1695 3006 Plin.
1713 2966 1765 3006 N.
1784 2966 1844 3007 H.

105 3025 169 3064 37,
191 3015 267 3063 169
437 3017 488 3053 26
517 3015 685 3064 quidam
715 3014 820 3056 BT:
851 3018 1060 3066 quoddam
1083 3015 1128 3054 K
1262 3017 1378 3060 barb.
1400 3018 1545 3058 BCK:
1575 3019 1785 3060 labrorum
1817 3021 1854 3059 T

104 3079 226 3116 quarn
255 3069 291 3106 T
455 3082 504 3118 27
536 3070 646 3108 cerei
668 3070 777 3109 Plin.
799 3070 851 3110 N.
876 3071 938 3110 H.
959 3084 1023 3120 37,
1047 3084 1122 3121 33:
1154 3071 1343 3122 certique
1364 3073 1472 3112 codd.
1496 3078 1563 3123 (ex
1581 3088 1766 3126 ceroque
1782 3076 1844 3125 K)
