2228 3444
1081 161 1354 211 ISIDORI

342 284 621 335 universam
648 289 911 338 caelestem
934 289 1219 340 societatem
1242 294 1513 356 Apostolus
1534 296 1874 358 conplectitur,
1893 297 2091 347 ordines

339 369 628 430 angelorum
665 379 713 418 et
747 369 1012 435 dignitates
1046 371 1398 437 intelleguntur
1416 394 1429 436 3
1465 385 1513 425 et
1546 394 1635 441 pro
1670 378 1762 427 hac
1802 378 1907 442 ipsa
1938 380 2093 429 distri-

336 448 542 500 butione
558 451 831 501 officiorum
849 453 930 502 alii
957 455 1135 515 throni,
1158 456 1240 505 alii
1259 457 1638 519 dominationes,
1661 460 1743 509 alii
1762 461 2078 525 principatus,

330 531 411 580 alii
438 543 708 596 potestates
735 535 979 596 dicuntur,
1008 554 1097 601 pro
1132 538 1276 588 certis
1309 539 1630 604 dignitatibus
1662 542 1841 605 quibus
1868 543 2079 594 invicem

258 618 311 668 17
334 609 682 676 distinguntur.
754 614 972 664 Virtutes
997 617 1249 680 angelicae
1266 620 1512 683 quaedam
1539 620 1809 670 ministeria
1824 623 2083 686 perhiben-
2111 641 2133 681 5

333 701 423 752 tur,
451 711 538 757 per
567 712 693 758 quos
727 695 866 760 signa
897 707 945 747 et
976 698 1211 749 miracula
1235 700 1285 749 in
1312 703 1503 751 mundo
1529 704 1653 752 fiunt
1675 722 1688 764 3
1723 713 1919 768 propter
1946 708 2083 769 quod

253 774 308 820 18
333 784 380 824 et
406 775 625 826 Virtutes
643 778 891 828 dicuntur.
966 783 1242 832 Potestates
1263 794 1392 845 sunt,
1413 785 1592 848 quibus
1618 787 1820 836 virtutes
1846 788 2081 838 adversae

333 857 585 909 subiectae
622 871 750 921 sunt,
779 871 827 911 et
853 862 969 912 inde
1005 866 1310 915 Potestatum
1346 866 1550 917 nomine
1575 879 1938 932 nuncupantur,
1966 869 2082 934 quia

333 936 532 1001 maligni
559 938 754 1003 spiritus
786 958 956 990 eorum
982 952 1227 1006 potestate
1254 956 1554 1008 coercentur,
1583 964 1646 997 ne
1671 957 1862 997 tantum
1890 952 2079 999 mundo

246 1024 307 1072 19
333 1030 547 1069 noceant
573 1032 814 1084 quantum
841 1026 1061 1088 cupiunt.
1137 1026 1445 1091 Principatus
1473 1038 1586 1078 sunt
1611 1029 1662 1077 hi
1682 1029 1765 1093 qui
1790 1033 2079 1095 angelorum
2110 1053 2159 1084 10

330 1102 610 1165 agminibus
647 1115 893 1168 praesunt.
969 1107 1069 1169 Qui
1106 1126 1194 1172 pro
1234 1127 1306 1169 eo,
1343 1113 1479 1174 quod
1518 1111 1742 1161 subditos
1779 1115 1981 1177 angelos
2017 1116 2081 1164 ad

332 1186 632 1247 explendum
668 1186 993 1238 ministerium
1027 1189 1251 1239 divinum
1282 1191 1570 1256 disponunt,
1606 1193 1907 1258 principatus
1941 1213 2078 1245 voca-

330 1266 504 1314 bulum
543 1279 854 1332 acceperunt.
930 1273 1062 1321 Nam
1101 1271 1183 1320 alii
1223 1282 1337 1322 sunt
1370 1274 1453 1337 qui
1486 1275 1844 1337 administrant,
1876 1276 1957 1325 alii
1994 1278 2078 1341 qui

329 1350 588 1410 adsistunt,
619 1352 745 1400 sicut
770 1362 817 1401 et
844 1369 929 1417 per
956 1353 1223 1403 Danielum
1249 1355 1427 1417 dicitur
1454 1356 1648 1423 (7,10):
1689 1363 1700 1385 ‘
1721 1359 1863 1408 Milia
1890 1359 2078 1408 milium

331 1430 674 1482 ministrabant
707 1436 765 1495 ei,
796 1444 844 1483 et
877 1435 1042 1485 decies
1077 1436 1234 1487 milies
1268 1448 1478 1488 centena
1508 1439 1642 1489 milia
1673 1440 1979 1491 adsistebant
2004 1442 2080 1491 ei.'
2107 1464 2154 1505 15

236 1527 303 1562 20
336 1514 718 1565 Dominationes
769 1527 883 1566 sunt
926 1517 958 1566 ii
1007 1518 1092 1582 qui
1130 1519 1278 1568 etiam
1316 1521 1594 1571 Virtutibus
1631 1532 1678 1571 et
1715 1523 2076 1587 Principatibus

329 1596 682 1659 praeeminent,
723 1598 808 1662 qui
844 1616 933 1663 pro
971 1617 1045 1661 eo,
1086 1604 1223 1665 quod
1260 1603 1433 1653 ceteris
1469 1607 1754 1668 angelorum
1797 1604 2076 1669 agminibus

251 1686 305 1721 21
330 1679 662 1739 dominantur,
711 1681 1093 1732 Dominationes
1141 1696 1392 1735 vocantur.
1479 1687 1669 1737 Throni
1719 1698 1832 1738 sunt
1879 1688 2075 1753 agmina

328 1763 629 1825 angelorum,
650 1763 735 1827 qui
763 1764 941 1814 Latino
962 1766 1162 1829 eloquio
1187 1770 1330 1818 sedes
1356 1770 1587 1819 dicuntur
1606 1788 1618 1831 3
1643 1780 1690 1820 et
1709 1772 1867 1820 vocati
1886 1773 2076 1820 Throni

328 1843 444 1906 quia
481 1843 573 1893 illis
609 1845 838 1895 conditor
874 1847 1134 1910 praesidet,
1174 1859 1222 1898 et
1257 1868 1343 1914 per
1379 1868 1464 1901 eos
1500 1851 1684 1902 iudicia
1720 1871 1807 1902 sua
1843 1853 2074 1918 disponit.
2103 1878 2154 1907 20

240 1935 304 1970 22
329 1925 588 1976 Cherubin
605 1937 772 1977 autem
790 1938 838 1977 et
858 1927 950 1992 ipsi
971 1930 1206 1980 sublimes
1223 1934 1472 1981 caelorum
1498 1943 1765 1997 potestates
1792 1944 1839 1984 et
1854 1937 2075 1998 angelica

328 2010 597 2060 ministeria
632 2012 954 2075 perhibentur
972 2032 985 2075 3
1026 2013 1111 2078 qui
1148 2031 1206 2063 ex
1245 2017 1480 2065 Hebraeo
1517 2016 1567 2065 in
1603 2016 1820 2081 linguam
1857 2027 2074 2066 nostram

327 2092 707 2156 interpretantur
724 2095 957 2145 scientiae
973 2097 1254 2147 multitudo.
1291 2100 1415 2147 Sunt
1432 2098 1564 2148 enim
1581 2098 1868 2148 sublimiora
1882 2099 2078 2164 agmina

325 2178 628 2239 angelorum,
668 2176 753 2240 qui
803 2195 892 2241 pro
943 2196 1018 2239 eo,
1059 2181 1194 2242 quod
1238 2179 1444 2230 vicinius
1482 2181 1629 2245 positi
1665 2181 1831 2231 divina
1869 2182 2074 2232 scientia

328 2258 501 2307 ceteris
526 2258 737 2323 amplius
764 2260 897 2323 pleni
923 2271 1050 2321 sunt,
1075 2260 1345 2323 Cherubin,
1370 2262 1421 2311 id
1442 2272 1515 2313 est
1540 2263 1798 2327 plenitudo
1825 2264 2072 2326 scientiae,
2103 2286 2150 2327 25

241 2356 306 2404 23
328 2341 652 2404 appellantur.
727 2344 842 2405 Ipsa
871 2353 986 2392 sunt
1015 2343 1096 2392 illa
1122 2346 1222 2393 duo
1247 2345 1478 2394 animalia
1503 2362 1649 2410 super
1681 2346 2073 2410 propitiatorium

327 2441 469 2473 arcae
506 2424 621 2474 ficta
653 2442 711 2474 ex
744 2427 957 2486 metallo,
986 2436 1185 2491 propter
1218 2427 1594 2491 significandam
1618 2431 1903 2493 angelorum
1941 2447 2075 2493 prae-

234 2521 303 2569 24
328 2505 552 2568 sentiam,
579 2506 628 2555 in
654 2525 865 2571 quorum
892 2508 1059 2558 medio
1083 2509 1360 2559 ostenditur
1386 2512 1537 2559 Deus.
1611 2511 1850 2577 Seraphin
1875 2529 2076 2575 quoque

329 2588 549 2638 similiter
581 2589 850 2640 multitudo
880 2601 953 2641 est
985 2593 1287 2655 angelorum,
1316 2592 1479 2655 quiex
1500 2593 1737 2643 Hebraeo
1762 2593 1814 2642 in
1839 2594 2068 2643 Latinum

327 2672 558 2721 ardentes
584 2674 659 2720 vel
686 2671 1010 2723 incendentes
1044 2673 1434 2738 interpretantur.
1510 2675 1610 2738 Qui
1635 2675 1820 2726 idcirco
1844 2678 2074 2726 ardentes
2099 2696 2151 2736 30

390 2814 407 2840 1
441 2800 634 2852 ordines]
657 2802 948 2842 ordinationes
974 2802 1012 2841 T
1118 2806 1201 2853 §17
1233 2817 1313 2844 om.
1346 2803 1397 2842 T1
1511 2816 1536 2853 5
1566 2805 1758 2855 angelica
1777 2803 1819 2842 Β
1927 2819 1955 2856 9
1984 2819 2070 2845 eor.

332 2857 613 2907 potestatibus
633 2854 680 2894 K
788 2859 988 2897 mundum
1011 2858 1052 2896 Β
1182 2871 1230 2909 13
1260 2872 1356 2898 narn
1378 2865 1421 2898 et
1441 2859 1493 2899 al.
1518 2860 1559 2897 Β
1726 2873 1774 2908 14
1804 2860 1911 2899 sicut
1931 2873 2010 2910 per
2029 2857 2076 2898 K

337 2923 383 2961 15
414 2911 452 2951 ei
473 2925 554 2951 om.
581 2911 631 2950 Ο
760 2912 820 2964 ei]
842 2912 900 2951 illi
923 2913 959 2952 C
1089 2926 1134 2963 17
1165 2914 1433 2963 praeminent
1450 2914 1625 2965 (prem-)
1642 2913 1732 2952 ΒΚ
1737 2913 1774 2951 T
1894 2928 1949 2954 20
1977 2916 2075 2965 quia

332 2967 376 3004 in
397 2966 482 3006 illis
502 2965 549 3004 K
657 2979 706 3005 21
739 2966 840 3006 cael.
863 2968 971 3008 subl.
995 2967 1145 3019 K(non
1164 2968 1207 3009 Α
1214 2969 1229 3020 )
1315 2974 1360 3008 et
1379 2969 1623 3019 evangelica
1644 2967 1694 3007 Cl
1803 2981 1854 3007 22
1885 2969 2074 3008 misteria

327 3019 388 3065 ‘Tl
554 3021 595 3060 in
618 3020 758 3071 lingua
779 3027 924 3060 nostra
944 3022 990 3060 K
1009 3024 1111 3072 (uon
1131 3023 1196 3075 A)
1307 3036 1358 3074 23
1387 3023 1691 3075 interpretatur
1712 3022 1812 3063 C1K
1935 3024 2070 3076 enim]

332 3080 472 3114 autem
495 3074 541 3114 K
740 3089 792 3126 24
822 3076 972 3116 vicinis
1000 3077 1036 3115 T
1100 3117 1103 3119 ,
1187 3089 1248 3127 ,25
1278 3083 1378 3118 sunt
1401 3077 1515 3127 pleni
1535 3076 1583 3116 K
1743 3080 1798 3118 26
1827 3079 1910 3118 duo
1929 3092 1997 3119 an.
2022 3078 2076 3118 il..

334 3127 370 3167 C
503 3142 631 3181 supra
652 3128 698 3169 K
805 3131 1126 3181 propitiatorum
1148 3131 1190 3171 Β
1299 3145 1348 3182 27
1381 3133 1504 3172 ficata
1532 3131 1568 3171 T
1691 3146 1744 3183 29
1772 3132 1868 3183 quia
1890 3146 1944 3173 ex
1967 3133 2018 3173 Cl
