2228 3444
98 1129 121 1168 5

74 1534 123 1562 10

72 1936 120 1980 15

74 2345 126 2373 20

866 504 1082 551 LIBER
1132 504 1184 550 II

358 641 464 692 DE
516 638 992 692 RHETORICA
1044 640 1144 691 ET
1199 639 1691 693 DIALECTICA

282 771 364 817 DE
408 771 726 816 RHETORICA
766 782 987 823 EIVSQVE
1026 783 1251 816 NOMINE.
1338 768 1608 818 Rhetorica
1650 778 1722 818 est
1765 769 1893 818 bene
1941 777 1957 815 1

145 849 346 899 dicendi
363 848 566 898 scientia
584 848 635 896 in
655 848 880 897 civilibus
901 849 1290 911 quaestionibus,
1316 846 1624 916 [eloquentia
1643 848 1810 917 copia]
1831 852 1895 899 ad

145 932 543 995 persuadendum
570 930 696 979 iusta
721 940 768 980 et
794 930 940 978 bona.
1019 930 1164 979 Dicta
1198 940 1364 980 autem
1400 932 1668 981 Rhetorica
1707 934 1898 981 Graeca

144 1012 476 1077 appellatione
496 1014 586 1061 ἀπὸ
611 1017 692 1061 τοῦ
715 1013 979 1076 ῥητορίζειν,
1005 1012 1055 1061 id
1082 1022 1154 1061 est
1179 1030 1207 1061 a
1233 1012 1375 1077 copia
1400 1013 1678 1063 locutionis.
1740 1014 1900 1077 Ῥῆσις

146 1095 278 1144 enirn
315 1096 448 1158 apud
484 1097 700 1144 Graecos
734 1094 920 1144 locutio
955 1094 1146 1154 dicitur,
1182 1097 1332 1160 ῥήτωρ
1366 1105 1541 1144 orator.
1617 1095 1897 1146 Coniuncta
1925 1114 1955 1149 2

146 1185 218 1226 est
243 1185 407 1225 autem
439 1176 804 1226 Grammaticae
837 1176 926 1225 arti
961 1176 1241 1226 Rhetorica.
1318 1179 1377 1226 In
1405 1177 1742 1227 Grammatica
1767 1177 1899 1227 enim

146 1258 401 1307 scientiam
419 1267 550 1308 recte
569 1258 808 1322 loquendi
825 1258 1085 1320 discimus3
1112 1258 1161 1306 in
1183 1259 1453 1308 Rhetorica
1469 1277 1584 1309 vero
1601 1259 1899 1324 percipimus

147 1340 353 1404 qualiter
378 1357 448 1401 ea,
478 1358 604 1403 quae
630 1340 910 1402 didicimus,
939 1342 1257 1405 proferamus.

282 1426 366 1471 DE
386 1438 776 1472 INVENTovas
797 1425 1155 1472 RHETORICAE
1173 1439 1342 1472 ART1s.
1405 1426 1549 1473 Haec
1568 1435 1734 1474 autem
1757 1424 1899 1475 disci·
1926 1436 1964 1474 11

147 1503 279 1568 plina
312 1522 341 1553 a
374 1505 576 1555 Graecis
611 1505 811 1555 inventa
844 1514 930 1567 est,
966 1523 994 1554 a
1027 1505 1223 1570 Gorgia,
1257 1506 1535 1566 Aristotele,
1571 1509 1895 1571 Hermagora,

146 1595 194 1636 et
231 1588 462 1635 translata
498 1587 548 1635 in
593 1586 824 1636 Latinum
862 1605 891 1636 a
925 1587 1093 1636 Tullio
1123 1587 1353 1638 videlicet
1391 1598 1438 1638 et
1477 1588 1787 1650 Quintiliano
1827 1587 1898 1656 [et

144 1666 384 1736 Titiano],
413 1671 501 1718 sed
534 1669 600 1718 ita
634 1669 847 1733 copiose,
877 1669 944 1718 ita
976 1670 1121 1730 varie,
1157 1679 1210 1719 ut
1244 1687 1353 1719 eam
1387 1671 1556 1720 lectori
1588 1671 1818 1721 admirari
1852 1673 1902 1719 in

145 1759 375 1815 promptu
393 1751 466 1811 sit,
487 1753 892 1814 conprehendere
912 1750 1213 1816 inpossibile.
1278 1753 1409 1801 Nam
1430 1752 1729 1802 membranis
1749 1762 1903 1802 reten-
1929 1767 1959 1801 2

146 1833 205 1881 tis
230 1832 370 1896 quasi
395 1833 702 1882 adhaerescit
728 1833 995 1883 memoriae
1022 1833 1170 1883 series
1196 1833 1442 1895 dictionis,
1465 1852 1523 1883 ac
1543 1852 1658 1884 mox
1678 1834 1902 1899 repositis

144 1914 420 1964 recordatio
445 1913 606 1963 omnis
631 1914 854 1964 elabitur.
930 1915 1095 1964 Huius
1130 1914 1420 1979 disciplinae
1447 1918 1660 1980 perfecta
1685 1915 1902 1980 cognitio

145 2006 387 2045 oratorem
414 1996 542 2045 facit.

240 2106 262 2126 0
282 2080 366 2126 DE
393 2093 605 2126 NOMINE
631 2093 891 2127 ORATORIS
918 2094 983 2127 ET
1010 2094 1259 2126 PARTIBVS
1287 2081 1657 2128 RHETORICAE.
1721 2081 1900 2129 Orator
1930 2089 1993 2128 111

147 2168 219 2208 est
238 2158 382 2223 igitur
399 2159 470 2208 vir
489 2159 664 2219 bonus,
689 2159 889 2208 dicendi
914 2159 1112 2223 peritus.
1175 2160 1263 2208 Vir
1283 2161 1445 2210 bonus
1466 2161 1690 2210 consistit
1709 2171 1897 2220 natura,

148 2240 380 2301 moribus,
404 2240 605 2290 artibus.
648 2241 862 2291 Dicendi
878 2242 1063 2305 peritus
1081 2241 1304 2291 consistit
1320 2242 1585 2292 artificiosa
1602 2245 1899 2308 eloquentia,

148 2340 275 2387 quae
294 2332 487 2371 constat
508 2322 728 2387 partibus
754 2323 1003 2388 quinque:
1044 2324 1343 2384 inventione,
1372 2325 1713 2390 dispositione,
1742 2328 1902 2375 elocu-

147 2405 294 2464 tione,
324 2405 575 2465 memoria,
602 2405 1019 2469 pronuntiatione,
1048 2417 1096 2455 et
1130 2408 1227 2455 fine
1257 2407 1418 2467 officii,
1447 2409 1584 2471 quod
1611 2417 1682 2457 est
1715 2407 1903 2471 aliquid

147 2488 454 2550 persuadere.
506 2489 622 2550 Ipsa
640 2497 805 2537 autem
827 2487 998 2551 peritia
1017 2488 1217 2538 dicendi
1244 2488 1294 2537 in
1313 2489 1467 2538 tribus
1484 2490 1629 2538 rebus
1650 2489 1874 2539 consistit
1894 2509 1902 2538 :
1928 2501 1959 2534 2

148 2577 334 2628 natura,
362 2568 601 2628 doctrina,
638 2586 743 2618 usu.
819 2569 1006 2619 Natura
1038 2570 1252 2634 ingenio,
1281 2570 1507 2620 doctrina
1539 2570 1758 2632 scientia,
1787 2589 1902 2620 usus

202 2713 227 2738 2
258 2700 455 2752 scientia]
477 2701 691 2739 sententia
710 2699 807 2738 KM
967 2701 1211 2750 eloquentia
1232 2701 1356 2751 copia
1375 2701 1468 2740 hab.
1499 2701 1578 2741 TU
1592 2715 1600 2739 :
1630 2716 1712 2742 om.
1735 2700 1907 2740 BCKM

148 2767 173 2804 3
203 2755 332 2807 iusta]
356 2755 422 2794 ius
442 2754 521 2794 M:
550 2755 708 2794 iustitia
725 2754 771 2792 K
923 2755 1034 2794 bona
1056 2756 1167 2795 dicta
1189 2756 1301 2794 dicta
1322 2769 1388 2795 au.
1412 2756 1458 2794 K
1478 2757 1579 2809 (non
1599 2757 1666 2805 M)
1690 2771 1698 2794 :
1727 2757 1838 2795 bona
1859 2757 1902 2794 in

148 2821 290 2848 rerum
319 2822 680 2859 personarumque
711 2810 906 2859 negotia÷÷
938 2824 961 2849 e
992 2823 1119 2849 causa
1139 2815 1231 2862 (pro
1260 2811 1434 2860 negotio
1465 2816 1507 2850 et
1536 2810 1594 2860 c.)
1630 2811 1739 2850 dicta
1772 2824 1836 2849 au.
1866 2810 1906 2848 Β

149 2877 173 2913 4
216 2865 279 2903 vel
312 2864 352 2904 ἀ.
383 2879 422 2906 τ.
439 2862 667 2916 ῥητορεύειν
689 2878 699 2903 :
745 2866 1090 2914 apoturetoresin
1128 2855 1276 2917 (-rhe-,
1310 2865 1462 2917 -reth-)
1498 2865 1577 2906 BC
1584 2865 1621 2904 T
1621 2865 1663 2904 U
1679 2880 1687 2904 :
1735 2878 1818 2914 apo
1857 2870 1900 2903 to

149 2919 344 2958 rethores
364 2919 411 2957 K
571 2921 598 2957 6
627 2919 791 2970 autem]
813 2919 925 2958 enim
943 2920 983 2958 Β
1092 2920 1195 2959 artis
1215 2919 1256 2958 Β
1265 2919 1321 2959 T:
1349 2925 1441 2959 arte
1461 2918 1511 2958 Cl
1624 2921 1732 2959 enim
1756 2932 1836 2958 om.
1860 2919 1906 2957 K

153 2985 197 3010 11
231 2979 274 3012 et
293 2973 458 3012 Titiano
480 2973 574 3013 hab.
592 2973 671 3012 BC
686 2972 828 3012 Reml
845 2973 897 3012 H
912 2975 1044 3026 (tat-):
1074 2987 1156 3014 om.
1183 2974 1366 3013 KMTU
1382 2973 1513 3014 Mon}
1602 2987 1650 3023 13
1680 2973 1899 3025 promptu]

163 3032 267 3066 -tum
282 3027 328 3066 K
335 3027 372 3067 T
372 3028 413 3066 U
521 3040 568 3076 14
597 3028 837 3068 adheriscet
854 3029 1068 3068 memoriis
1083 3029 1131 3067 K
1238 3030 1414 3078 repositi
1434 3029 1481 3066 K
1647 3041 1696 3078 19
1724 3028 1778 3068 el.
1801 3041 1901 3068 con-

149 3081 261 3122 sistit
278 3083 464 3134 quinque
481 3082 668 3132 partibus
688 3082 734 3121 K
806 3096 857 3121 22
888 3083 1055 3123 dicendi
1074 3083 1201 3124 ΑΒΕ
1206 3083 1245 3123 Τ
1254 3098 1264 3122 :
1292 3083 1492 3135 loquendi
1513 3082 1559 3121 K
1640 3095 1693 3132 23
1722 3095 1799 3123 usu
1823 3113 1832 3122 .
1857 3114 1866 3124 .
1891 3111 1900 3121 .

151 3136 341 3176 doctrina
360 3150 443 3178 om,
469 3136 519 3176 Cl
629 3149 707 3176 usu
728 3137 818 3178 ads,
839 3137 920 3178 BC
926 3137 964 3176 T

988 3228 1074 3262 G2
