<?xml version="1.0" encoding="UTF-8"?>
<!DOCTYPE html PUBLIC "-//W3C//DTD XHTML 1.0 Transitional//EN"
    "http://www.w3.org/TR/xhtml1/DTD/xhtml1-transitional.dtd">
<html xmlns="http://www.w3.org/1999/xhtml" xml:lang="en" lang="en">
 <head>
  <title>
</title>
<meta http-equiv="Content-Type" content="text/html;charset=utf-8" />
  <meta name='ocr-system' content='tesseract 3.04.00' />
  <meta name='ocr-capabilities' content='ocr_page ocr_carea ocr_par ocr_line ocrx_word'/>
</head>
<body>
  <div class='ocr_page' id='page_1' title='image "./isidori01isiduoft/isidori01isiduoft_0695.png"; bbox 0 0 2176 3424; ppageno 0'>
   <div class='ocr_carea' id='block_1_1' title="bbox 448 124 1541 176">
    <p class='ocr_par' dir='ltr' id='par_1_1' title="bbox 448 124 1541 176">
     <span class='ocr_line' id='line_1_1' title="bbox 448 124 1541 176; baseline -0.004 0"><span class='ocrx_word' id='word_1_1' title='bbox 448 127 1077 176; x_wconf 86' lang='lat' dir='ltr'><strong>ETYMOLOGIARVM</strong></span> <span class='ocrx_word' id='word_1_2' title='bbox 1118 127 1247 174; x_wconf 91' lang='lat' dir='ltr'>LIB.</span> <span class='ocrx_word' id='word_1_3' title='bbox 1289 127 1456 174; x_wconf 87' lang='lat' dir='ltr'><strong>XVII.</strong></span> <span class='ocrx_word' id='word_1_4' title='bbox 1496 124 1541 172; x_wconf 88' lang='lat' dir='ltr'>ix</span> 
     </span>
    </p>
   </div>
   <div class='ocr_carea' id='block_1_2' title="bbox 55 255 1966 2281">
    <p class='ocr_par' dir='ltr' id='par_1_2' title="bbox 127 255 1876 563">
     <span class='ocr_line' id='line_1_2' title="bbox 130 255 1873 321; baseline -0.001 -15"><span class='ocrx_word' id='word_1_5' title='bbox 130 259 320 321; x_wconf 89' lang='lat' dir='ltr'>accepit</span> <span class='ocrx_word' id='word_1_6' title='bbox 368 257 527 321; x_wconf 90' lang='lat' dir='ltr'>primo</span> <span class='ocrx_word' id='word_1_7' title='bbox 574 259 711 319; x_wconf 93' lang='lat' dir='ltr'>quod</span> <span class='ocrx_word' id='word_1_8' title='bbox 758 256 945 305; x_wconf 88' lang='lat' dir='ltr'>aestivo</span> <span class='ocrx_word' id='word_1_9' title='bbox 984 255 1192 304; x_wconf 89' lang='lat' dir='ltr'>solstitio</span> <span class='ocrx_word' id='word_1_10' title='bbox 1234 257 1420 314; x_wconf 89' lang='lat' dir='ltr'>floreat,</span> <span class='ocrx_word' id='word_1_11' title='bbox 1463 257 1539 303; x_wconf 93' lang='lat' dir='ltr'>vel</span> <span class='ocrx_word' id='word_1_12' title='bbox 1581 257 1717 318; x_wconf 92' lang='lat' dir='ltr'>quod</span> <span class='ocrx_word' id='word_1_13' title='bbox 1757 255 1873 304; x_wconf 91' lang='lat' dir='ltr'>solis</span> 
     </span>
     <span class='ocr_line' id='line_1_3' title="bbox 130 336 1876 388; baseline -0.001 -1"><span class='ocrx_word' id='word_1_14' title='bbox 130 339 347 388; x_wconf 89' lang='lat' dir='ltr'>motibus</span> <span class='ocrx_word' id='word_1_15' title='bbox 383 338 500 387; x_wconf 91' lang='lat' dir='ltr'>folia</span> <span class='ocrx_word' id='word_1_16' title='bbox 536 339 833 387; x_wconf 88' lang='lat' dir='ltr'>circumacta</span> <span class='ocrx_word' id='word_1_17' title='bbox 868 346 1134 386; x_wconf 89' lang='lat' dir='ltr'>convertat.</span> <span class='ocrx_word' id='word_1_18' title='bbox 1207 337 1356 386; x_wconf 86' lang='lat' dir='ltr'>Vnde</span> <span class='ocrx_word' id='word_1_19' title='bbox 1381 344 1429 385; x_wconf 91' lang='lat' dir='ltr'>et</span> <span class='ocrx_word' id='word_1_20' title='bbox 1453 353 1482 384; x_wconf 89' lang='lat' dir='ltr'>a</span> <span class='ocrx_word' id='word_1_21' title='bbox 1507 336 1695 386; x_wconf 91' lang='lat' dir='ltr'>Latinis</span> <span class='ocrx_word' id='word_1_22' title='bbox 1728 339 1876 386; x_wconf 91' lang='lat' dir='ltr'>solse-</span> 
     </span>
     <span class='ocr_line' id='line_1_4' title="bbox 127 417 1871 483; baseline -0.001 -14"><span class='ocrx_word' id='word_1_23' title='bbox 127 420 242 483; x_wconf 85' lang='lat' dir='ltr'>quia</span> <span class='ocrx_word' id='word_1_24' title='bbox 265 429 588 483; x_wconf 89' lang='lat' dir='ltr'>nuncupatur.</span> <span class='ocrx_word' id='word_1_25' title='bbox 662 422 793 468; x_wconf 89' lang='lat' dir='ltr'>Nam</span> <span class='ocrx_word' id='word_1_26' title='bbox 820 427 867 467; x_wconf 90' lang='lat' dir='ltr'>et</span> <span class='ocrx_word' id='word_1_27' title='bbox 892 420 994 467; x_wconf 91' lang='lat' dir='ltr'>sole</span> <span class='ocrx_word' id='word_1_28' title='bbox 1020 417 1208 467; x_wconf 87' lang='lat' dir='ltr'>oriente</span> <span class='ocrx_word' id='word_1_29' title='bbox 1233 419 1376 467; x_wconf 91' lang='lat' dir='ltr'>flores</span> <span class='ocrx_word' id='word_1_30' title='bbox 1401 434 1516 466; x_wconf 89' lang='lat' dir='ltr'>suos</span> <span class='ocrx_word' id='word_1_31' title='bbox 1541 419 1710 481; x_wconf 89' lang='lat' dir='ltr'>aperit,</span> <span class='ocrx_word' id='word_1_32' title='bbox 1737 418 1871 467; x_wconf 90' lang='lat' dir='ltr'>idem</span> 
     </span>
     <span class='ocr_line' id='line_1_5' title="bbox 128 499 1870 563; baseline -0.001 -12"><span class='ocrx_word' id='word_1_33' title='bbox 128 519 180 551; x_wconf 92' lang='lat' dir='ltr'>se</span> <span class='ocrx_word' id='word_1_34' title='bbox 205 501 441 552; x_wconf 89' lang='lat' dir='ltr'>reclaudit</span> <span class='ocrx_word' id='word_1_35' title='bbox 465 518 576 549; x_wconf 94' lang='lat' dir='ltr'>cum</span> <span class='ocrx_word' id='word_1_36' title='bbox 604 503 677 550; x_wconf 94' lang='lat' dir='ltr'>sol</span> <span class='ocrx_word' id='word_1_37' title='bbox 703 500 1002 550; x_wconf 89' lang='lat' dir='ltr'>occubuerit.</span> <span class='ocrx_word' id='word_1_38' title='bbox 1055 501 1172 563; x_wconf 91' lang='lat' dir='ltr'>Ipsa</span> <span class='ocrx_word' id='word_1_39' title='bbox 1197 508 1269 548; x_wconf 91' lang='lat' dir='ltr'>est</span> <span class='ocrx_word' id='word_1_40' title='bbox 1289 516 1437 562; x_wconf 90' lang='lat' dir='ltr'>quam</span> <span class='ocrx_word' id='word_1_41' title='bbox 1459 499 1622 548; x_wconf 91' lang='lat' dir='ltr'>Latini</span> <span class='ocrx_word' id='word_1_42' title='bbox 1640 500 1870 549; x_wconf 88' lang='lat' dir='ltr'><strong>intubum</strong></span> 
     </span>
    </p>

    <p class='ocr_par' dir='ltr' id='par_1_3' title="bbox 79 579 1966 974">
     <span class='ocr_line' id='line_1_6' title="bbox 79 579 1873 650; baseline -0.001 -17"><span class='ocrx_word' id='word_1_43' title='bbox 79 599 101 640; x_wconf 87' lang='lat'>5</span> <span class='ocrx_word' id='word_1_44' title='bbox 128 585 401 633; x_wconf 91' lang='lat' dir='ltr'>silvaticum</span> <span class='ocrx_word' id='word_1_45' title='bbox 437 592 630 632; x_wconf 89' lang='lat' dir='ltr'>vocant.</span> <span class='ocrx_word' id='word_1_46' title='bbox 717 586 860 631; x_wconf 91' lang='lat' dir='ltr'>Haec</span> <span class='ocrx_word' id='word_1_47' title='bbox 897 591 945 631; x_wconf 89' lang='lat' dir='ltr'>et</span> <span class='ocrx_word' id='word_1_48' title='bbox 980 581 1265 640; x_wconf 88' lang='lat' dir='ltr'>verrucaria,</span> <span class='ocrx_word' id='word_1_49' title='bbox 1305 579 1430 650; x_wconf 85' lang='lat' dir='ltr'>[eo]</span> <span class='ocrx_word' id='word_1_50' title='bbox 1451 583 1586 644; x_wconf 94' lang='lat' dir='ltr'>quod</span> <span class='ocrx_word' id='word_1_51' title='bbox 1623 581 1873 645; x_wconf 86' lang='lat' dir='ltr'>extinguat</span> 
     </span>
     <span class='ocr_line' id='line_1_7' title="bbox 126 663 1868 727; baseline -0.001 -13"><span class='ocrx_word' id='word_1_52' title='bbox 126 683 350 715; x_wconf 84' lang='lat' dir='ltr'>verrucas</span> <span class='ocrx_word' id='word_1_53' title='bbox 389 682 447 714; x_wconf 86' lang='lat' dir='ltr'>ex</span> <span class='ocrx_word' id='word_1_54' title='bbox 488 682 616 727; x_wconf 87' lang='lat' dir='ltr'>aqua</span> <span class='ocrx_word' id='word_1_55' title='bbox 658 674 787 727; x_wconf 90' lang='lat' dir='ltr'>pota,</span> <span class='ocrx_word' id='word_1_56' title='bbox 826 666 903 712; x_wconf 91' lang='lat' dir='ltr'>vel</span> <span class='ocrx_word' id='word_1_57' title='bbox 940 664 989 711; x_wconf 90' lang='lat' dir='ltr'>in</span> <span class='ocrx_word' id='word_1_58' title='bbox 1025 665 1375 726; x_wconf 90' lang='lat' dir='ltr'>cataplasmate</span> <span class='ocrx_word' id='word_1_59' title='bbox 1412 663 1573 726; x_wconf 89' lang='lat' dir='ltr'>posita</span> <span class='ocrx_word' id='word_1_60' title='bbox 1607 663 1868 727; x_wconf 82' lang='lat' dir='ltr'><strong>abstergat.</strong></span> 
     </span>
     <span class='ocr_line' id='line_1_8' title="bbox 127 738 1956 810; baseline -0.002 -14"><span class='ocrx_word' id='word_1_61' title='bbox 127 749 486 810; x_wconf 87' lang='lat' dir='ltr'>Pentaphyllon</span> <span class='ocrx_word' id='word_1_62' title='bbox 523 763 551 794; x_wconf 92' lang='lat' dir='ltr'>a</span> <span class='ocrx_word' id='word_1_63' title='bbox 585 761 793 793; x_wconf 90' lang='lat' dir='ltr'>numero</span> <span class='ocrx_word' id='word_1_64' title='bbox 830 745 1057 793; x_wconf 89' lang='lat' dir='ltr'>foliorum</span> <span class='ocrx_word' id='word_1_65' title='bbox 1095 744 1257 806; x_wconf 82' lang='lat' dir='ltr'>dicta3</span> <span class='ocrx_word' id='word_1_66' title='bbox 1305 746 1439 793; x_wconf 92' lang='lat' dir='ltr'>unde</span> <span class='ocrx_word' id='word_1_67' title='bbox 1476 754 1524 793; x_wconf 90' lang='lat' dir='ltr'>et</span> <span class='ocrx_word' id='word_1_68' title='bbox 1559 761 1669 793; x_wconf 92' lang='lat' dir='ltr'>eam</span> <span class='ocrx_word' id='word_1_69' title='bbox 1708 745 1871 793; x_wconf 88' lang='lat' dir='ltr'>Latini</span> <span class='ocrx_word' id='word_1_70' title='bbox 1893 738 1956 798; x_wconf 87' lang='grc'>38</span> 
     </span>
     <span class='ocr_line' id='line_1_9' title="bbox 125 826 1872 891; baseline -0.001 -15"><span class='ocrx_word' id='word_1_71' title='bbox 125 827 516 891; x_wconf 85' lang='lat' dir='ltr'>quinquefolium</span> <span class='ocrx_word' id='word_1_72' title='bbox 554 836 731 875; x_wconf 91' lang='lat' dir='ltr'>vocant</span> <span class='ocrx_word' id='word_1_73' title='bbox 749 844 761 887; x_wconf 81' lang='lat'><em>3</em></span> <span class='ocrx_word' id='word_1_74' title='bbox 797 827 951 875; x_wconf 91' lang='lat' dir='ltr'>herba</span> <span class='ocrx_word' id='word_1_75' title='bbox 986 827 1113 874; x_wconf 92' lang='lat' dir='ltr'>adeo</span> <span class='ocrx_word' id='word_1_76' title='bbox 1151 827 1338 875; x_wconf 90' lang='lat' dir='ltr'>munda</span> <span class='ocrx_word' id='word_1_77' title='bbox 1373 835 1426 874; x_wconf 89' lang='lat' dir='ltr'>ut</span> <span class='ocrx_word' id='word_1_78' title='bbox 1461 826 1791 889; x_wconf 90' lang='lat' dir='ltr'>purificationi</span> <span class='ocrx_word' id='word_1_79' title='bbox 1824 837 1872 876; x_wconf 93' lang='lat' dir='ltr'>et</span> 
     </span>
     <span class='ocr_line' id='line_1_10' title="bbox 125 908 1966 974; baseline 0.001 -15"><span class='ocrx_word' id='word_1_80' title='bbox 125 911 320 974; x_wconf 92' lang='lat' dir='ltr'>templis</span> <span class='ocrx_word' id='word_1_81' title='bbox 359 909 583 958; x_wconf 86' lang='lat' dir='ltr'>adhiberi</span> <span class='ocrx_word' id='word_1_82' title='bbox 620 926 649 957; x_wconf 91' lang='lat' dir='ltr'>a</span> <span class='ocrx_word' id='word_1_83' title='bbox 688 908 917 972; x_wconf 90' lang='lat' dir='ltr'>gentibus</span> <span class='ocrx_word' id='word_1_84' title='bbox 957 908 1099 957; x_wconf 86' lang='lat' dir='ltr'>solita</span> <span class='ocrx_word' id='word_1_85' title='bbox 1147 918 1289 958; x_wconf 89' lang='lat' dir='ltr'>esset.</span> <span class='ocrx_word' id='word_1_86' title='bbox 1378 911 1670 972; x_wconf 90' lang='lat' dir='ltr'>Hyssopum</span> <span class='ocrx_word' id='word_1_87' title='bbox 1719 909 1872 958; x_wconf 87' lang='lat' dir='ltr'>herba</span> <span class='ocrx_word' id='word_1_88' title='bbox 1896 915 1966 961; x_wconf 89' lang='lat'>39</span> 
     </span>
    </p>

    <p class='ocr_par' dir='ltr' id='par_1_4' title="bbox 55 990 1962 1380">
     <span class='ocr_line' id='line_1_11' title="bbox 55 990 1872 1056; baseline 0 -16"><span class='ocrx_word' id='word_1_89' title='bbox 55 1012 104 1040; x_wconf 93' lang='lat'>10</span> <span class='ocrx_word' id='word_1_90' title='bbox 125 991 389 1056; x_wconf 86' lang='lat' dir='ltr'>purgandis</span> <span class='ocrx_word' id='word_1_91' title='bbox 424 990 744 1054; x_wconf 88' lang='lat' dir='ltr'>pulmonibus</span> <span class='ocrx_word' id='word_1_92' title='bbox 780 999 909 1054; x_wconf 86' lang='lat' dir='ltr'>apta.</span> <span class='ocrx_word' id='word_1_93' title='bbox 981 992 1129 1039; x_wconf 91' lang='lat' dir='ltr'>Vnde</span> <span class='ocrx_word' id='word_1_94' title='bbox 1171 999 1220 1039; x_wconf 89' lang='lat' dir='ltr'>et</span> <span class='ocrx_word' id='word_1_95' title='bbox 1254 990 1305 1038; x_wconf 90' lang='lat' dir='ltr'>in</span> <span class='ocrx_word' id='word_1_96' title='bbox 1341 990 1510 1039; x_wconf 91' lang='lat' dir='ltr'>Veteri</span> <span class='ocrx_word' id='word_1_97' title='bbox 1546 993 1872 1040; x_wconf 90' lang='lat' dir='ltr'>Testamento</span> 
     </span>
     <span class='ocr_line' id='line_1_12' title="bbox 125 1071 1871 1136; baseline 0.001 -17"><span class='ocrx_word' id='word_1_98' title='bbox 125 1088 211 1134; x_wconf 88' lang='lat' dir='ltr'>per</span> <span class='ocrx_word' id='word_1_99' title='bbox 229 1072 428 1136; x_wconf 89' lang='lat' dir='ltr'>hyssopi</span> <span class='ocrx_word' id='word_1_100' title='bbox 447 1072 707 1121; x_wconf 86' lang='lat' dir='ltr'>fasciculos</span> <span class='ocrx_word' id='word_1_101' title='bbox 726 1071 1111 1135; x_wconf 86' lang='lat' dir='ltr'>aspergebantur</span> <span class='ocrx_word' id='word_1_102' title='bbox 1128 1073 1241 1135; x_wconf 90' lang='lat' dir='ltr'>agni</span> <span class='ocrx_word' id='word_1_103' title='bbox 1267 1071 1517 1134; x_wconf 90' lang='lat' dir='ltr'>sanguine,</span> <span class='ocrx_word' id='word_1_104' title='bbox 1541 1072 1626 1135; x_wconf 94' lang='lat' dir='ltr'>qui</span> <span class='ocrx_word' id='word_1_105' title='bbox 1644 1073 1871 1122; x_wconf 91' lang='lat' dir='ltr'>mundari</span> 
     </span>
     <span class='ocr_line' id='line_1_13' title="bbox 125 1153 1962 1216; baseline 0.002 -15"><span class='ocrx_word' id='word_1_106' title='bbox 125 1154 337 1203; x_wconf 91' lang='lat' dir='ltr'>volebat.</span> <span class='ocrx_word' id='word_1_107' title='bbox 410 1153 641 1203; x_wconf 87' lang='lat' dir='ltr'>Nascitur</span> <span class='ocrx_word' id='word_1_108' title='bbox 665 1153 716 1201; x_wconf 90' lang='lat' dir='ltr'>in</span> <span class='ocrx_word' id='word_1_109' title='bbox 749 1153 897 1216; x_wconf 90' lang='lat' dir='ltr'>petris</span> <span class='ocrx_word' id='word_1_110' title='bbox 928 1155 1135 1202; x_wconf 90' lang='lat' dir='ltr'>haerens</span> <span class='ocrx_word' id='word_1_111' title='bbox 1169 1169 1286 1201; x_wconf 87' lang='lat' dir='ltr'>saxo</span> <span class='ocrx_word' id='word_1_112' title='bbox 1315 1153 1575 1202; x_wconf 78' lang='lat' dir='ltr'>radicibus,</span> <span class='ocrx_word' id='word_1_113' title='bbox 1652 1155 1871 1204; x_wconf 88' lang='lat' dir='ltr'>Reubar-</span> <span class='ocrx_word' id='word_1_114' title='bbox 1891 1164 1962 1211; x_wconf 91' lang='lat'>40</span> 
     </span>
     <span class='ocr_line' id='line_1_14' title="bbox 126 1234 1872 1298; baseline 0.002 -16"><span class='ocrx_word' id='word_1_115' title='bbox 126 1234 298 1282; x_wconf 89' lang='lat' dir='ltr'>barum</span> <span class='ocrx_word' id='word_1_116' title='bbox 336 1234 436 1283; x_wconf 89' lang='lat' dir='ltr'>sive</span> <span class='ocrx_word' id='word_1_117' title='bbox 472 1235 831 1298; x_wconf 90' lang='lat' dir='ltr'>reuponticum,</span> <span class='ocrx_word' id='word_1_118' title='bbox 858 1234 980 1283; x_wconf 93' lang='lat' dir='ltr'>illud</span> <span class='ocrx_word' id='word_1_119' title='bbox 1018 1236 1154 1297; x_wconf 90' lang='lat' dir='ltr'>quod</span> <span class='ocrx_word' id='word_1_120' title='bbox 1191 1244 1322 1283; x_wconf 90' lang='lat' dir='ltr'>trans</span> <span class='ocrx_word' id='word_1_121' title='bbox 1362 1236 1651 1284; x_wconf 89' lang='lat' dir='ltr'>Danubium</span> <span class='ocrx_word' id='word_1_122' title='bbox 1689 1236 1741 1284; x_wconf 89' lang='lat' dir='ltr'>in</span> <span class='ocrx_word' id='word_1_123' title='bbox 1766 1238 1872 1286; x_wconf 91' lang='lat' dir='ltr'>solo</span> 
     </span>
     <span class='ocr_line' id='line_1_15' title="bbox 126 1316 1873 1380; baseline 0.002 -16"><span class='ocrx_word' id='word_1_124' title='bbox 126 1316 392 1376; x_wconf 90' lang='lat' dir='ltr'>barbarico,</span> <span class='ocrx_word' id='word_1_125' title='bbox 419 1316 550 1365; x_wconf 90' lang='lat' dir='ltr'>istud</span> <span class='ocrx_word' id='word_1_126' title='bbox 571 1318 707 1379; x_wconf 94' lang='lat' dir='ltr'>quod</span> <span class='ocrx_word' id='word_1_127' title='bbox 724 1319 852 1365; x_wconf 90' lang='lat' dir='ltr'>circa</span> <span class='ocrx_word' id='word_1_128' title='bbox 871 1319 1087 1365; x_wconf 90' lang='lat' dir='ltr'>Pontum</span> <span class='ocrx_word' id='word_1_129' title='bbox 1104 1318 1360 1380; x_wconf 88' lang='lat' dir='ltr'>colligitur,</span> <span class='ocrx_word' id='word_1_130' title='bbox 1383 1319 1708 1367; x_wconf 90' lang='lat' dir='ltr'>nominatum.</span> <span class='ocrx_word' id='word_1_131' title='bbox 1762 1321 1873 1368; x_wconf 88' lang='lat' dir='ltr'>Reu</span> 
     </span>
    </p>

    <p class='ocr_par' dir='ltr' id='par_1_5' title="bbox 57 1385 1953 1790">
     <span class='ocr_line' id='line_1_16' title="bbox 57 1385 1874 1462; baseline 0.003 -18"><span class='ocrx_word' id='word_1_132' title='bbox 57 1417 101 1456; x_wconf 88' lang='lat'>15</span> <span class='ocrx_word' id='word_1_133' title='bbox 126 1385 506 1448; x_wconf 89' lang='lat' dir='ltr'>autemdictum</span> <span class='ocrx_word' id='word_1_134' title='bbox 535 1401 672 1462; x_wconf 91' lang='lat' dir='ltr'>quod</span> <span class='ocrx_word' id='word_1_135' title='bbox 709 1399 770 1447; x_wconf 92' lang='lat' dir='ltr'>sit</span> <span class='ocrx_word' id='word_1_136' title='bbox 806 1398 955 1457; x_wconf 80' lang='lat' dir='ltr'>radix,</span> <span class='ocrx_word' id='word_1_137' title='bbox 985 1401 1123 1461; x_wconf 87' lang='lat' dir='ltr'>quasi</span> <span class='ocrx_word' id='word_1_138' title='bbox 1150 1398 1285 1447; x_wconf 88' lang='lat' dir='ltr'>radix</span> <span class='ocrx_word' id='word_1_139' title='bbox 1315 1399 1536 1460; x_wconf 89' lang='lat' dir='ltr'>barbara,</span> <span class='ocrx_word' id='word_1_140' title='bbox 1565 1400 1705 1462; x_wconf 87' lang='lat' dir='ltr'>quasi</span> <span class='ocrx_word' id='word_1_141' title='bbox 1738 1401 1874 1450; x_wconf 87' lang='lat' dir='ltr'>radix</span> 
     </span>
     <span class='ocr_line' id='line_1_17' title="bbox 127 1480 1953 1544; baseline -0.001 -16"><span class='ocrx_word' id='word_1_142' title='bbox 127 1481 345 1529; x_wconf 91' lang='lat' dir='ltr'>Pontica.</span> <span class='ocrx_word' id='word_1_143' title='bbox 420 1483 763 1544; x_wconf 90' lang='lat' dir='ltr'>Hyoscyamos</span> <span class='ocrx_word' id='word_1_144' title='bbox 800 1497 828 1528; x_wconf 92' lang='lat' dir='ltr'>a</span> <span class='ocrx_word' id='word_1_145' title='bbox 864 1481 1064 1529; x_wconf 89' lang='lat' dir='ltr'>Graecis</span> <span class='ocrx_word' id='word_1_146' title='bbox 1102 1480 1246 1538; x_wconf 88' lang='lat' dir='ltr'>dicta,</span> <span class='ocrx_word' id='word_1_147' title='bbox 1285 1497 1314 1528; x_wconf 90' lang='lat' dir='ltr'>a</span> <span class='ocrx_word' id='word_1_148' title='bbox 1350 1481 1538 1529; x_wconf 89' lang='lat' dir='ltr'>Latinis</span> <span class='ocrx_word' id='word_1_149' title='bbox 1575 1483 1727 1531; x_wconf 90' lang='lat' dir='ltr'>herba</span> <span class='ocrx_word' id='word_1_150' title='bbox 1764 1485 1873 1531; x_wconf 90' lang='lat' dir='ltr'>cali-</span> <span class='ocrx_word' id='word_1_151' title='bbox 1895 1494 1953 1540; x_wconf 84' lang='lat'>41</span> 
     </span>
     <span class='ocr_line' id='line_1_18' title="bbox 126 1561 1872 1625; baseline 0.002 -16"><span class='ocrx_word' id='word_1_152' title='bbox 126 1561 315 1622; x_wconf 90' lang='lat' dir='ltr'>cularis,</span> <span class='ocrx_word' id='word_1_153' title='bbox 344 1564 479 1624; x_wconf 90' lang='lat' dir='ltr'>quod</span> <span class='ocrx_word' id='word_1_154' title='bbox 505 1562 696 1611; x_wconf 91' lang='lat' dir='ltr'>caliculi</span> <span class='ocrx_word' id='word_1_155' title='bbox 722 1564 826 1611; x_wconf 92' lang='lat' dir='ltr'>eius</span> <span class='ocrx_word' id='word_1_156' title='bbox 863 1562 913 1609; x_wconf 91' lang='lat' dir='ltr'>in</span> <span class='ocrx_word' id='word_1_157' title='bbox 940 1563 1142 1625; x_wconf 89' lang='lat' dir='ltr'>figuram</span> <span class='ocrx_word' id='word_1_158' title='bbox 1175 1570 1485 1611; x_wconf 79' lang='lat' dir='ltr'>cantatorum</span> <span class='ocrx_word' id='word_1_159' title='bbox 1515 1573 1790 1624; x_wconf 89' lang='lat' dir='ltr'>nascantur,</span> <span class='ocrx_word' id='word_1_160' title='bbox 1820 1574 1872 1613; x_wconf 94' lang='lat' dir='ltr'>ut</span> 
     </span>
     <span class='ocr_line' id='line_1_19' title="bbox 126 1643 1872 1706; baseline 0.003 -15"><span class='ocrx_word' id='word_1_161' title='bbox 126 1653 199 1692; x_wconf 90' lang='lat' dir='ltr'>est</span> <span class='ocrx_word' id='word_1_162' title='bbox 226 1643 339 1691; x_wconf 91' lang='lat' dir='ltr'>mali</span> <span class='ocrx_word' id='word_1_163' title='bbox 367 1645 554 1704; x_wconf 90' lang='lat' dir='ltr'>Punici,</span> <span class='ocrx_word' id='word_1_164' title='bbox 582 1661 791 1706; x_wconf 91' lang='lat' dir='ltr'>quorum</span> <span class='ocrx_word' id='word_1_165' title='bbox 826 1661 911 1692; x_wconf 89' lang='lat' dir='ltr'>ora</span> <span class='ocrx_word' id='word_1_166' title='bbox 943 1653 1122 1693; x_wconf 88' lang='lat' dir='ltr'>serrata</span> <span class='ocrx_word' id='word_1_167' title='bbox 1151 1654 1278 1702; x_wconf 90' lang='lat' dir='ltr'>sunt,</span> <span class='ocrx_word' id='word_1_168' title='bbox 1306 1645 1546 1693; x_wconf 88' lang='lat' dir='ltr'>habentes</span> <span class='ocrx_word' id='word_1_169' title='bbox 1580 1645 1872 1696; x_wconf 88' lang='lat' dir='ltr'>intrinsecus</span> 
     </span>
     <span class='ocr_line' id='line_1_20' title="bbox 127 1724 1873 1790; baseline 0.002 -18"><span class='ocrx_word' id='word_1_170' title='bbox 127 1724 315 1773; x_wconf 91' lang='lat' dir='ltr'>semina</span> <span class='ocrx_word' id='word_1_171' title='bbox 338 1724 590 1788; x_wconf 91' lang='lat' dir='ltr'>papaveris</span> <span class='ocrx_word' id='word_1_172' title='bbox 617 1724 804 1773; x_wconf 89' lang='lat' dir='ltr'>similia.</span> <span class='ocrx_word' id='word_1_173' title='bbox 881 1727 1024 1773; x_wconf 90' lang='lat' dir='ltr'>Haec</span> <span class='ocrx_word' id='word_1_174' title='bbox 1057 1725 1210 1773; x_wconf 88' lang='lat' dir='ltr'>herba</span> <span class='ocrx_word' id='word_1_175' title='bbox 1235 1734 1282 1773; x_wconf 89' lang='lat' dir='ltr'>et</span> <span class='ocrx_word' id='word_1_176' title='bbox 1318 1725 1490 1774; x_wconf 87' lang='lat' dir='ltr'>insana</span> <span class='ocrx_word' id='word_1_177' title='bbox 1515 1735 1730 1786; x_wconf 89' lang='lat' dir='ltr'>vocatur,</span> <span class='ocrx_word' id='word_1_178' title='bbox 1758 1728 1873 1790; x_wconf 93' lang='lat' dir='ltr'>quia</span> 
     </span>
    </p>

    <p class='ocr_par' dir='ltr' id='par_1_6' title="bbox 55 1805 1958 2196">
     <span class='ocr_line' id='line_1_21' title="bbox 55 1805 1870 1869; baseline 0.004 -18"><span class='ocrx_word' id='word_1_179' title='bbox 55 1823 106 1851; x_wconf 83' lang='lat'>20</span> <span class='ocrx_word' id='word_1_180' title='bbox 126 1821 242 1854; x_wconf 91' lang='lat' dir='ltr'>usus</span> <span class='ocrx_word' id='word_1_181' title='bbox 263 1805 365 1854; x_wconf 91' lang='lat' dir='ltr'>eius</span> <span class='ocrx_word' id='word_1_182' title='bbox 382 1805 683 1868; x_wconf 89' lang='lat' dir='ltr'>periculosus</span> <span class='ocrx_word' id='word_1_183' title='bbox 704 1815 798 1854; x_wconf 90' lang='lat' dir='ltr'>est:</span> <span class='ocrx_word' id='word_1_184' title='bbox 826 1807 1042 1869; x_wconf 89' lang='lat' dir='ltr'>denique</span> <span class='ocrx_word' id='word_1_185' title='bbox 1063 1807 1102 1854; x_wconf 90' lang='lat' dir='ltr'>si</span> <span class='ocrx_word' id='word_1_186' title='bbox 1118 1806 1314 1856; x_wconf 85' lang='lat' dir='ltr'>bibatur</span> <span class='ocrx_word' id='word_1_187' title='bbox 1332 1810 1409 1857; x_wconf 92' lang='lat' dir='ltr'>vel</span> <span class='ocrx_word' id='word_1_188' title='bbox 1425 1809 1611 1868; x_wconf 84' lang='lat' dir='ltr'>edatur,</span> <span class='ocrx_word' id='word_1_189' title='bbox 1630 1809 1870 1858; x_wconf 90' lang='lat' dir='ltr'>insaniam</span> 
     </span>
     <span class='ocr_line' id='line_1_22' title="bbox 126 1887 1869 1953; baseline 0.002 -18"><span class='ocrx_word' id='word_1_190' title='bbox 126 1888 239 1935; x_wconf 85' lang='lat' dir='ltr'>facit</span> <span class='ocrx_word' id='word_1_191' title='bbox 265 1889 341 1936; x_wconf 91' lang='lat' dir='ltr'>vel</span> <span class='ocrx_word' id='word_1_192' title='bbox 367 1889 527 1936; x_wconf 91' lang='lat' dir='ltr'>somni</span> <span class='ocrx_word' id='word_1_193' title='bbox 547 1889 811 1951; x_wconf 86' lang='lat' dir='ltr'>imaginem</span> <span class='ocrx_word' id='word_1_194' title='bbox 836 1887 1099 1936; x_wconf 87' lang='lat' dir='ltr'>turbidam.</span> <span class='ocrx_word' id='word_1_195' title='bbox 1152 1890 1301 1937; x_wconf 88' lang='lat' dir='ltr'>Hanc</span> <span class='ocrx_word' id='word_1_196' title='bbox 1321 1891 1493 1953; x_wconf 90' lang='lat' dir='ltr'>vulgus</span> <span class='ocrx_word' id='word_1_197' title='bbox 1512 1890 1869 1940; x_wconf 89' lang='lat' dir='ltr'>milimindrum</span> 
     </span>
     <span class='ocr_line' id='line_1_23' title="bbox 126 1968 1958 2036; baseline 0.001 -19"><span class='ocrx_word' id='word_1_198' title='bbox 126 1968 260 2027; x_wconf 92' lang='lat' dir='ltr'>dicit,</span> <span class='ocrx_word' id='word_1_199' title='bbox 308 1978 506 2031; x_wconf 90' lang='lat' dir='ltr'>propter</span> <span class='ocrx_word' id='word_1_200' title='bbox 552 1971 687 2031; x_wconf 93' lang='lat' dir='ltr'>quod</span> <span class='ocrx_word' id='word_1_201' title='bbox 735 1968 1084 2018; x_wconf 87' lang='lat' dir='ltr'>alienationem</span> <span class='ocrx_word' id='word_1_202' title='bbox 1127 1970 1306 2019; x_wconf 91' lang='lat' dir='ltr'>mentis</span> <span class='ocrx_word' id='word_1_203' title='bbox 1349 1972 1553 2020; x_wconf 89' lang='lat' dir='ltr'>inducit.</span> <span class='ocrx_word' id='word_1_204' title='bbox 1625 1972 1870 2036; x_wconf 85' lang='lat' dir='ltr'>Saxifraga</span> <span class='ocrx_word' id='word_1_205' title='bbox 1891 1984 1958 2032; x_wconf 86' lang='lat'>42</span> 
     </span>
     <span class='ocr_line' id='line_1_24' title="bbox 128 2050 1871 2116; baseline 0.003 -19"><span class='ocrx_word' id='word_1_206' title='bbox 128 2058 300 2098; x_wconf 92' lang='lat' dir='ltr'>vocata</span> <span class='ocrx_word' id='word_1_207' title='bbox 338 2052 473 2113; x_wconf 92' lang='lat' dir='ltr'>quod</span> <span class='ocrx_word' id='word_1_208' title='bbox 516 2066 685 2099; x_wconf 90' lang='lat' dir='ltr'>semen</span> <span class='ocrx_word' id='word_1_209' title='bbox 725 2050 828 2099; x_wconf 90' lang='lat' dir='ltr'>eius</span> <span class='ocrx_word' id='word_1_210' title='bbox 862 2059 1023 2113; x_wconf 90' lang='lat' dir='ltr'>petras</span> <span class='ocrx_word' id='word_1_211' title='bbox 1066 2051 1116 2099; x_wconf 91' lang='lat' dir='ltr'>in</span> <span class='ocrx_word' id='word_1_212' title='bbox 1158 2052 1319 2100; x_wconf 91' lang='lat' dir='ltr'>vesica</span> <span class='ocrx_word' id='word_1_213' title='bbox 1352 2054 1539 2116; x_wconf 90' lang='lat' dir='ltr'>frangat</span> <span class='ocrx_word' id='word_1_214' title='bbox 1572 2062 1720 2116; x_wconf 90' lang='lat' dir='ltr'>atque</span> <span class='ocrx_word' id='word_1_215' title='bbox 1757 2072 1871 2103; x_wconf 89' lang='lat' dir='ltr'>con-</span> 
     </span>
     <span class='ocr_line' id='line_1_25' title="bbox 129 2131 1871 2196; baseline 0.003 -17"><span class='ocrx_word' id='word_1_216' title='bbox 129 2131 330 2180; x_wconf 89' lang='lat' dir='ltr'>minuat.</span> <span class='ocrx_word' id='word_1_217' title='bbox 404 2132 650 2180; x_wconf 88' lang='lat' dir='ltr'>Gentiana</span> <span class='ocrx_word' id='word_1_218' title='bbox 689 2148 874 2180; x_wconf 89' lang='lat' dir='ltr'>nomen</span> <span class='ocrx_word' id='word_1_219' title='bbox 917 2132 1139 2196; x_wconf 89' lang='lat' dir='ltr'>sumpsit,</span> <span class='ocrx_word' id='word_1_220' title='bbox 1170 2143 1223 2181; x_wconf 90' lang='lat' dir='ltr'>ut</span> <span class='ocrx_word' id='word_1_221' title='bbox 1260 2133 1442 2182; x_wconf 91' lang='lat' dir='ltr'>medici</span> <span class='ocrx_word' id='word_1_222' title='bbox 1478 2145 1768 2196; x_wconf 90' lang='lat' dir='ltr'>memorant,</span> <span class='ocrx_word' id='word_1_223' title='bbox 1807 2138 1871 2185; x_wconf 93' lang='lat' dir='ltr'>ab</span> 
     </span>
    </p>

    <p class='ocr_par' dir='ltr' id='par_1_7' title="bbox 57 2212 1873 2281">
     <span class='ocr_line' id='line_1_26' title="bbox 57 2212 1873 2281; baseline 0.003 -21"><span class='ocrx_word' id='word_1_224' title='bbox 57 2231 103 2272; x_wconf 84' lang='lat'>25</span> <span class='ocrx_word' id='word_1_225' title='bbox 128 2212 396 2273; x_wconf 89' lang='lat' dir='ltr'>inventore,</span> <span class='ocrx_word' id='word_1_226' title='bbox 418 2213 664 2262; x_wconf 88' lang='lat' dir='ltr'>radicibus</span> <span class='ocrx_word' id='word_1_227' title='bbox 684 2213 1027 2263; x_wconf 89' lang='lat' dir='ltr'>aristolochiae</span> <span class='ocrx_word' id='word_1_228' title='bbox 1048 2214 1303 2263; x_wconf 89' lang='lat' dir='ltr'>similibus.</span> <span class='ocrx_word' id='word_1_229' title='bbox 1366 2218 1597 2265; x_wconf 90' lang='lat' dir='ltr'>Nascitur</span> <span class='ocrx_word' id='word_1_230' title='bbox 1621 2218 1713 2268; x_wconf 91' lang='lat' dir='ltr'>sub</span> <span class='ocrx_word' id='word_1_231' title='bbox 1739 2219 1873 2281; x_wconf 87' lang='lat' dir='ltr'>Alpi-</span> 
     </span>
    </p>
   </div>
   <div class='ocr_carea' id='block_1_3' title="bbox 130 2342 1885 2941">
    <p class='ocr_par' dir='ltr' id='par_1_8' title="bbox 130 2342 1885 2941">
     <span class='ocr_line' id='line_1_27' title="bbox 187 2342 1873 2398; baseline 0.005 -18"><span class='ocrx_word' id='word_1_232' title='bbox 187 2356 204 2380; x_wconf 95' lang='lat'>1</span> <span class='ocrx_word' id='word_1_233' title='bbox 238 2343 356 2385; x_wconf 88' lang='lat' dir='ltr'>solst.</span> <span class='ocrx_word' id='word_1_234' title='bbox 380 2357 460 2382; x_wconf 90' lang='lat' dir='ltr'>om.</span> <span class='ocrx_word' id='word_1_235' title='bbox 491 2342 530 2381; x_wconf 93' lang='lat' dir='ltr'><em>T</em></span> <span class='ocrx_word' id='word_1_236' title='bbox 664 2343 733 2382; x_wconf 89' lang='lat' dir='ltr'>vel</span> <span class='ocrx_word' id='word_1_237' title='bbox 753 2356 838 2385; x_wconf 86' lang='lat' dir='ltr'>om.</span> <span class='ocrx_word' id='word_1_238' title='bbox 867 2343 904 2382; x_wconf 93' lang='lat' dir='ltr'><em>T</em></span> <span class='ocrx_word' id='word_1_239' title='bbox 1070 2358 1094 2382; x_wconf 90' lang='lat'><strong>2</strong></span> <span class='ocrx_word' id='word_1_240' title='bbox 1123 2344 1351 2394; x_wconf 85' lang='lat' dir='ltr'>solisequia</span> <span class='ocrx_word' id='word_1_241' title='bbox 1370 2346 1482 2385; x_wconf 89' lang='lat' dir='ltr'>codd.</span> <span class='ocrx_word' id='word_1_242' title='bbox 1657 2361 1682 2398; x_wconf 88' lang='lat'><strong>3</strong></span> <span class='ocrx_word' id='word_1_243' title='bbox 1713 2361 1810 2388; x_wconf 90' lang='lat' dir='ltr'>suas</span> <span class='ocrx_word' id='word_1_244' title='bbox 1830 2351 1873 2388; x_wconf 90' lang='lat' dir='ltr'><em>D</em></span> 
     </span>
     <span class='ocr_line' id='line_1_28' title="bbox 130 2397 1875 2449; baseline 0.004 -13"><span class='ocrx_word' id='word_1_245' title='bbox 130 2398 294 2447; x_wconf 84' lang='lat' dir='ltr'>aperiat</span> <span class='ocrx_word' id='word_1_246' title='bbox 321 2397 358 2435; x_wconf 93' lang='lat' dir='ltr'><em>T</em></span> <span class='ocrx_word' id='word_1_247' title='bbox 514 2412 539 2447; x_wconf 95' lang='lat'>4</span> <span class='ocrx_word' id='word_1_248' title='bbox 569 2397 736 2437; x_wconf 88' lang='lat' dir='ltr'>claudet</span> <span class='ocrx_word' id='word_1_249' title='bbox 756 2399 802 2436; x_wconf 91' lang='lat' dir='ltr'><em>K</em></span> <span class='ocrx_word' id='word_1_250' title='bbox 935 2411 1057 2448; x_wconf 88' lang='lat' dir='ltr'>quem</span> <span class='ocrx_word' id='word_1_251' title='bbox 1083 2397 1127 2436; x_wconf 93' lang='lat' dir='ltr'><em>D</em></span> <span class='ocrx_word' id='word_1_252' title='bbox 1292 2412 1316 2449; x_wconf 89' lang='lat'>5</span> <span class='ocrx_word' id='word_1_253' title='bbox 1348 2400 1425 2440; x_wconf 90' lang='lat' dir='ltr'>hac</span> <span class='ocrx_word' id='word_1_254' title='bbox 1453 2400 1492 2439; x_wconf 91' lang='lat' dir='ltr'><em>T</em></span> <span class='ocrx_word' id='word_1_255' title='bbox 1621 2404 1811 2442; x_wconf 89' lang='lat' dir='ltr'>erucaria</span> <span class='ocrx_word' id='word_1_256' title='bbox 1831 2405 1875 2442; x_wconf 92' lang='lat' dir='ltr'><em>D</em></span> 
     </span>
     <span class='ocr_line' id='line_1_29' title="bbox 131 2452 1875 2509; baseline 0.005 -19"><span class='ocrx_word' id='word_1_257' title='bbox 131 2465 182 2490; x_wconf 90' lang='lat' dir='ltr'>eo</span> <span class='ocrx_word' id='word_1_258' title='bbox 203 2466 286 2492; x_wconf 81' lang='lat' dir='ltr'>om.</span> <span class='ocrx_word' id='word_1_259' title='bbox 313 2452 403 2490; x_wconf 81' lang='lat' dir='ltr'>DI&lt;</span> <span class='ocrx_word' id='word_1_260' title='bbox 612 2455 638 2491; x_wconf 90' lang='grc'>6</span> <span class='ocrx_word' id='word_1_261' title='bbox 668 2466 749 2502; x_wconf 93' lang='lat' dir='ltr'>qua</span> <span class='ocrx_word' id='word_1_262' title='bbox 770 2452 813 2491; x_wconf 91' lang='lat' dir='ltr'><em>D</em></span> <span class='ocrx_word' id='word_1_263' title='bbox 962 2459 1060 2503; x_wconf 86' lang='lat' dir='ltr'>pota</span> <span class='ocrx_word' id='word_1_264' title='bbox 1081 2453 1172 2492; x_wconf 90' lang='lat' dir='ltr'>DK</span> <span class='ocrx_word' id='word_1_265' title='bbox 1191 2455 1333 2504; x_wconf 83' lang='lat' dir='ltr'>(etiam</span> <span class='ocrx_word' id='word_1_266' title='bbox 1362 2454 1505 2494; x_wconf 83' lang='lat' dir='ltr'>Tante</span> <span class='ocrx_word' id='word_1_267' title='bbox 1524 2469 1622 2497; x_wconf 85' lang='lat' dir='ltr'>corr.</span> <span class='ocrx_word' id='word_1_268' title='bbox 1639 2460 1671 2509; x_wconf 73' lang='lat'>2)</span> <span class='ocrx_word' id='word_1_269' title='bbox 1691 2473 1700 2496; x_wconf 91' lang='lat'><strong>:</strong></span> <span class='ocrx_word' id='word_1_270' title='bbox 1729 2464 1875 2508; x_wconf 86' lang='lat' dir='ltr'>potata</span> 
     </span>
     <span class='ocr_line' id='line_1_30' title="bbox 139 2506 1881 2557; baseline 0.005 -13"><span class='ocrx_word' id='word_1_271' title='bbox 139 2506 237 2545; x_wconf 88' lang='lat' dir='ltr'><em>Tex</em></span> <span class='ocrx_word' id='word_1_272' title='bbox 253 2520 352 2546; x_wconf 84' lang='lat' dir='ltr'>corr.</span> <span class='ocrx_word' id='word_1_273' title='bbox 490 2508 516 2545; x_wconf 90' lang='lat'>8</span> <span class='ocrx_word' id='word_1_274' title='bbox 545 2507 881 2557; x_wconf 87' lang='lat' dir='ltr'>purificationem</span> <span class='ocrx_word' id='word_1_275' title='bbox 905 2508 948 2545; x_wconf 92' lang='lat' dir='ltr'><em>D</em></span> <span class='ocrx_word' id='word_1_276' title='bbox 1085 2522 1111 2557; x_wconf 93' lang='lat'><strong>9</strong></span> <span class='ocrx_word' id='word_1_277' title='bbox 1141 2509 1276 2547; x_wconf 88' lang='lat' dir='ltr'>solida</span> <span class='ocrx_word' id='word_1_278' title='bbox 1297 2509 1340 2547; x_wconf 92' lang='lat' dir='ltr'><em>D</em></span> <span class='ocrx_word' id='word_1_279' title='bbox 1462 2523 1557 2550; x_wconf 86' lang='lat' dir='ltr'>esse</span> <span class='ocrx_word' id='word_1_280' title='bbox 1585 2511 1641 2550; x_wconf 91' lang='lat' dir='ltr'>T:</span> <span class='ocrx_word' id='word_1_281' title='bbox 1673 2519 1817 2552; x_wconf 87' lang='lat' dir='ltr'>essent</span> <span class='ocrx_word' id='word_1_282' title='bbox 1839 2514 1881 2551; x_wconf 91' lang='lat' dir='ltr'><em>D</em></span> 
     </span>
     <span class='ocr_line' id='line_1_31' title="bbox 132 2561 1878 2617; baseline 0.003 -17"><span class='ocrx_word' id='word_1_283' title='bbox 132 2565 225 2600; x_wconf 83' lang='lat' dir='ltr'>ante</span> <span class='ocrx_word' id='word_1_284' title='bbox 245 2575 346 2602; x_wconf 86' lang='lat' dir='ltr'>corr.</span> <span class='ocrx_word' id='word_1_285' title='bbox 457 2561 624 2612; x_wconf 91' lang='lat' dir='ltr'>Isopum</span> <span class='ocrx_word' id='word_1_286' title='bbox 645 2561 751 2602; x_wconf 78' lang='lat' dir='ltr'>DT:</span> <span class='ocrx_word' id='word_1_287' title='bbox 786 2562 940 2613; x_wconf 87' lang='lat' dir='ltr'>Isopus</span> <span class='ocrx_word' id='word_1_288' title='bbox 961 2561 1005 2600; x_wconf 92' lang='lat' dir='ltr'><em>K</em></span> <span class='ocrx_word' id='word_1_289' title='bbox 1146 2576 1193 2602; x_wconf 93' lang='lat'>10</span> <span class='ocrx_word' id='word_1_290' title='bbox 1223 2563 1485 2613; x_wconf 87' lang='lat' dir='ltr'>pulminibus</span> <span class='ocrx_word' id='word_1_291' title='bbox 1504 2565 1548 2603; x_wconf 93' lang='lat' dir='ltr'><em>D</em></span> <span class='ocrx_word' id='word_1_292' title='bbox 1690 2579 1734 2605; x_wconf 88' lang='lat'>11</span> <span class='ocrx_word' id='word_1_293' title='bbox 1770 2568 1878 2617; x_wconf 87' lang='lat' dir='ltr'>isopi</span> 
     </span>
     <span class='ocr_line' id='line_1_32' title="bbox 132 2615 1875 2669; baseline 0.004 -15"><span class='ocrx_word' id='word_1_294' title='bbox 132 2615 241 2655; x_wconf 90' lang='lat' dir='ltr'>codd.</span> <span class='ocrx_word' id='word_1_295' title='bbox 266 2615 334 2666; x_wconf 80' lang='lat' dir='ltr'>(ex</span> <span class='ocrx_word' id='word_1_296' title='bbox 351 2616 445 2666; x_wconf 88' lang='lat' dir='ltr'>sopi</span> <span class='ocrx_word' id='word_1_297' title='bbox 469 2615 530 2667; x_wconf 89' lang='lat' dir='ltr'>D)</span> <span class='ocrx_word' id='word_1_298' title='bbox 743 2616 988 2655; x_wconf 84' lang='lat' dir='ltr'>fasciculum</span> <span class='ocrx_word' id='word_1_299' title='bbox 1008 2616 1052 2654; x_wconf 93' lang='lat' dir='ltr'><em>D</em></span> <span class='ocrx_word' id='word_1_300' title='bbox 1261 2620 1567 2669; x_wconf 89' lang='lat' dir='ltr'>aspergebatur</span> <span class='ocrx_word' id='word_1_301' title='bbox 1593 2620 1630 2658; x_wconf 94' lang='lat' dir='ltr'><em>T</em></span> <span class='ocrx_word' id='word_1_302' title='bbox 1817 2636 1875 2662; x_wconf 88' lang='lat' dir='ltr'>sa.</span> 
     </span>
     <span class='ocr_line' id='line_1_33' title="bbox 132 2670 1885 2723; baseline 0.003 -14"><span class='ocrx_word' id='word_1_303' title='bbox 132 2683 200 2720; x_wconf 90' lang='lat' dir='ltr'>ag.</span> <span class='ocrx_word' id='word_1_304' title='bbox 224 2670 268 2709; x_wconf 89' lang='lat' dir='ltr'><strong><em>K</em></strong></span> <span class='ocrx_word' id='word_1_305' title='bbox 499 2683 547 2708; x_wconf 90' lang='lat'>12</span> <span class='ocrx_word' id='word_1_306' title='bbox 576 2671 763 2720; x_wconf 91' lang='lat' dir='ltr'>pascitur</span> <span class='ocrx_word' id='word_1_307' title='bbox 790 2670 826 2708; x_wconf 92' lang='lat' dir='ltr'><em>T</em></span> <span class='ocrx_word' id='word_1_308' title='bbox 1003 2671 1143 2723; x_wconf 87' lang='lat' dir='ltr'>haer.]</span> <span class='ocrx_word' id='word_1_309' title='bbox 1165 2673 1308 2711; x_wconf 90' lang='lat' dir='ltr'>arenis</span> <span class='ocrx_word' id='word_1_310' title='bbox 1335 2673 1373 2711; x_wconf 93' lang='lat' dir='ltr'><em>T</em></span> <span class='ocrx_word' id='word_1_311' title='bbox 1533 2675 1817 2715; x_wconf 86' lang='lat' dir='ltr'>Reubarboro</span> <span class='ocrx_word' id='word_1_312' title='bbox 1847 2677 1885 2714; x_wconf 92' lang='lat' dir='ltr'><em>T</em></span> 
     </span>
     <span class='ocr_line' id='line_1_34' title="bbox 136 2725 1876 2778; baseline 0.004 -16"><span class='ocrx_word' id='word_1_313' title='bbox 136 2736 185 2774; x_wconf 85' lang='lat'>13</span> <span class='ocrx_word' id='word_1_314' title='bbox 216 2725 484 2775; x_wconf 88' lang='lat' dir='ltr'>ruponticum</span> <span class='ocrx_word' id='word_1_315' title='bbox 513 2725 550 2763; x_wconf 92' lang='lat' dir='ltr'><em>T</em></span> <span class='ocrx_word' id='word_1_316' title='bbox 703 2737 751 2774; x_wconf 91' lang='lat'>15</span> <span class='ocrx_word' id='word_1_317' title='bbox 780 2726 902 2775; x_wconf 89' lang='lat' dir='ltr'>quasi</span> <span class='ocrx_word' id='word_1_318' title='bbox 923 2739 982 2764; x_wconf 89' lang='lat' dir='ltr'>ra.</span> <span class='ocrx_word' id='word_1_319' title='bbox 1008 2726 1171 2778; x_wconf 81' lang='lat' dir='ltr'>(prius)</span> <span class='ocrx_word' id='word_1_320' title='bbox 1194 2741 1277 2767; x_wconf 86' lang='lat' dir='ltr'>om.</span> <span class='ocrx_word' id='word_1_321' title='bbox 1307 2727 1345 2764; x_wconf 93' lang='lat' dir='ltr'><em>T</em></span> <span class='ocrx_word' id='word_1_322' title='bbox 1478 2731 1526 2767; x_wconf 89' lang='lat'>16</span> <span class='ocrx_word' id='word_1_323' title='bbox 1558 2730 1787 2768; x_wconf 89' lang='lat' dir='ltr'>Iosciamos</span> <span class='ocrx_word' id='word_1_324' title='bbox 1814 2731 1876 2770; x_wconf 93' lang='lat' dir='ltr'><em>T:</em></span> 
     </span>
     <span class='ocr_line' id='line_1_35' title="bbox 135 2778 1884 2833; baseline 0.005 -17"><span class='ocrx_word' id='word_1_325' title='bbox 135 2779 400 2829; x_wconf 90' lang='lat' dir='ltr'>Iusquiamus</span> <span class='ocrx_word' id='word_1_326' title='bbox 419 2779 489 2818; x_wconf 89' lang='lat' dir='ltr'>K:</span> <span class='ocrx_word' id='word_1_327' title='bbox 522 2778 592 2818; x_wconf 88' lang='lat' dir='ltr'>Ios</span> <span class='ocrx_word' id='word_1_328' title='bbox 615 2779 805 2829; x_wconf 87' lang='lat' dir='ltr'>quiamos</span> <span class='ocrx_word' id='word_1_329' title='bbox 825 2780 868 2818; x_wconf 94' lang='lat' dir='ltr'><em>D</em></span> <span class='ocrx_word' id='word_1_330' title='bbox 1099 2794 1123 2819; x_wconf 91' lang='lat' dir='ltr'>a</span> <span class='ocrx_word' id='word_1_331' title='bbox 1145 2781 1240 2833; x_wconf 64' lang='lat' dir='ltr'>Gn]</span> <span class='ocrx_word' id='word_1_332' title='bbox 1264 2795 1393 2831; x_wconf 86' lang='lat' dir='ltr'>grece</span> <span class='ocrx_word' id='word_1_333' title='bbox 1413 2782 1459 2820; x_wconf 89' lang='lat' dir='ltr'><em>K</em></span> <span class='ocrx_word' id='word_1_334' title='bbox 1688 2798 1712 2823; x_wconf 90' lang='lat' dir='ltr'>a</span> <span class='ocrx_word' id='word_1_335' title='bbox 1732 2799 1817 2826; x_wconf 87' lang='lat' dir='ltr'>om.</span> <span class='ocrx_word' id='word_1_336' title='bbox 1847 2786 1884 2824; x_wconf 94' lang='lat' dir='ltr'>T</span> 
     </span>
     <span class='ocr_line' id='line_1_36' title="bbox 138 2833 1879 2885; baseline 0.005 -14"><span class='ocrx_word' id='word_1_337' title='bbox 138 2846 184 2882; x_wconf 85' lang='lat'>17</span> <span class='ocrx_word' id='word_1_338' title='bbox 216 2833 415 2873; x_wconf 90' lang='lat' dir='ltr'>caliculae</span> <span class='ocrx_word' id='word_1_339' title='bbox 436 2834 477 2871; x_wconf 92' lang='lat' dir='ltr'>in</span> <span class='ocrx_word' id='word_1_340' title='bbox 499 2834 524 2871; x_wconf 92' lang='lat' dir='ltr'>f.</span> <span class='ocrx_word' id='word_1_341' title='bbox 548 2834 593 2871; x_wconf 93' lang='lat' dir='ltr'><em>K</em></span> <span class='ocrx_word' id='word_1_342' title='bbox 701 2841 929 2874; x_wconf 88' lang='lat' dir='ltr'>nascuntur</span> <span class='ocrx_word' id='word_1_343' title='bbox 949 2834 994 2872; x_wconf 90' lang='lat' dir='ltr'><strong><em>K</em></strong></span> <span class='ocrx_word' id='word_1_344' title='bbox 1148 2847 1197 2885; x_wconf 92' lang='lat'>19</span> <span class='ocrx_word' id='word_1_345' title='bbox 1224 2836 1359 2876; x_wconf 88' lang='lat' dir='ltr'>simila</span> <span class='ocrx_word' id='word_1_346' title='bbox 1388 2837 1426 2875; x_wconf 93' lang='lat' dir='ltr'>T</span> <span class='ocrx_word' id='word_1_347' title='bbox 1579 2850 1627 2876; x_wconf 89' lang='lat'>21</span> <span class='ocrx_word' id='word_1_348' title='bbox 1661 2840 1812 2878; x_wconf 88' lang='lat' dir='ltr'>somnii</span> <span class='ocrx_word' id='word_1_349' title='bbox 1833 2841 1879 2879; x_wconf 90' lang='lat' dir='ltr'><em>K</em></span> 
     </span>
     <span class='ocr_line' id='line_1_37' title="bbox 132 2887 1876 2941; baseline 0.005 -16"><span class='ocrx_word' id='word_1_350' title='bbox 132 2888 345 2938; x_wconf 89' lang='lat' dir='ltr'>turpidam</span> <span class='ocrx_word' id='word_1_351' title='bbox 368 2888 438 2926; x_wconf 88' lang='lat' dir='ltr'>D:</span> <span class='ocrx_word' id='word_1_352' title='bbox 467 2888 676 2938; x_wconf 84' lang='lat' dir='ltr'>torpidam</span> <span class='ocrx_word' id='word_1_353' title='bbox 698 2889 743 2927; x_wconf 94' lang='lat' dir='ltr'><em>K</em></span> <span class='ocrx_word' id='word_1_354' title='bbox 751 2887 788 2926; x_wconf 93' lang='lat' dir='ltr'>T</span> <span class='ocrx_word' id='word_1_355' title='bbox 931 2903 983 2928; x_wconf 89' lang='lat'>22</span> <span class='ocrx_word' id='word_1_356' title='bbox 1014 2890 1167 2928; x_wconf 88' lang='lat' dir='ltr'>mentis</span> <span class='ocrx_word' id='word_1_357' title='bbox 1188 2904 1270 2930; x_wconf 87' lang='lat' dir='ltr'>om.</span> <span class='ocrx_word' id='word_1_358' title='bbox 1303 2890 1341 2929; x_wconf 96' lang='lat' dir='ltr'>T</span> <span class='ocrx_word' id='word_1_359' title='bbox 1479 2904 1531 2941; x_wconf 83' lang='lat'>23</span> <span class='ocrx_word' id='word_1_360' title='bbox 1559 2904 1704 2931; x_wconf 89' lang='lat' dir='ltr'>semen</span> <span class='ocrx_word' id='word_1_361' title='bbox 1718 2895 1810 2934; x_wconf 89' lang='lat' dir='ltr'>eius</span> <span class='ocrx_word' id='word_1_362' title='bbox 1829 2895 1876 2934; x_wconf 82' lang='lat' dir='ltr'>T:</span> 
     </span>
    </p>
   </div>
   <div class='ocr_carea' id='block_1_4' title="bbox 132 2943 1874 3048">
    <p class='ocr_par' dir='ltr' id='par_1_9' title="bbox 132 2943 1874 3048">
     <span class='ocr_line' id='line_1_38' title="bbox 132 2943 1874 2993; baseline 0.005 -13"><span class='ocrx_word' id='word_1_363' title='bbox 132 2943 296 2981; x_wconf 87' lang='lat' dir='ltr'>semine</span> <span class='ocrx_word' id='word_1_364' title='bbox 317 2955 395 2981; x_wconf 90' lang='lat' dir='ltr'>suo</span> <span class='ocrx_word' id='word_1_365' title='bbox 415 2943 461 2980; x_wconf 91' lang='lat' dir='ltr'><em>K</em></span> <span class='ocrx_word' id='word_1_366' title='bbox 569 2955 621 2991; x_wconf 87' lang='lat'>24</span> <span class='ocrx_word' id='word_1_367' title='bbox 651 2949 696 2982; x_wconf 89' lang='lat' dir='ltr'>ut</span> <span class='ocrx_word' id='word_1_368' title='bbox 715 2955 799 2983; x_wconf 86' lang='lat' dir='ltr'>om.</span> <span class='ocrx_word' id='word_1_369' title='bbox 828 2944 866 2983; x_wconf 92' lang='lat' dir='ltr'>T</span> <span class='ocrx_word' id='word_1_370' title='bbox 970 2955 1021 2993; x_wconf 90' lang='lat'>25</span> <span class='ocrx_word' id='word_1_371' title='bbox 1051 2945 1290 2984; x_wconf 87' lang='lat' dir='ltr'>aristolacie</span> <span class='ocrx_word' id='word_1_372' title='bbox 1310 2945 1366 2984; x_wconf 89' lang='lat' dir='ltr'>T:</span> <span class='ocrx_word' id='word_1_373' title='bbox 1395 2946 1675 2986; x_wconf 84' lang='lat' dir='ltr'>aristociaeK</span> <span class='ocrx_word' id='word_1_374' title='bbox 1692 2962 1702 2986; x_wconf 70' lang='grc' dir='ltr'><em>τ</em></span> <span class='ocrx_word' id='word_1_375' title='bbox 1729 2950 1874 2989; x_wconf 86' lang='lat' dir='ltr'>aristo-</span> 
     </span>
     <span class='ocr_line' id='line_1_39' title="bbox 132 2996 632 3048; baseline 0.002 -14"><span class='ocrx_word' id='word_1_376' title='bbox 132 2996 229 3036; x_wconf 85' lang='lat' dir='ltr'>latia</span> <span class='ocrx_word' id='word_1_377' title='bbox 248 2996 292 3035; x_wconf 92' lang='lat' dir='ltr'><em>D</em></span> <span class='ocrx_word' id='word_1_378' title='bbox 401 2996 500 3048; x_wconf 88' lang='lat' dir='ltr'>sub]</span> <span class='ocrx_word' id='word_1_379' title='bbox 523 2998 565 3035; x_wconf 91' lang='lat' dir='ltr'>in</span> <span class='ocrx_word' id='word_1_380' title='bbox 586 2996 632 3035; x_wconf 92' lang='lat' dir='ltr'><em>K</em></span> 
     </span>
    </p>
   </div>
  </div>
 </body>
</html>
