2176 3424
478 87 1111 136 ETYMOLOGIARVM
1154 88 1280 134 LIB.
1324 87 1413 133 XI.
1454 86 1466 133 i

88 220 263 284 γένειον
283 216 477 264 barbae.
540 214 675 262 Hinc
692 225 739 263 et
755 230 924 277 genae,
944 214 1080 276 quod
1097 213 1213 262 inde
1232 213 1470 276 incipiant
1490 214 1622 277 gigni
1641 216 1833 264 barbae.

93 299 258 346 Malae
284 306 397 346 sunt
423 296 697 344 eminentes
724 295 816 343 sub
842 295 998 342 oculis
1018 303 1179 356 partes
1204 296 1267 342 ad
1287 294 1647 357 protectionem
1665 311 1834 343 eorum
1858 314 1925 361 44

89 379 383 442 suppositae.
466 381 687 426 Vocatae
711 385 876 425 autern
915 378 1072 424 malae
1097 375 1198 424 sive
1223 376 1359 439 quod
1384 374 1510 423 infra
1532 378 1704 424 oculos
1730 393 1836 439 pro-

89 460 280 510 minent
327 461 377 507 in
426 457 794 517 rotunditatem,
841 473 990 519 quam
1040 457 1216 507 Graeci
1260 461 1392 520 μῆλα
1429 459 1694 520 appellant,
1735 457 1836 505 sive

41 561 63 599 5
90 543 226 604 quod
251 540 348 588 sint
373 557 518 603 supra
543 540 775 587 maxillas.
849 538 1081 586 Maxillae
1107 555 1194 601 per
1208 537 1592 587 diminutionem
1612 555 1641 586 a
1666 537 1807 586 malis
1825 557 1837 598 3
1859 553 1925 601 45

89 622 232 671 sicuti
249 622 455 685 paxillus
480 639 509 669 a
534 623 662 684 palo,
691 619 882 668 taxillus
909 636 938 667 a
963 621 1077 667 talo.
1152 618 1479 669 Mandibulae
1496 628 1610 668 sunt
1626 618 1839 667 maxilla-

89 721 197 751 rum
223 712 397 767 partes,
427 720 485 752 ex
517 718 618 764 quo
655 711 702 750 et
738 717 923 749 nornen
961 702 1165 748 factum.
1238 700 1450 749 Barbam
1484 710 1672 750 veteres
1698 717 1839 749 voca-

90 795 277 845 verunt,
324 786 459 848 quod
499 783 713 832 virorum
755 781 854 847 sitsi
870 798 972 830 non
1015 781 1292 831 mulierum.
1379 782 1589 830 Aurium
1624 782 1835 830 inditum
1860 782 1931 841 46

91 883 276 915 nornen
295 884 324 915 a
347 865 552 915 vocibus
577 858 839 924 auriendis,
859 864 992 912 unde
1018 873 1066 912 et
1091 863 1334 927 Vergilius
1359 862 1506 928 (Aen.
1528 882 1571 925 4,
1594 882 1620 926 3
1629 864 1747 929 59)]

11 965 66 992 «ιο
542 949 835 1009 Vocemque
872 945 948 993 his
984 945 1184 993 auribus
1221 944 1361 994 ausit.

91 1033 192 1078 Aut
226 1030 341 1092 quia
371 1044 546 1076 vocem
583 1027 739 1091 ipsam
778 1027 954 1077 Graeci
986 1028 1127 1090 αὐδὴν
1163 1036 1360 1087 vocant,
1395 1028 1459 1075 ab
1495 1027 1667 1076 auditu
1691 1047 1703 1088 ;
1754 1044 1840 1091 per

90 1110 469 1160 inmutationem
495 1109 627 1158 enim
652 1109 840 1157 litterae
865 1126 1006 1157 aures
1028 1108 1168 1171 quasi
1192 1110 1346 1157 audes
1367 1119 1681 1172 nuncupatae
1707 1119 1836 1159 sunt.

91 1196 202 1241 Vox
242 1193 373 1241 enim
413 1208 695 1256 repercussa
738 1207 823 1254 per
870 1192 1118 1238 anfractus
1158 1207 1325 1239 earum
1361 1207 1539 1239 sonum
1582 1191 1697 1239 facit
1739 1207 1839 1254 quo

91 1290 289 1323 sensum
334 1273 579 1336 excipiant
618 1271 869 1321 audiendi.
945 1272 1157 1320 Pinnula
1206 1289 1400 1341 summa
1447 1289 1556 1335 pars
1595 1273 1737 1333 auris,
1777 1274 1840 1321 ab

20 1374 65 1413 15
90 1355 318 1404 acumine
344 1354 487 1404 dicta.
565 1354 779 1402 Pinnum
817 1353 949 1402 enim
984 1353 1173 1416 antiqui
1202 1364 1404 1402 acutum
1432 1354 1678 1415 dicebant,
1707 1357 1840 1404 unde

92 1446 138 1486 et
166 1436 380 1499 bipinnis
419 1445 465 1484 et
505 1435 669 1499 pinna.
745 1437 900 1484 Nares
940 1434 1123 1483 idcirco
1160 1435 1479 1484 nominantur
1504 1436 1620 1499 quia
1649 1453 1735 1500 per
1759 1454 1841 1486 eas
1864 1448 1929 1497 47

92 1521 167 1568 vel
210 1520 333 1566 odor
381 1519 458 1566 vel
500 1518 696 1580 spiritus
735 1533 851 1565 nare
890 1533 991 1564 non
1031 1516 1226 1576 desinit,
1263 1516 1364 1566 sive
1403 1517 1519 1580 quia
1561 1534 1652 1566 nos
1689 1520 1843 1567 odore

93 1603 365 1649 admonent
391 1608 443 1647 ut
469 1598 689 1647 norimus
722 1597 911 1660 aliquid
948 1614 1005 1646 ac
1043 1599 1268 1646 sciamus.
1343 1601 1491 1647 Vnde
1529 1609 1576 1648 et
1613 1618 1640 1648 e
1673 1610 1844 1649 contra

92 1682 232 1730 inscii
258 1699 315 1730 ac
353 1682 499 1729 rudes
533 1680 684 1743 ignari
719 1679 962 1727 dicuntur.
1039 1679 1280 1728 Olfecisse
1311 1680 1440 1728 enim
1479 1681 1627 1730 scisse
1657 1690 1843 1730 veteres

12 1785 71 1813 πο
94 1764 337 1812 dicebant.
412 1761 674 1810 Terentius
699 1760 934 1825 (Adelph.
956 1760 1073 1825 397)
1095 1780 1103 1808 z

530 1846 604 1891 Ac
643 1859 744 1891 non
782 1842 898 1891 totis
937 1859 1020 1891 sex
1057 1842 1311 1891 mensibus

261 1925 393 1989 prius
431 1923 725 1983 olfecissem,
764 1941 913 1986 quam
951 1923 1030 1972 ille
1067 1924 1342 1987 quidquam
1379 1926 1608 1988 coeperit.

103 2010 308 2058 Narium
339 2017 472 2056 recta
504 2023 628 2069 pars,
656 2014 854 2068 propter
884 2007 1021 2068 quod
1054 2007 1322 2068 aequaliter
1356 2006 1416 2055 sit
1451 2007 1501 2054 in
1535 2008 1844 2072 longitudine
1870 2011 1936 2071 48

96 2101 143 2139 et
195 2088 496 2139 rotunditate
549 2096 786 2151 porrecta,
839 2087 1071 2136 columna
1122 2096 1353 2136 vocatur:
1416 2090 1693 2139 extremitas
1742 2091 1846 2139 eius

23 2190 70 2230 25
95 2174 265 2237 pirula,
293 2188 322 2219 a
354 2172 563 2219 formula
592 2171 726 2232 pomi
757 2169 876 2232 piri:
931 2186 1058 2231 quae
1092 2184 1207 2217 vero
1240 2170 1410 2218 dextra
1439 2173 1677 2234 laevaque
1716 2181 1843 2232 sunt,

95 2255 342 2318 pinnulae,
371 2253 434 2300 ab
463 2253 650 2299 alarum
681 2250 1030 2299 similitudine:
1070 2250 1290 2299 medium
1320 2261 1486 2300 autern
1524 2252 1839 2302 interfinium.

154 2398 171 2422 1
203 2383 383 2434 γένειον]
405 2394 540 2431 genos
561 2381 672 2421 codd.
855 2381 1080 2429 quodquod
1110 2379 1163 2420 T:
1196 2382 1293 2431 quia
1313 2381 1358 2419 K
1532 2383 1791 2432 indecipiant
1817 2383 1853 2420 T

96 2441 186 2480 bar.
210 2440 294 2489 gig.
321 2439 356 2477 C
519 2449 543 2474 2
575 2436 686 2474 Mala
707 2442 773 2475 est
796 2435 840 2473 K
947 2436 1025 2474 sub
1041 2447 1103 2474 oc.
1126 2436 1214 2474 eius
1235 2435 1276 2473 B
1441 2451 1466 2486 3
1496 2437 1628 2489 quod]
1651 2438 1748 2488 quia
1768 2437 1849 2475 BC

98 2508 123 2543 4
155 2506 278 2544 quam
308 2492 366 2531 T:
395 2505 503 2541 quae
524 2489 648 2529 BCK
808 2504 832 2540 5
867 2489 998 2540 quod]
1022 2489 1118 2540 quia
1138 2489 1219 2528 BC
1323 2497 1423 2530 sunt
1442 2491 1484 2528 Β
1592 2505 1719 2542 supra
1740 2492 1840 2530 KC:

98 2561 227 2600 super
251 2547 321 2586 ΤΒ
430 2549 457 2584 6
485 2558 595 2585 max.
613 2550 711 2584 sunt
736 2544 770 2583 C
877 2558 898 2593 7
932 2557 986 2582 ex
998 2557 1079 2594 qua
1095 2544 1207 2584 codd.
1280 2546 1458 2585 Varbam
1474 2546 1575 2586 Isz'd.
1639 2553 1792 2586 vocant
1813 2547 1848 2584 C

99 2604 124 2642 8
144 2603 278 2655 quod]
295 2601 394 2651 quia
411 2600 457 2638 K
537 2599 772 2652 indeditum
786 2599 855 2639 K:
878 2599 979 2637 inde
993 2599 1150 2637 dictum
1168 2599 1204 2637 C
1312 2614 1361 2639 10
1381 2601 1472 2639 ausi
1487 2600 1568 2639 BC
1653 2614 1698 2640 11
1723 2601 1839 2653 quia]

100 2659 212 2707 quod
234 2658 273 2697 Β
419 2655 558 2694 auden
575 2655 688 2693 liden
705 2653 814 2693 codd.
833 2654 974 2706 (etiam
996 2653 1082 2691 DF
1083 2653 1165 2692 UX
1167 2658 1180 2705 )
1327 2655 1380 2694 ob
1400 2656 1497 2694 aud.
1519 2654 1563 2692 D
1581 2670 1590 2694 :
1620 2656 1671 2694 ab
1694 2655 1838 2695 habitu

99 2711 145 2749 K
247 2725 294 2751 12
324 2710 438 2749 enim
459 2723 540 2748 om.
565 2707 653 2746 ΒΚ
669 2710 771 2759 (non
789 2707 852 2758 D)
969 2721 1018 2757 13
1049 2708 1161 2746 enim
1184 2722 1266 2749 om.
1298 2709 1336 2747 T
1411 2723 1555 2749 earum
1576 2724 1626 2748 ex
1644 2723 1786 2749 eorum
1812 2709 1846 2748 C

103 2778 150 2816 14
181 2766 396 2816 excipiunt
423 2765 458 2804 C
605 2775 653 2812 15
683 2762 879 2814 pinnum]
902 2775 1060 2812 penum
1090 2761 1244 2813 T(non
1264 2763 1329 2817 D)
1471 2766 1519 2803 16
1548 2764 1745 2814 bipennis
1766 2763 1845 2802 BC

105 2833 151 2870 17
183 2821 378 2872 spiritum
407 2819 444 2857 T
601 2823 747 2856 natare
770 2817 804 2856 C
819 2832 827 2856 :
867 2830 1037 2856 manare
1053 2816 1144 2856 DK
1151 2817 1187 2855 T
1331 2832 1417 2858 nou
1434 2819 1631 2858 desinent
1650 2818 1694 2856 D
1712 2833 1720 2858 ε
1754 2832 1840 2857 non

102 2875 245 2916 sinunt
266 2875 330 2915 B:
362 2874 555 2913 sinuntur
576 2872 622 2910 K
827 2872 924 2922 quia
945 2877 988 2911 et
1004 2885 1082 2910 nos
1107 2871 1166 2912 C:
1197 2873 1310 2922 quod
1332 2886 1411 2912 nos
1433 2873 1472 2911 Β
1490 2889 1498 2913 :
1528 2886 1636 2922 quae
1655 2886 1679 2911 a
1701 2885 1778 2912 nos
1799 2872 1841 2910 D

106 2930 156 2968 18
184 2929 372 2968 norimus
393 2928 478 2968 Blt
511 2927 682 2966 naribus
710 2925 765 2965 T:
794 2928 1018 2966 odoremus
1040 2926 1190 2964 B2DK
1313 2928 1382 2980 ac]
1407 2928 1474 2966 uel
1495 2927 1535 2965 Β
1679 2941 1702 2966 e
1724 2933 1836 2967 cont.

105 2982 151 3021 K
169 2998 177 3022 :
207 2990 251 3022 et
271 2989 383 3024 cont.
408 2981 502 3022 CT:
535 2987 578 3021 et
597 2982 702 3020 haec
724 2987 832 3021 cont.
857 2980 896 3020 B
1012 2994 1061 3031 19
1089 2987 1171 3020 vet.
1193 2981 1266 3022 sei.
1287 2982 1366 3021 CK
1475 2994 1530 3019 '21
1565 2995 1606 3021 n.
1629 2981 1743 3020 notis
1762 2987 1842 3021 sex

108 3037 167 3076 C:
198 3051 237 3077 n.
262 3039 372 3078 notis
394 3051 447 3076 ex
467 3036 618 3075 BDT:
650 3049 800 3074 nomen
823 3036 882 3075 uti
904 3049 982 3074 sex
1003 3035 1047 3073 K
1155 3039 1206 3074 26
1235 3051 1258 3075 a
1279 3036 1463 3075 fabarum
1484 3036 1576 3075 sim.
1597 3035 1756 3087 K(non
1776 3035 1838 3087 D)
