2228 3444
523 176 1156 225 ETYMOLOGIARVM
1197 178 1329 224 LIB.
1365 178 1430 224 II.
1473 176 1602 224 v-vii

184 299 418 364 scriptum
445 307 530 359 est,
560 298 816 347 invenitur.
892 298 1132 347 Definitio
1163 299 1330 363 legalis
1362 309 1448 360 est,
1477 317 1590 348 cum
1623 301 1692 349 vis
1719 303 1858 364 quasi
1884 303 1933 351 in

183 381 436 431 definitiva
451 380 818 440 constitutione,
841 379 891 427 in
911 397 1011 443 quo
1032 380 1192 443 posita
1212 380 1288 441 sit,
1309 383 1573 444 quaeritur.
1636 383 1799 431 Status
1820 401 1934 448 ergo
1959 401 2022 434 10

183 474 284 513 tarn
308 465 570 523 rationales
596 479 746 525 quam
772 464 951 526 legales
977 479 1006 511 a
1033 462 1332 525 quibusdam
1353 463 1531 512 certius
1557 465 1732 513 decem
1753 474 1801 512 et
1820 475 1934 514 octo

183 545 522 595 connumerati
539 554 666 593 sunt.
734 545 967 593 Ceterum
984 546 1260 593 secundum
1280 544 1575 593 Rhetoricos
1591 545 1742 593 Tullii
1759 547 1933 595 decem

137 648 159 687 5
183 637 230 677 et
268 644 447 676 novem
487 625 793 689 reperiuntur
831 634 1100 689 propterea,
1141 626 1256 688 quia
1292 626 1661 675 translationem
1702 626 1826 675 inter
1868 645 1935 675 ra-

182 711 389 759 tionales
415 707 745 772 principaliter
770 707 939 756 adfixit
965 716 1132 756 status.
1208 709 1336 757 Inde
1368 725 1419 756 se
1450 708 1555 771 ipse
1581 708 1730 756 etiam
1758 708 1934 758 Cicero

182 791 548 855 reprehendens
573 788 941 838 translationem
968 788 1206 852 legalibus
1233 789 1458 838 statubus
1484 789 1763 852 adplicavit.

297 876 379 921 DE
396 887 713 920 TRIPERTITA
729 885 1146 920 CONTROVERSIA.
1176 871 1439 934 Tripertita
1456 871 1787 920 controversia
1802 871 1935 920 iuxta
1957 876 2014 923 VI

182 942 475 1006 Ciceronem
491 964 576 1003 aut
592 953 798 1017 simplex
815 963 900 1013 est,
919 962 1003 1002 aut
1019 953 1199 1002 iuncta.
1272 955 1336 1001 Et
1353 953 1392 1001 si
1409 953 1576 1001 iuncta
1592 953 1692 1013 erit,
1712 954 1935 1002 conside-

111 1053 160 1080 10
183 1036 388 1084 randum
422 1044 494 1084 est
523 1046 685 1084 utrum
724 1052 782 1084 ex
811 1035 1031 1098 pluribus
1066 1035 1440 1098 quaestionibus
1475 1035 1641 1083 iuncta
1673 1035 1745 1095 sit,
1783 1052 1846 1083 an
1878 1052 1934 1084 ex

180 1116 344 1180 aliqua
363 1117 729 1181 conparatione.
805 1117 1153 1166 Controversia
1173 1117 1378 1180 simplex
1400 1126 1486 1177 est,
1509 1134 1635 1179 quae
1655 1117 1933 1165 absolutam

180 1199 400 1248 continet
416 1216 565 1248 unam
584 1199 924 1262 quaestionem
942 1200 1038 1246 hoc
1050 1200 1201 1247 modo
1222 1218 1229 1246 :
1263 1198 1532 1248 Corinthiis
1549 1199 1734 1246 bellum
1751 1198 1934 1247 indica-

180 1298 303 1339 mus,
338 1298 401 1329 an
438 1284 579 1329 non?
651 1283 829 1329 Iuncta
866 1290 939 1328 est
972 1298 1029 1328 ex
1062 1280 1283 1343 pluribus
1323 1280 1710 1343 quaestionibus,
1747 1283 1797 1328 in
1836 1297 1932 1343 qua
1957 1295 1986 1329 2

179 1365 317 1427 plura
365 1372 664 1426 quaeruntur
707 1365 803 1411 hoc
851 1372 997 1426 pacto
1019 1382 1026 1410 :
1080 1365 1257 1411 Vtrum
1305 1363 1553 1426 Carthago
1593 1362 1825 1422 diruatur,
1869 1379 1933 1410 an

110 1460 156 1500 15
181 1445 653 1508 Carthaginensibus
680 1446 927 1503 reddatur,
957 1462 1019 1492 an
1046 1461 1106 1492 eo
1140 1445 1337 1492 colonia
1366 1445 1679 1492 deducatur?
1719 1446 1792 1491 Ex
1818 1460 1933 1492 con-

179 1527 444 1590 paratione,
468 1537 631 1576 utrum
651 1526 829 1590 potius,
853 1536 937 1574 aut
958 1525 1079 1588 quid
1099 1525 1411 1588 potissimum
1433 1525 1695 1588 quaeritur,
1718 1527 1781 1573 ad
1798 1526 1931 1572 hunc

179 1611 415 1658 modum:
453 1611 629 1657 Vtrum
671 1607 910 1657 exercitus
951 1607 999 1655 in
1041 1606 1395 1655 Macedoniam
1435 1615 1606 1655 contra
1646 1606 1930 1670 Philippum

178 1690 410 1750 mittatur,
447 1691 531 1753 qui
569 1689 713 1738 sociis
747 1689 806 1737 sit
839 1690 1034 1748 auxilio,
1069 1705 1132 1737 an
1166 1698 1390 1737 teneatur
1420 1688 1470 1736 in
1506 1688 1661 1748 Italia,
1695 1697 1748 1736 ut
1782 1705 1930 1751 quam

180 1772 422 1821 maximae
447 1781 617 1821 contra
645 1771 984 1820 Hannibalem
1011 1770 1184 1834 copiae
1211 1770 1346 1818 sint?

107 1867 157 1895 20
319 1857 402 1903 DE
431 1869 709 1911 QVATTVOR
744 1868 992 1901 PARTrssvs
1024 1867 1322 1901 ORATIONIS.
1408 1854 1575 1901 Partes
1607 1852 1840 1900 orationis
1881 1854 1930 1900 in
1952 1864 2032 1902 VII

181 1936 448 1985 Rhetorica
463 1946 566 1985 arte
586 1945 819 1999 quattuor
838 1945 951 1983 sunt
972 1954 980 1983 :
1013 1934 1283 1994 exordium,
1307 1933 1531 1994 narratiO,
1554 1934 1928 1997 argumentatio,

179 2020 447 2067 conclusio.
522 2021 715 2066 Harum
742 2017 898 2080 prima
923 2015 1160 2065 auditoris
1186 2015 1408 2063 animum
1434 2024 1681 2078 provocat,
1711 2017 1930 2064 secunda

179 2116 253 2148 res
279 2110 438 2162 gestas
465 2099 686 2162 explicat,
709 2098 848 2147 tertia
868 2099 1019 2146 fidem
1040 2096 1403 2145 adsertionibus
1424 2095 1551 2155 facit,
1582 2105 1754 2158 quarta
1778 2098 1928 2145 finem

178 2181 328 2229 totius
368 2180 601 2229 orationis
640 2180 980 2243 conplectitur.
1043 2179 1405 2241 ‘Inchoandum
1447 2188 1519 2226 est
1551 2177 1717 2240 itaque
1754 2178 1925 2238 taliter,
1953 2196 1983 2231 2

106 2279 154 2319 25
179 2273 232 2311 ut
249 2261 550 2322 benivolum,
569 2261 797 2320 docilem,
821 2262 896 2308 vel
915 2262 1174 2309 adtentum
1194 2261 1472 2308 auditorem
1492 2259 1730 2307 faciamus
1751 2279 1758 2307 :
1794 2259 1929 2308 beni-
1967 2275 1972 2278 ·

178 2346 344 2392 volum
401 2345 664 2407 precando,
716 2342 929 2391 docilem
986 2342 1288 2400 instruendo,
1339 2342 1599 2390 adtentum
1648 2340 1925 2390 excitando.

180 2427 492 2475 Narrandum
523 2435 596 2474 est
629 2424 708 2483 ita,
741 2434 794 2472 ut
825 2423 1033 2472 breviter
1067 2433 1218 2486 atque
1249 2432 1417 2485 aperte
1450 2424 1711 2484 loquamur
1728 2441 1741 2483 3
1794 2439 1928 2485 argu-

178 2509 503 2557 mentandum
521 2515 593 2555 est
618 2505 697 2565 ita,
727 2514 780 2554 ut
806 2505 1018 2568 primum
1036 2514 1203 2553 nostra
1222 2506 1488 2563 firmemus,
1516 2502 1698 2552 dehinc
1723 2505 1925 2552 adversa

238 2652 254 2677 1
288 2637 437 2687 legalis
456 2642 522 2676 est
542 2636 655 2675 aliud
676 2648 841 2685 quoque
863 2636 975 2685 quod
998 2648 1081 2674 non
1102 2634 1307 2684 scriptum
1329 2638 1395 2672 est
1416 2646 1510 2672 cum
1531 2633 1593 2672 vis
1613 2633 1655 2671 Β
1748 2645 1842 2672 cum
1863 2634 1927 2672 vis

177 2692 319 2744 quasi]
343 2705 437 2732 cum
458 2692 553 2742 quis
574 2691 619 2729 K
727 2703 751 2728 2
780 2703 861 2740 qua
882 2689 1002 2728 BCT
1097 2702 1122 2738 3
1152 2689 1443 2727 connumerati
1464 2700 1577 2727 xvnl
1597 2694 1759 2727 certum
1775 2700 1859 2726 sec.
1883 2688 1930 2725 K

177 2753 204 2786 6
232 2747 507 2798 principalem
530 2746 611 2786 ads.
634 2750 789 2783 statum
811 2745 857 2782 K
991 2744 1203 2783 adflixitB
1344 2756 1364 2792 7
1396 2743 1623 2782 statutibus
1645 2744 1736 2793 (pro
1757 2748 1834 2780 -tu-
1855 2755 1924 2780 su-

170 2809 327 2853 prascr.
360 2803 412 2853 ti)
443 2800 560 2841 C1T:
601 2805 755 2839 statum
787 2799 976 2838 huiusK
1140 2811 1188 2847 13
1220 2798 1341 2836 quta
1361 2798 1402 2835 A
1575 2810 1622 2846 14
1651 2797 1840 2835 diruatur
1863 2796 1922 2835 C:

178 2857 384 2896 dirivatur
409 2856 540 2895 BKT
753 2865 801 2902 15
832 2867 885 2892 an
917 2867 967 2892 ea
997 2853 1076 2892 col.
1116 2853 1212 2893 ded.
1247 2852 1322 2890 C¹:
1364 2865 1418 2891 an
1450 2852 1492 2890 in
1520 2853 1599 2891 col.
1639 2851 1859 2890 diducatur
1880 2850 1926 2888 K

181 2914 231 2950 16
261 2919 340 2951 utr.
365 2911 507 2962 potius
527 2923 579 2948 an
598 2909 863 2960 potissimum
887 2922 957 2958 qu.
982 2907 1027 2945 K
1234 2907 1286 2945 ad
1317 2907 1429 2945 hunc
1452 2937 1462 2946 .
1485 2936 1495 2947 .
1522 2936 1531 2946 .
1556 2906 1744 2945 mittatur
1763 2918 1846 2945 om.
1872 2903 1922 2943 Cl

181 2968 230 3005 18
258 2966 386 3006 sociis
406 2964 480 3015 sit]
503 2964 712 3003 successit
733 2963 779 3001 K
871 2963 934 3014 ut]
955 2969 1026 3001 aut
1047 2961 1093 2999 K
1178 2973 1227 3010 19
1250 2974 1284 3002 c.
1307 2961 1408 3000 sinit
1428 2961 1488 2999 B:
1518 2961 1639 3010 copia
1657 2960 1711 2998 sit
1733 2958 1778 2996 K
1870 2971 1918 2997 21

178 3027 279 3060 sunt
298 3021 339 3060 id
356 3026 422 3059 est
441 3033 506 3059 ex.
536 3019 573 3057 T
723 3030 773 3066 23
805 3018 929 3056 fidem
951 3031 1032 3056 om.
1054 3016 1098 3054 K
1250 3017 1343 3054 finis
1358 3015 1404 3053 K
1558 3028 1606 3064 24
1637 3013 1864 3064 complectit
1894 3012 1930 3050 T

178 3086 230 3124 25
261 3074 495 3114 docebilem
516 3073 562 3111 K
637 3074 854 3112 adtentum
875 3086 957 3111 om.
983 3071 1029 3109 K
1121 3070 1312 3109 auditore
1335 3070 1380 3108 K
1457 3070 1552 3107 aud.
1576 3099 1585 3108 .
1611 3100 1617 3107 .
1641 3099 1649 3108 .
1673 3068 1921 3106 instruendo

179 3142 261 3168 om.
284 3129 333 3168 C1
480 3141 529 3178 27
561 3129 618 3167 ita
638 3128 751 3167 brev.
779 3127 816 3165 T
954 3126 1123 3177 aperte]
1146 3138 1169 3163 a
1192 3131 1309 3174 parte
1331 3123 1379 3162 C¹
