<?xml version="1.0" encoding="UTF-8"?>
<!DOCTYPE html PUBLIC "-//W3C//DTD XHTML 1.0 Transitional//EN"
    "http://www.w3.org/TR/xhtml1/DTD/xhtml1-transitional.dtd">
<html xmlns="http://www.w3.org/1999/xhtml" xml:lang="en" lang="en">
 <head>
  <title>
</title>
<meta http-equiv="Content-Type" content="text/html;charset=utf-8" />
  <meta name='ocr-system' content='tesseract 3.04.00' />
  <meta name='ocr-capabilities' content='ocr_page ocr_carea ocr_par ocr_line ocrx_word'/>
</head>
<body>
  <div class='ocr_page' id='page_1' title='image "./isidori01isiduoft/isidori01isiduoft_0101.png"; bbox 0 0 2228 3444; ppageno 0'>
   <div class='ocr_carea' id='block_1_1' title="bbox 439 187 1555 239">
    <p class='ocr_par' dir='ltr' id='par_1_1' title="bbox 439 187 1555 239">
     <span class='ocr_line' id='line_1_1' title="bbox 439 187 1555 239; baseline -0.003 -1"><span class='ocrx_word' id='word_1_1' title='bbox 439 189 1076 239; x_wconf 80' lang='lat' dir='ltr'><strong>ETYMOLOGIARVM</strong></span> <span class='ocrx_word' id='word_1_2' title='bbox 1116 189 1245 235; x_wconf 87' lang='lat' dir='ltr'>LIB.</span> <span class='ocrx_word' id='word_1_3' title='bbox 1301 190 1369 236; x_wconf 91' lang='lat' dir='ltr'>II.</span> <span class='ocrx_word' id='word_1_4' title='bbox 1410 187 1555 235; x_wconf 85' lang='lat' dir='ltr'>vii—ix</span> 
     </span>
    </p>
   </div>
   <div class='ocr_carea' id='block_1_2' title="bbox 49 309 1968 2495">
    <p class='ocr_par' dir='ltr' id='par_1_2' title="bbox 118 309 1929 624">
     <span class='ocr_line' id='line_1_2' title="bbox 119 309 1873 374; baseline -0.003 -10"><span class='ocrx_word' id='word_1_5' title='bbox 119 314 366 364; x_wconf 89' lang='lat' dir='ltr'>ductionis</span> <span class='ocrx_word' id='word_1_6' title='bbox 392 313 614 362; x_wconf 90' lang='lat' dir='ltr'>membra</span> <span class='ocrx_word' id='word_1_7' title='bbox 642 322 755 360; x_wconf 88' lang='lat' dir='ltr'>sunt</span> <span class='ocrx_word' id='word_1_8' title='bbox 782 311 872 360; x_wconf 86' lang='lat' dir='ltr'>tria</span> <span class='ocrx_word' id='word_1_9' title='bbox 896 330 904 359; x_wconf 72' lang='grc' dir='ltr'>ε</span> <span class='ocrx_word' id='word_1_10' title='bbox 936 311 1094 374; x_wconf 87' lang='lat' dir='ltr'>prima</span> <span class='ocrx_word' id='word_1_11' title='bbox 1124 311 1409 374; x_wconf 86' lang='lat' dir='ltr'>propositio,</span> <span class='ocrx_word' id='word_1_12' title='bbox 1440 312 1658 360; x_wconf 92' lang='lat' dir='ltr'>secunda</span> <span class='ocrx_word' id='word_1_13' title='bbox 1689 309 1873 367; x_wconf 88' lang='lat' dir='ltr'>inlatio,</span> 
     </span>
     <span class='ocr_line' id='line_1_3' title="bbox 118 393 1929 461; baseline -0.003 -15"><span class='ocrx_word' id='word_1_14' title='bbox 118 414 246 461; x_wconf 88' lang='lat' dir='ltr'>quae</span> <span class='ocrx_word' id='word_1_15' title='bbox 265 406 312 446; x_wconf 93' lang='lat' dir='ltr'>et</span> <span class='ocrx_word' id='word_1_16' title='bbox 337 396 620 459; x_wconf 82' lang='lat' dir='ltr'>adsumptio</span> <span class='ocrx_word' id='word_1_17' title='bbox 646 394 838 455; x_wconf 89' lang='lat' dir='ltr'>dicitur,</span> <span class='ocrx_word' id='word_1_18' title='bbox 866 395 1007 443; x_wconf 89' lang='lat' dir='ltr'>tertia</span> <span class='ocrx_word' id='word_1_19' title='bbox 1032 393 1300 443; x_wconf 86' lang='lat' dir='ltr'>conclusio.</span> <span class='ocrx_word' id='word_1_20' title='bbox 1377 393 1609 442; x_wconf 91' lang='lat' dir='ltr'>Inductio</span> <span class='ocrx_word' id='word_1_21' title='bbox 1634 401 1721 453; x_wconf 91' lang='lat' dir='ltr'>est,</span> <span class='ocrx_word' id='word_1_22' title='bbox 1749 409 1875 455; x_wconf 86' lang='lat' dir='ltr'>quae</span> <span class='ocrx_word' id='word_1_23' title='bbox 1898 406 1929 456; x_wconf 91' lang='lat'>5</span> 
     </span>
     <span class='ocr_line' id='line_1_4' title="bbox 119 475 1876 541; baseline -0.002 -13"><span class='ocrx_word' id='word_1_24' title='bbox 119 480 264 528; x_wconf 92' lang='lat' dir='ltr'>rebus</span> <span class='ocrx_word' id='word_1_25' title='bbox 283 495 385 528; x_wconf 90' lang='lat' dir='ltr'>non</span> <span class='ocrx_word' id='word_1_26' title='bbox 405 477 569 527; x_wconf 91' lang='lat' dir='ltr'>dubiis</span> <span class='ocrx_word' id='word_1_27' title='bbox 589 485 754 541; x_wconf 91' lang='lat' dir='ltr'>captat</span> <span class='ocrx_word' id='word_1_28' title='bbox 773 476 1122 526; x_wconf 82' lang='lat' dir='ltr'>adsensionem</span> <span class='ocrx_word' id='word_1_29' title='bbox 1143 478 1261 536; x_wconf 93' lang='lat' dir='ltr'>eius,</span> <span class='ocrx_word' id='word_1_30' title='bbox 1284 493 1398 525; x_wconf 91' lang='lat' dir='ltr'>cum</span> <span class='ocrx_word' id='word_1_31' title='bbox 1419 475 1641 525; x_wconf 88' lang='lat' dir='ltr'>instituta</span> <span class='ocrx_word' id='word_1_32' title='bbox 1665 483 1753 534; x_wconf 87' lang='lat' dir='ltr'>est,</span> <span class='ocrx_word' id='word_1_33' title='bbox 1776 476 1876 525; x_wconf 91' lang='lat' dir='ltr'>sive</span> 
     </span>
     <span class='ocr_line' id='line_1_5' title="bbox 118 558 1874 624; baseline -0.002 -15"><span class='ocrx_word' id='word_1_34' title='bbox 118 562 243 610; x_wconf 91' lang='lat' dir='ltr'>inter</span> <span class='ocrx_word' id='word_1_35' title='bbox 275 562 614 624; x_wconf 89' lang='lat' dir='ltr'>philosophos,</span> <span class='ocrx_word' id='word_1_36' title='bbox 649 561 751 608; x_wconf 92' lang='lat' dir='ltr'>sive</span> <span class='ocrx_word' id='word_1_37' title='bbox 781 558 906 607; x_wconf 92' lang='lat' dir='ltr'>inter</span> <span class='ocrx_word' id='word_1_38' title='bbox 931 560 1164 617; x_wconf 82' lang='lat' dir='ltr'>rhetores,</span> <span class='ocrx_word' id='word_1_39' title='bbox 1194 560 1295 607; x_wconf 91' lang='lat' dir='ltr'>sive</span> <span class='ocrx_word' id='word_1_40' title='bbox 1323 559 1448 607; x_wconf 92' lang='lat' dir='ltr'>inter</span> <span class='ocrx_word' id='word_1_41' title='bbox 1473 558 1874 606; x_wconf 82' lang='lat' dir='ltr'>sermocinantes.</span> 
     </span>
    </p>

    <p class='ocr_par' dir='ltr' id='par_1_3' title="bbox 73 638 1931 1032">
     <span class='ocr_line' id='line_1_6' title="bbox 73 638 1874 706; baseline -0.003 -14"><span class='ocrx_word' id='word_1_42' title='bbox 73 664 94 704; x_wconf 84' lang='lat'>5</span> <span class='ocrx_word' id='word_1_43' title='bbox 121 645 398 706; x_wconf 90' lang='lat' dir='ltr'>Propositio</span> <span class='ocrx_word' id='word_1_44' title='bbox 423 641 724 691; x_wconf 86' lang='lat' dir='ltr'>inductionis</span> <span class='ocrx_word' id='word_1_45' title='bbox 752 651 838 700; x_wconf 92' lang='lat' dir='ltr'>est,</span> <span class='ocrx_word' id='word_1_46' title='bbox 867 657 995 703; x_wconf 88' lang='lat' dir='ltr'>quae</span> <span class='ocrx_word' id='word_1_47' title='bbox 1033 640 1380 689; x_wconf 89' lang='lat' dir='ltr'>similitudines</span> <span class='ocrx_word' id='word_1_48' title='bbox 1419 641 1773 689; x_wconf 92' lang='lat' dir='ltr'>concedendae</span> <span class='ocrx_word' id='word_1_49' title='bbox 1806 638 1874 688; x_wconf 92' lang='lat' dir='ltr'>rei</span> 
     </span>
     <span class='ocr_line' id='line_1_7' title="bbox 119 721 1931 786; baseline -0.001 -12"><span class='ocrx_word' id='word_1_50' title='bbox 119 724 397 774; x_wconf 91' lang='lat' dir='ltr'>necessario</span> <span class='ocrx_word' id='word_1_51' title='bbox 427 724 572 772; x_wconf 91' lang='lat' dir='ltr'>unius</span> <span class='ocrx_word' id='word_1_52' title='bbox 602 723 794 772; x_wconf 90' lang='lat' dir='ltr'>inducit</span> <span class='ocrx_word' id='word_1_53' title='bbox 822 732 906 771; x_wconf 91' lang='lat' dir='ltr'>aut</span> <span class='ocrx_word' id='word_1_54' title='bbox 935 722 1163 786; x_wconf 91' lang='lat' dir='ltr'>plurium.</span> <span class='ocrx_word' id='word_1_55' title='bbox 1241 724 1423 770; x_wconf 92' lang='lat' dir='ltr'>Inlatio</span> <span class='ocrx_word' id='word_1_56' title='bbox 1451 721 1754 771; x_wconf 90' lang='lat' dir='ltr'>inductionis</span> <span class='ocrx_word' id='word_1_57' title='bbox 1785 730 1871 783; x_wconf 90' lang='lat' dir='ltr'>est,</span> <span class='ocrx_word' id='word_1_58' title='bbox 1896 726 1931 772; x_wconf 91' lang='lat'>6</span> 
     </span>
     <span class='ocr_line' id='line_1_8' title="bbox 119 803 1875 870; baseline -0.003 -15"><span class='ocrx_word' id='word_1_59' title='bbox 119 823 246 870; x_wconf 88' lang='lat' dir='ltr'>quae</span> <span class='ocrx_word' id='word_1_60' title='bbox 263 817 311 855; x_wconf 91' lang='lat' dir='ltr'>et</span> <span class='ocrx_word' id='word_1_61' title='bbox 327 805 611 868; x_wconf 89' lang='lat' dir='ltr'>adsumptio</span> <span class='ocrx_word' id='word_1_62' title='bbox 628 805 819 864; x_wconf 92' lang='lat' dir='ltr'>dicitur,</span> <span class='ocrx_word' id='word_1_63' title='bbox 840 821 967 867; x_wconf 83' lang='lat' dir='ltr'>quae</span> <span class='ocrx_word' id='word_1_64' title='bbox 986 821 1103 864; x_wconf 91' lang='lat' dir='ltr'>rem,</span> <span class='ocrx_word' id='word_1_65' title='bbox 1124 805 1186 853; x_wconf 92' lang='lat' dir='ltr'>de</span> <span class='ocrx_word' id='word_1_66' title='bbox 1206 821 1303 867; x_wconf 87' lang='lat' dir='ltr'>qua</span> <span class='ocrx_word' id='word_1_67' title='bbox 1323 803 1652 862; x_wconf 88' lang='lat' dir='ltr'>contenditur,</span> <span class='ocrx_word' id='word_1_68' title='bbox 1673 812 1720 852; x_wconf 93' lang='lat' dir='ltr'>et</span> <span class='ocrx_word' id='word_1_69' title='bbox 1737 804 1875 851; x_wconf 91' lang='lat' dir='ltr'>cuius</span> 
     </span>
     <span class='ocr_line' id='line_1_9' title="bbox 121 884 1877 947; baseline -0.003 -10"><span class='ocrx_word' id='word_1_70' title='bbox 121 906 268 937; x_wconf 91' lang='lat' dir='ltr'>causa</span> <span class='ocrx_word' id='word_1_71' title='bbox 304 888 650 937; x_wconf 90' lang='lat' dir='ltr'>similitudines</span> <span class='ocrx_word' id='word_1_72' title='bbox 681 887 878 936; x_wconf 89' lang='lat' dir='ltr'>habitae</span> <span class='ocrx_word' id='word_1_73' title='bbox 909 896 1037 947; x_wconf 91' lang='lat' dir='ltr'>sunt,</span> <span class='ocrx_word' id='word_1_74' title='bbox 1077 886 1360 935; x_wconf 88' lang='lat' dir='ltr'>introducit.</span> <span class='ocrx_word' id='word_1_75' title='bbox 1436 885 1707 936; x_wconf 88' lang='lat' dir='ltr'>Conclusio</span> <span class='ocrx_word' id='word_1_76' title='bbox 1738 884 1877 933; x_wconf 91' lang='lat' dir='ltr'>indu-</span> 
     </span>
     <span class='ocr_line' id='line_1_10' title="bbox 120 967 1876 1032; baseline -0.002 -13"><span class='ocrx_word' id='word_1_77' title='bbox 120 970 297 1019; x_wconf 91' lang='lat' dir='ltr'>ctionis</span> <span class='ocrx_word' id='word_1_78' title='bbox 324 979 408 1030; x_wconf 93' lang='lat' dir='ltr'>est,</span> <span class='ocrx_word' id='word_1_79' title='bbox 438 986 565 1032; x_wconf 88' lang='lat' dir='ltr'>quae</span> <span class='ocrx_word' id='word_1_80' title='bbox 584 978 668 1018; x_wconf 90' lang='lat' dir='ltr'>aut</span> <span class='ocrx_word' id='word_1_81' title='bbox 685 970 1061 1018; x_wconf 89' lang='lat' dir='ltr'>concessionem</span> <span class='ocrx_word' id='word_1_82' title='bbox 1079 968 1327 1017; x_wconf 90' lang='lat' dir='ltr'>inlationis</span> <span class='ocrx_word' id='word_1_83' title='bbox 1345 970 1618 1028; x_wconf 90' lang='lat' dir='ltr'>confirmat,</span> <span class='ocrx_word' id='word_1_84' title='bbox 1646 977 1730 1016; x_wconf 92' lang='lat' dir='ltr'>aut</span> <span class='ocrx_word' id='word_1_85' title='bbox 1756 967 1876 1030; x_wconf 86' lang='lat' dir='ltr'>quid</span> 
     </span>
    </p>

    <p class='ocr_par' dir='ltr' id='par_1_4' title="bbox 49 1049 1930 1431">
     <span class='ocr_line' id='line_1_11' title="bbox 49 1049 1879 1113; baseline -0.001 -12"><span class='ocrx_word' id='word_1_86' title='bbox 49 1072 99 1101; x_wconf 90' lang='lat'>10</span> <span class='ocrx_word' id='word_1_87' title='bbox 122 1071 180 1103; x_wconf 86' lang='lat' dir='ltr'>ex</span> <span class='ocrx_word' id='word_1_88' title='bbox 214 1070 272 1102; x_wconf 91' lang='lat' dir='ltr'>ea</span> <span class='ocrx_word' id='word_1_89' title='bbox 300 1051 589 1101; x_wconf 89' lang='lat' dir='ltr'>conficiatur</span> <span class='ocrx_word' id='word_1_90' title='bbox 622 1053 851 1101; x_wconf 88' lang='lat' dir='ltr'>declarat.</span> <span class='ocrx_word' id='word_1_91' title='bbox 924 1052 1257 1100; x_wconf 87' lang='lat' dir='ltr'>Ratiocinatio</span> <span class='ocrx_word' id='word_1_92' title='bbox 1283 1061 1357 1100; x_wconf 94' lang='lat' dir='ltr'>est</span> <span class='ocrx_word' id='word_1_93' title='bbox 1383 1052 1552 1110; x_wconf 91' lang='lat' dir='ltr'>oratio,</span> <span class='ocrx_word' id='word_1_94' title='bbox 1582 1067 1680 1113; x_wconf 87' lang='lat' dir='ltr'>qua</span> <span class='ocrx_word' id='word_1_95' title='bbox 1716 1049 1781 1110; x_wconf 91' lang='lat' dir='ltr'>id,</span> <span class='ocrx_word' id='word_1_96' title='bbox 1816 1052 1879 1099; x_wconf 92' lang='lat' dir='ltr'>de</span> 
     </span>
     <span class='ocr_line' id='line_1_12' title="bbox 121 1129 1929 1196; baseline -0.002 -15"><span class='ocrx_word' id='word_1_97' title='bbox 121 1149 221 1196; x_wconf 88' lang='lat' dir='ltr'>quo</span> <span class='ocrx_word' id='word_1_98' title='bbox 247 1140 319 1180; x_wconf 85' lang='lat' dir='ltr'>est</span> <span class='ocrx_word' id='word_1_99' title='bbox 345 1130 581 1194; x_wconf 86' lang='lat' dir='ltr'>quaestio,</span> <span class='ocrx_word' id='word_1_100' title='bbox 607 1130 950 1194; x_wconf 88' lang='lat' dir='ltr'>conprobatur.</span> <span class='ocrx_word' id='word_1_101' title='bbox 1026 1129 1437 1178; x_wconf 89' lang='lat' dir='ltr'>Ratiocinationis</span> <span class='ocrx_word' id='word_1_102' title='bbox 1459 1129 1595 1178; x_wconf 90' lang='lat' dir='ltr'>modi</span> <span class='ocrx_word' id='word_1_103' title='bbox 1622 1138 1735 1177; x_wconf 91' lang='lat' dir='ltr'>sunt</span> <span class='ocrx_word' id='word_1_104' title='bbox 1761 1130 1875 1178; x_wconf 91' lang='lat' dir='ltr'>duo.</span> <span class='ocrx_word' id='word_1_105' title='bbox 1900 1137 1929 1186; x_wconf 93' lang='lat'>7</span> 
     </span>
     <span class='ocr_line' id='line_1_13' title="bbox 122 1207 1879 1272; baseline -0.002 -13"><span class='ocrx_word' id='word_1_106' title='bbox 122 1210 314 1259; x_wconf 88' lang='lat' dir='ltr'>Primus</span> <span class='ocrx_word' id='word_1_107' title='bbox 340 1211 670 1272; x_wconf 90' lang='lat' dir='ltr'>enthymema,</span> <span class='ocrx_word' id='word_1_108' title='bbox 699 1210 783 1272; x_wconf 85' lang='lat' dir='ltr'>qui</span> <span class='ocrx_word' id='word_1_109' title='bbox 816 1217 888 1258; x_wconf 90' lang='lat' dir='ltr'>est</span> <span class='ocrx_word' id='word_1_110' title='bbox 920 1209 1218 1272; x_wconf 84' lang='lat' dir='ltr'>inperfectus</span> <span class='ocrx_word' id='word_1_111' title='bbox 1250 1207 1561 1272; x_wconf 85' lang='lat' dir='ltr'>syllogismus</span> <span class='ocrx_word' id='word_1_112' title='bbox 1591 1216 1742 1270; x_wconf 86' lang='lat' dir='ltr'>atque</span> <span class='ocrx_word' id='word_1_113' title='bbox 1771 1209 1879 1256; x_wconf 94' lang='lat' dir='ltr'>rhe-</span> 
     </span>
     <span class='ocr_line' id='line_1_14' title="bbox 121 1285 1878 1350; baseline -0.002 -12"><span class='ocrx_word' id='word_1_114' title='bbox 121 1289 315 1338; x_wconf 88' lang='lat' dir='ltr'>toricus.</span> <span class='ocrx_word' id='word_1_115' title='bbox 406 1287 664 1336; x_wconf 89' lang='lat' dir='ltr'>Secundus</span> <span class='ocrx_word' id='word_1_116' title='bbox 703 1287 1015 1350; x_wconf 87' lang='lat' dir='ltr'>epichirema,</span> <span class='ocrx_word' id='word_1_117' title='bbox 1057 1286 1141 1350; x_wconf 83' lang='lat' dir='ltr'>qui</span> <span class='ocrx_word' id='word_1_118' title='bbox 1179 1296 1252 1335; x_wconf 92' lang='lat' dir='ltr'>est</span> <span class='ocrx_word' id='word_1_119' title='bbox 1290 1286 1614 1335; x_wconf 89' lang='lat' dir='ltr'>inrhetoricus</span> <span class='ocrx_word' id='word_1_120' title='bbox 1652 1296 1699 1334; x_wconf 93' lang='lat' dir='ltr'>et</span> <span class='ocrx_word' id='word_1_121' title='bbox 1737 1285 1878 1334; x_wconf 88' lang='lat' dir='ltr'>latior</span> 
     </span>
     <span class='ocr_line' id='line_1_15' title="bbox 122 1364 1930 1431; baseline -0.001 -16"><span class='ocrx_word' id='word_1_122' title='bbox 122 1367 444 1431; x_wconf 85' lang='lat' dir='ltr'>syllogismus.</span> <span class='ocrx_word' id='word_1_123' title='bbox 537 1368 871 1429; x_wconf 86' lang='lat' dir='ltr'>Enthymema</span> <span class='ocrx_word' id='word_1_124' title='bbox 912 1365 1056 1429; x_wconf 89' lang='lat' dir='ltr'>igitur</span> <span class='ocrx_word' id='word_1_125' title='bbox 1098 1365 1272 1414; x_wconf 90' lang='lat' dir='ltr'>Latine</span> <span class='ocrx_word' id='word_1_126' title='bbox 1315 1365 1659 1428; x_wconf 87' lang='lat' dir='ltr'>interpretatur</span> <span class='ocrx_word' id='word_1_127' title='bbox 1698 1364 1876 1413; x_wconf 91' lang='lat' dir='ltr'>mentis</span> <span class='ocrx_word' id='word_1_128' title='bbox 1901 1367 1930 1413; x_wconf 93' lang='lat'>8</span> 
     </span>
    </p>

    <p class='ocr_par' dir='ltr' id='par_1_5' title="bbox 53 1446 1880 1840">
     <span class='ocr_line' id='line_1_16' title="bbox 53 1446 1877 1513; baseline -0.003 -14"><span class='ocrx_word' id='word_1_129' title='bbox 53 1473 95 1512; x_wconf 77' lang='lat'>¹5</span> <span class='ocrx_word' id='word_1_130' title='bbox 121 1449 396 1513; x_wconf 90' lang='lat' dir='ltr'>conceptio,</span> <span class='ocrx_word' id='word_1_131' title='bbox 449 1466 597 1511; x_wconf 86' lang='lat' dir='ltr'>quem</span> <span class='ocrx_word' id='word_1_132' title='bbox 647 1449 972 1512; x_wconf 90' lang='lat' dir='ltr'>inperfectum</span> <span class='ocrx_word' id='word_1_133' title='bbox 1024 1447 1361 1511; x_wconf 86' lang='lat' dir='ltr'>syllogismum</span> <span class='ocrx_word' id='word_1_134' title='bbox 1412 1449 1572 1495; x_wconf 90' lang='lat' dir='ltr'>solent</span> <span class='ocrx_word' id='word_1_135' title='bbox 1613 1446 1877 1510; x_wconf 90' lang='lat' dir='ltr'>artigraphi</span> 
     </span>
     <span class='ocr_line' id='line_1_17' title="bbox 121 1527 1880 1594; baseline -0.001 -15"><span class='ocrx_word' id='word_1_136' title='bbox 121 1547 420 1594; x_wconf 90' lang='lat' dir='ltr'>nuncupare.</span> <span class='ocrx_word' id='word_1_137' title='bbox 509 1532 639 1579; x_wconf 90' lang='lat' dir='ltr'>Nam</span> <span class='ocrx_word' id='word_1_138' title='bbox 682 1532 730 1578; x_wconf 92' lang='lat' dir='ltr'>in</span> <span class='ocrx_word' id='word_1_139' title='bbox 770 1530 964 1579; x_wconf 89' lang='lat' dir='ltr'>duabus</span> <span class='ocrx_word' id='word_1_140' title='bbox 1007 1529 1226 1592; x_wconf 90' lang='lat' dir='ltr'>partibus</span> <span class='ocrx_word' id='word_1_141' title='bbox 1266 1529 1371 1578; x_wconf 92' lang='lat' dir='ltr'>eius</span> <span class='ocrx_word' id='word_1_142' title='bbox 1410 1527 1685 1592; x_wconf 90' lang='lat' dir='ltr'>argumenti</span> <span class='ocrx_word' id='word_1_143' title='bbox 1724 1529 1880 1577; x_wconf 87' lang='lat' dir='ltr'>forma</span> 
     </span>
     <span class='ocr_line' id='line_1_18' title="bbox 122 1611 1876 1675; baseline -0.002 -14"><span class='ocrx_word' id='word_1_144' title='bbox 122 1612 360 1673; x_wconf 89' lang='lat' dir='ltr'>consistit,</span> <span class='ocrx_word' id='word_1_145' title='bbox 388 1614 591 1675; x_wconf 90' lang='lat' dir='ltr'>quando</span> <span class='ocrx_word' id='word_1_146' title='bbox 617 1611 681 1671; x_wconf 91' lang='lat' dir='ltr'>id,</span> <span class='ocrx_word' id='word_1_147' title='bbox 711 1614 846 1675; x_wconf 88' lang='lat' dir='ltr'>quod</span> <span class='ocrx_word' id='word_1_148' title='bbox 873 1614 937 1661; x_wconf 91' lang='lat' dir='ltr'>ad</span> <span class='ocrx_word' id='word_1_149' title='bbox 972 1613 1123 1661; x_wconf 89' lang='lat' dir='ltr'>fidem</span> <span class='ocrx_word' id='word_1_150' title='bbox 1149 1611 1360 1674; x_wconf 90' lang='lat' dir='ltr'>pertinet</span> <span class='ocrx_word' id='word_1_151' title='bbox 1391 1611 1684 1671; x_wconf 88' lang='lat' dir='ltr'>faciendam,</span> <span class='ocrx_word' id='word_1_152' title='bbox 1713 1612 1876 1670; x_wconf 91' lang='lat' dir='ltr'>utitur,</span> 
     </span>
     <span class='ocr_line' id='line_1_19' title="bbox 122 1691 1880 1759; baseline -0.002 -15"><span class='ocrx_word' id='word_1_153' title='bbox 122 1695 513 1759; x_wconf 86' lang='lat' dir='ltr'>syllogismorum</span> <span class='ocrx_word' id='word_1_154' title='bbox 531 1696 637 1758; x_wconf 91' lang='lat' dir='ltr'>lege</span> <span class='ocrx_word' id='word_1_155' title='bbox 654 1693 924 1757; x_wconf 89' lang='lat' dir='ltr'>praeterita,</span> <span class='ocrx_word' id='word_1_156' title='bbox 945 1704 998 1743; x_wconf 93' lang='lat' dir='ltr'>ut</span> <span class='ocrx_word' id='word_1_157' title='bbox 1015 1703 1088 1743; x_wconf 89' lang='lat' dir='ltr'>est</span> <span class='ocrx_word' id='word_1_158' title='bbox 1104 1695 1225 1742; x_wconf 91' lang='lat' dir='ltr'>illud</span> <span class='ocrx_word' id='word_1_159' title='bbox 1245 1713 1253 1742; x_wconf 67' lang='grc' dir='ltr'><strong>ι</strong></span> <span class='ocrx_word' id='word_1_160' title='bbox 1295 1697 1305 1718; x_wconf 94' lang='lat'>‘</span> <span class='ocrx_word' id='word_1_161' title='bbox 1327 1692 1376 1742; x_wconf 90' lang='lat' dir='ltr'>Si</span> <span class='ocrx_word' id='word_1_162' title='bbox 1396 1701 1663 1755; x_wconf 87' lang='lat' dir='ltr'>tempestas</span> <span class='ocrx_word' id='word_1_163' title='bbox 1679 1691 1880 1741; x_wconf 89' lang='lat' dir='ltr'>vitanda</span> 
     </span>
     <span class='ocr_line' id='line_1_20' title="bbox 125 1774 1879 1840; baseline -0.002 -14"><span class='ocrx_word' id='word_1_164' title='bbox 125 1787 211 1836; x_wconf 90' lang='lat' dir='ltr'>est,</span> <span class='ocrx_word' id='word_1_165' title='bbox 242 1794 341 1825; x_wconf 91' lang='lat' dir='ltr'>non</span> <span class='ocrx_word' id='word_1_166' title='bbox 370 1786 442 1826; x_wconf 92' lang='lat' dir='ltr'>est</span> <span class='ocrx_word' id='word_1_167' title='bbox 468 1776 612 1840; x_wconf 88' lang='lat' dir='ltr'>igitur</span> <span class='ocrx_word' id='word_1_168' title='bbox 637 1776 1002 1839; x_wconf 88' lang='lat' dir='ltr'>navigandum.⁷</span> <span class='ocrx_word' id='word_1_169' title='bbox 1077 1778 1150 1824; x_wconf 85' lang='lat' dir='ltr'>Ex</span> <span class='ocrx_word' id='word_1_170' title='bbox 1178 1777 1282 1824; x_wconf 92' lang='lat' dir='ltr'>sola</span> <span class='ocrx_word' id='word_1_171' title='bbox 1309 1774 1440 1824; x_wconf 90' lang='lat' dir='ltr'>enim</span> <span class='ocrx_word' id='word_1_172' title='bbox 1466 1774 1806 1838; x_wconf 90' lang='lat' dir='ltr'>propositione</span> <span class='ocrx_word' id='word_1_173' title='bbox 1832 1783 1879 1823; x_wconf 90' lang='lat' dir='ltr'>et</span> 
     </span>
    </p>

    <p class='ocr_par' dir='ltr' id='par_1_6' title="bbox 51 1856 1968 2248">
     <span class='ocr_line' id='line_1_21' title="bbox 51 1856 1877 1921; baseline -0.002 -13"><span class='ocrx_word' id='word_1_174' title='bbox 51 1879 101 1908; x_wconf 89' lang='lat'>20</span> <span class='ocrx_word' id='word_1_175' title='bbox 128 1857 450 1907; x_wconf 88' lang='lat' dir='ltr'>conclusione</span> <span class='ocrx_word' id='word_1_176' title='bbox 494 1868 687 1907; x_wconf 90' lang='lat' dir='ltr'>constat</span> <span class='ocrx_word' id='word_1_177' title='bbox 732 1874 839 1907; x_wconf 91' lang='lat' dir='ltr'>esse</span> <span class='ocrx_word' id='word_1_178' title='bbox 878 1860 1167 1921; x_wconf 89' lang='lat' dir='ltr'>perfectum,</span> <span class='ocrx_word' id='word_1_179' title='bbox 1214 1859 1349 1906; x_wconf 91' lang='lat' dir='ltr'>unde</span> <span class='ocrx_word' id='word_1_180' title='bbox 1397 1856 1551 1920; x_wconf 86' lang='lat' dir='ltr'>magis</span> <span class='ocrx_word' id='word_1_181' title='bbox 1599 1856 1877 1905; x_wconf 89' lang='lat' dir='ltr'>rhetoribus</span> 
     </span>
     <span class='ocr_line' id='line_1_22' title="bbox 125 1938 1939 2003; baseline -0.001 -16"><span class='ocrx_word' id='word_1_182' title='bbox 125 1956 272 2003; x_wconf 91' lang='lat' dir='ltr'>quam</span> <span class='ocrx_word' id='word_1_183' title='bbox 290 1939 560 1989; x_wconf 87' lang='lat' dir='ltr'>dialecticis</span> <span class='ocrx_word' id='word_1_184' title='bbox 578 1942 843 1989; x_wconf 87' lang='lat' dir='ltr'>convenire</span> <span class='ocrx_word' id='word_1_185' title='bbox 860 1939 1131 1988; x_wconf 89' lang='lat' dir='ltr'>iudicatum</span> <span class='ocrx_word' id='word_1_186' title='bbox 1154 1948 1240 1988; x_wconf 88' lang='lat' dir='ltr'>est.</span> <span class='ocrx_word' id='word_1_187' title='bbox 1305 1938 1701 2002; x_wconf 90' lang='lat' dir='ltr'>Enthymematis</span> <span class='ocrx_word' id='word_1_188' title='bbox 1729 1953 1879 1986; x_wconf 92' lang='lat' dir='ltr'>mem-</span> <span class='ocrx_word' id='word_1_189' title='bbox 1904 1948 1939 1995; x_wconf 88' lang='lat'><strong>9</strong></span> 
     </span>
     <span class='ocr_line' id='line_1_23' title="bbox 124 2019 1875 2087; baseline -0.002 -16"><span class='ocrx_word' id='word_1_190' title='bbox 124 2023 210 2071; x_wconf 89' lang='lat' dir='ltr'>bra</span> <span class='ocrx_word' id='word_1_191' title='bbox 235 2032 348 2072; x_wconf 91' lang='lat' dir='ltr'>sunt</span> <span class='ocrx_word' id='word_1_192' title='bbox 374 2023 624 2087; x_wconf 85' lang='lat' dir='ltr'>quinque:</span> <span class='ocrx_word' id='word_1_193' title='bbox 662 2022 874 2086; x_wconf 89' lang='lat' dir='ltr'>primum</span> <span class='ocrx_word' id='word_1_194' title='bbox 902 2021 1247 2081; x_wconf 84' lang='lat' dir='ltr'>convincibile,</span> <span class='ocrx_word' id='word_1_195' title='bbox 1270 2022 1546 2070; x_wconf 91' lang='lat' dir='ltr'>secundum</span> <span class='ocrx_word' id='word_1_196' title='bbox 1567 2019 1875 2079; x_wconf 90' lang='lat' dir='ltr'>ostentabile,</span> 
     </span>
     <span class='ocr_line' id='line_1_24' title="bbox 123 2101 1876 2166; baseline -0.002 -13"><span class='ocrx_word' id='word_1_197' title='bbox 123 2103 320 2153; x_wconf 88' lang='lat' dir='ltr'>tertium</span> <span class='ocrx_word' id='word_1_198' title='bbox 347 2104 655 2164; x_wconf 91' lang='lat' dir='ltr'>sententiale,</span> <span class='ocrx_word' id='word_1_199' title='bbox 678 2112 907 2166; x_wconf 88' lang='lat' dir='ltr'>quartum</span> <span class='ocrx_word' id='word_1_200' title='bbox 928 2102 1268 2165; x_wconf 85' lang='lat' dir='ltr'>exemplabile,</span> <span class='ocrx_word' id='word_1_201' title='bbox 1292 2101 1520 2164; x_wconf 88' lang='lat' dir='ltr'>quintum</span> <span class='ocrx_word' id='word_1_202' title='bbox 1548 2103 1876 2151; x_wconf 90' lang='lat' dir='ltr'>collectivum.</span> 
     </span>
     <span class='ocr_line' id='line_1_25' title="bbox 126 2182 1968 2248; baseline -0.005 -13"><span class='ocrx_word' id='word_1_203' title='bbox 126 2185 471 2235; x_wconf 90' lang='lat' dir='ltr'>Convincibile</span> <span class='ocrx_word' id='word_1_204' title='bbox 503 2194 588 2244; x_wconf 90' lang='lat' dir='ltr'>est,</span> <span class='ocrx_word' id='word_1_205' title='bbox 622 2186 759 2248; x_wconf 91' lang='lat' dir='ltr'>quod</span> <span class='ocrx_word' id='word_1_206' title='bbox 788 2183 1004 2233; x_wconf 89' lang='lat' dir='ltr'>evidenti</span> <span class='ocrx_word' id='word_1_207' title='bbox 1037 2185 1226 2232; x_wconf 88' lang='lat' dir='ltr'>ratione</span> <span class='ocrx_word' id='word_1_208' title='bbox 1255 2182 1577 2244; x_wconf 90' lang='lat' dir='ltr'>convincitur,</span> <span class='ocrx_word' id='word_1_209' title='bbox 1609 2183 1734 2232; x_wconf 92' lang='lat' dir='ltr'>sicut</span> <span class='ocrx_word' id='word_1_210' title='bbox 1765 2182 1879 2231; x_wconf 86' lang='lat' dir='ltr'>fecit</span> <span class='ocrx_word' id='word_1_211' title='bbox 1907 2194 1968 2229; x_wconf 91' lang='lat'>10</span> 
     </span>
    </p>

    <p class='ocr_par' dir='ltr' id='par_1_7' title="bbox 52 2265 1948 2495">
     <span class='ocr_line' id='line_1_26' title="bbox 52 2265 1875 2332; baseline -0.002 -17"><span class='ocrx_word' id='word_1_212' title='bbox 52 2286 99 2327; x_wconf 86' lang='lat'>25</span> <span class='ocrx_word' id='word_1_213' title='bbox 125 2269 304 2320; x_wconf 89' lang='lat' dir='ltr'>Cicero</span> <span class='ocrx_word' id='word_1_214' title='bbox 333 2286 422 2332; x_wconf 93' lang='lat' dir='ltr'>pro</span> <span class='ocrx_word' id='word_1_215' title='bbox 458 2269 650 2316; x_wconf 92' lang='lat' dir='ltr'>Milone</span> <span class='ocrx_word' id='word_1_216' title='bbox 690 2266 830 2332; x_wconf 83' lang='lat'><strong>(79):</strong></span> <span class='ocrx_word' id='word_1_217' title='bbox 884 2270 895 2291; x_wconf 96' lang='lat'>‘</span> <span class='ocrx_word' id='word_1_218' title='bbox 917 2267 1037 2314; x_wconf 92' lang='lat' dir='ltr'>Eius</span> <span class='ocrx_word' id='word_1_219' title='bbox 1075 2266 1218 2330; x_wconf 89' lang='lat' dir='ltr'>igitur</span> <span class='ocrx_word' id='word_1_220' title='bbox 1255 2266 1425 2314; x_wconf 90' lang='lat' dir='ltr'>mortis</span> <span class='ocrx_word' id='word_1_221' title='bbox 1464 2265 1646 2314; x_wconf 91' lang='lat' dir='ltr'>sedetis</span> <span class='ocrx_word' id='word_1_222' title='bbox 1680 2267 1875 2323; x_wconf 90' lang='lat' dir='ltr'>ultores,</span> 
     </span>
     <span class='ocr_line' id='line_1_27' title="bbox 124 2346 1948 2414; baseline -0.001 -15"><span class='ocrx_word' id='word_1_223' title='bbox 124 2350 264 2399; x_wconf 91' lang='lat' dir='ltr'>cuius</span> <span class='ocrx_word' id='word_1_224' title='bbox 296 2350 446 2400; x_wconf 91' lang='lat' dir='ltr'>vitam</span> <span class='ocrx_word' id='word_1_225' title='bbox 474 2350 512 2398; x_wconf 91' lang='lat' dir='ltr'>si</span> <span class='ocrx_word' id='word_1_226' title='bbox 545 2349 728 2414; x_wconf 91' lang='lat' dir='ltr'>putetis</span> <span class='ocrx_word' id='word_1_227' title='bbox 754 2365 840 2412; x_wconf 92' lang='lat' dir='ltr'>per</span> <span class='ocrx_word' id='word_1_228' title='bbox 865 2364 952 2397; x_wconf 89' lang='lat' dir='ltr'>vos</span> <span class='ocrx_word' id='word_1_229' title='bbox 977 2347 1166 2396; x_wconf 91' lang='lat' dir='ltr'>restitui</span> <span class='ocrx_word' id='word_1_230' title='bbox 1192 2363 1353 2410; x_wconf 92' lang='lat' dir='ltr'>posse,</span> <span class='ocrx_word' id='word_1_231' title='bbox 1381 2346 1579 2396; x_wconf 69' lang='lat' dir='ltr'>nolitis!</span> <span class='ocrx_word' id='word_1_232' title='bbox 1651 2348 1879 2396; x_wconf 88' lang='lat' dir='ltr'>Ostenta-</span> <span class='ocrx_word' id='word_1_233' title='bbox 1903 2363 1948 2397; x_wconf 93' lang='lat'>11</span> 
     </span>
     <span class='ocr_line' id='line_1_28' title="bbox 125 2428 1879 2495; baseline -0.001 -14"><span class='ocrx_word' id='word_1_234' title='bbox 125 2432 224 2481; x_wconf 91' lang='lat' dir='ltr'>bile</span> <span class='ocrx_word' id='word_1_235' title='bbox 248 2442 335 2493; x_wconf 92' lang='lat' dir='ltr'>est,</span> <span class='ocrx_word' id='word_1_236' title='bbox 364 2433 501 2495; x_wconf 89' lang='lat' dir='ltr'>quod</span> <span class='ocrx_word' id='word_1_237' title='bbox 521 2441 654 2481; x_wconf 88' lang='lat' dir='ltr'>certa</span> <span class='ocrx_word' id='word_1_238' title='bbox 678 2433 746 2480; x_wconf 91' lang='lat' dir='ltr'>rei</span> <span class='ocrx_word' id='word_1_239' title='bbox 771 2431 1195 2480; x_wconf 90' lang='lat' dir='ltr'>demonstratione</span> <span class='ocrx_word' id='word_1_240' title='bbox 1220 2428 1524 2492; x_wconf 86' lang='lat' dir='ltr'>constringit,</span> <span class='ocrx_word' id='word_1_241' title='bbox 1552 2428 1677 2477; x_wconf 89' lang='lat' dir='ltr'>sicut</span> <span class='ocrx_word' id='word_1_242' title='bbox 1703 2429 1879 2479; x_wconf 90' lang='lat' dir='ltr'>Cicero</span> 
     </span>
    </p>
   </div>
   <div class='ocr_carea' id='block_1_3' title="bbox 126 2559 1884 3161">
    <p class='ocr_par' dir='ltr' id='par_1_8' title="bbox 126 2559 1884 3161">
     <span class='ocr_line' id='line_1_29' title="bbox 179 2559 1876 2614; baseline -0.001 -13"><span class='ocrx_word' id='word_1_243' title='bbox 179 2576 203 2601; x_wconf 86' lang='lat'><strong>2</strong></span> <span class='ocrx_word' id='word_1_244' title='bbox 235 2576 344 2614; x_wconf 88' lang='lat' dir='ltr'>quae</span> <span class='ocrx_word' id='word_1_245' title='bbox 361 2563 450 2602; x_wconf 87' lang='lat' dir='ltr'>ads.</span> <span class='ocrx_word' id='word_1_246' title='bbox 477 2562 534 2601; x_wconf 90' lang='lat' dir='ltr'>T:</span> <span class='ocrx_word' id='word_1_247' title='bbox 555 2576 664 2612; x_wconf 86' lang='lat' dir='ltr'>quae</span> <span class='ocrx_word' id='word_1_248' title='bbox 682 2567 724 2601; x_wconf 92' lang='lat' dir='ltr'>et</span> <span class='ocrx_word' id='word_1_249' title='bbox 738 2562 919 2612; x_wconf 87' lang='lat' dir='ltr'>sumptio</span> <span class='ocrx_word' id='word_1_250' title='bbox 932 2561 979 2598; x_wconf 92' lang='lat' dir='ltr'><em>K</em></span> <span class='ocrx_word' id='word_1_251' title='bbox 1068 2572 1092 2609; x_wconf 88' lang='lat'><strong>3</strong></span> <span class='ocrx_word' id='word_1_252' title='bbox 1115 2561 1250 2610; x_wconf 84' lang='lat' dir='ltr'>captis</span> <span class='ocrx_word' id='word_1_253' title='bbox 1266 2559 1312 2597; x_wconf 89' lang='lat' dir='ltr'><em>K</em></span> <span class='ocrx_word' id='word_1_254' title='bbox 1375 2573 1468 2598; x_wconf 92' lang='lat' dir='ltr'>curn</span> <span class='ocrx_word' id='word_1_255' title='bbox 1483 2572 1567 2608; x_wconf 90' lang='lat' dir='ltr'>quo</span> <span class='ocrx_word' id='word_1_256' title='bbox 1584 2559 1679 2600; x_wconf 87' lang='lat' dir='ltr'>inst.</span> <span class='ocrx_word' id='word_1_257' title='bbox 1695 2559 1876 2600; x_wconf 83' lang='lat' dir='ltr'>Cassiod.</span> 
     </span>
     <span class='ocr_line' id='line_1_30' title="bbox 126 2613 1878 2670; baseline -0.002 -13"><span class='ocrx_word' id='word_1_258' title='bbox 126 2631 150 2666; x_wconf 92' lang='lat'>4</span> <span class='ocrx_word' id='word_1_259' title='bbox 180 2619 272 2657; x_wconf 86' lang='lat' dir='ltr'>sive</span> <span class='ocrx_word' id='word_1_260' title='bbox 301 2617 409 2670; x_wconf 61' lang='lat' dir='ltr'>tera]</span> <span class='ocrx_word' id='word_1_261' title='bbox 431 2623 474 2656; x_wconf 90' lang='lat' dir='ltr'>et</span> <span class='ocrx_word' id='word_1_262' title='bbox 504 2618 549 2655; x_wconf 91' lang='lat' dir='ltr'><em>K</em></span> <span class='ocrx_word' id='word_1_263' title='bbox 670 2619 696 2655; x_wconf 90' lang='lat'><strong>6</strong></span> <span class='ocrx_word' id='word_1_264' title='bbox 726 2630 835 2655; x_wconf 89' lang='lat' dir='ltr'>unus</span> <span class='ocrx_word' id='word_1_265' title='bbox 864 2617 925 2656; x_wconf 90' lang='lat' dir='ltr'>T:</span> <span class='ocrx_word' id='word_1_266' title='bbox 969 2628 1098 2654; x_wconf 88' lang='lat' dir='ltr'>unum</span> <span class='ocrx_word' id='word_1_267' title='bbox 1129 2615 1174 2652; x_wconf 89' lang='lat' dir='ltr'><em>K</em></span> <span class='ocrx_word' id='word_1_268' title='bbox 1301 2613 1527 2664; x_wconf 89' lang='lat' dir='ltr'>plurimum</span> <span class='ocrx_word' id='word_1_269' title='bbox 1556 2614 1666 2655; x_wconf 91' lang='lat' dir='ltr'>KT:</span> <span class='ocrx_word' id='word_1_270' title='bbox 1700 2627 1878 2654; x_wconf 85' lang='lat' dir='ltr'>-marum</span> 
     </span>
     <span class='ocr_line' id='line_1_31' title="bbox 129 2669 1881 2719; baseline -0.002 -8"><span class='ocrx_word' id='word_1_271' title='bbox 129 2671 313 2712; x_wconf 85' lang='lat' dir='ltr'>Cassiod.</span> <span class='ocrx_word' id='word_1_272' title='bbox 427 2674 453 2711; x_wconf 89' lang='lat'><em>8</em></span> <span class='ocrx_word' id='word_1_273' title='bbox 484 2684 608 2711; x_wconf 85' lang='lat' dir='ltr'>cause</span> <span class='ocrx_word' id='word_1_274' title='bbox 647 2672 684 2710; x_wconf 94' lang='lat' dir='ltr'><em>T</em></span> <span class='ocrx_word' id='word_1_275' title='bbox 787 2671 956 2710; x_wconf 89' lang='lat' dir='ltr'>habitae</span> <span class='ocrx_word' id='word_1_276' title='bbox 980 2700 990 2711; x_wconf 93' lang='lat'>.</span> <span class='ocrx_word' id='word_1_277' title='bbox 1017 2700 1026 2710; x_wconf 91' lang='lat'>.</span> <span class='ocrx_word' id='word_1_278' title='bbox 1051 2670 1322 2710; x_wconf 89' lang='lat' dir='ltr'>.inductionis</span> <span class='ocrx_word' id='word_1_279' title='bbox 1338 2684 1421 2708; x_wconf 81' lang='lat' dir='ltr'>om.</span> <span class='ocrx_word' id='word_1_280' title='bbox 1441 2669 1487 2707; x_wconf 89' lang='lat' dir='ltr'><em>K</em></span> <span class='ocrx_word' id='word_1_281' title='bbox 1594 2682 1621 2719; x_wconf 91' lang='lat'><strong>9</strong></span> <span class='ocrx_word' id='word_1_282' title='bbox 1651 2675 1696 2708; x_wconf 90' lang='lat' dir='ltr'>ut</span> <span class='ocrx_word' id='word_1_283' title='bbox 1713 2671 1813 2718; x_wconf 88' lang='lat' dir='ltr'>quid</span> <span class='ocrx_word' id='word_1_284' title='bbox 1836 2670 1881 2707; x_wconf 89' lang='lat' dir='ltr'><em>K</em></span> 
     </span>
     <span class='ocr_line' id='line_1_32' title="bbox 131 2723 1878 2778; baseline -0.002 -13"><span class='ocrx_word' id='word_1_285' title='bbox 131 2740 179 2766; x_wconf 92' lang='lat'>10</span> <span class='ocrx_word' id='word_1_286' title='bbox 210 2727 374 2767; x_wconf 86' lang='lat' dir='ltr'>Ratioc.</span> <span class='ocrx_word' id='word_1_287' title='bbox 396 2757 406 2767; x_wconf 92' lang='lat'>.</span> <span class='ocrx_word' id='word_1_288' title='bbox 430 2757 439 2766; x_wconf 93' lang='lat'>.</span> <span class='ocrx_word' id='word_1_289' title='bbox 464 2757 474 2767; x_wconf 91' lang='lat'>.</span> <span class='ocrx_word' id='word_1_290' title='bbox 498 2726 781 2777; x_wconf 86' lang='lat' dir='ltr'>conprobatur</span> <span class='ocrx_word' id='word_1_291' title='bbox 800 2740 883 2765; x_wconf 78' lang='lat' dir='ltr'>om.</span> <span class='ocrx_word' id='word_1_292' title='bbox 914 2726 963 2764; x_wconf 82' lang='lat' dir='ltr'>T¹</span> <span class='ocrx_word' id='word_1_293' title='bbox 986 2727 1087 2778; x_wconf 81' lang='lat' dir='ltr'>(non</span> <span class='ocrx_word' id='word_1_294' title='bbox 1114 2724 1169 2776; x_wconf 83' lang='lat' dir='ltr'>U&gt;</span> <span class='ocrx_word' id='word_1_295' title='bbox 1269 2728 1328 2773; x_wconf 78' lang='lat'>§7</span> <span class='ocrx_word' id='word_1_296' title='bbox 1359 2738 1442 2764; x_wconf 90' lang='lat' dir='ltr'>om.</span> <span class='ocrx_word' id='word_1_297' title='bbox 1462 2725 1503 2762; x_wconf 90' lang='lat' dir='ltr'><em>A</em></span> <span class='ocrx_word' id='word_1_298' title='bbox 1528 2739 1536 2762; x_wconf 76' lang='lat' dir='ltr'><strong><em>z</em></strong></span> <span class='ocrx_word' id='word_1_299' title='bbox 1556 2728 1653 2776; x_wconf 85' lang='lat' dir='ltr'>post</span> <span class='ocrx_word' id='word_1_300' title='bbox 1673 2729 1692 2772; x_wconf 67' lang='grc' dir='ltr'>ξ</span> <span class='ocrx_word' id='word_1_301' title='bbox 1714 2725 1739 2762; x_wconf 90' lang='grc'>8</span> <span class='ocrx_word' id='word_1_302' title='bbox 1760 2723 1878 2763; x_wconf 83' lang='lat' dir='ltr'>BCD</span> 
     </span>
     <span class='ocr_line' id='line_1_33' title="bbox 128 2778 1884 2832; baseline -0.002 -12"><span class='ocrx_word' id='word_1_303' title='bbox 128 2781 260 2821; x_wconf 92' lang='lat' dir='ltr'>KTU</span> <span class='ocrx_word' id='word_1_304' title='bbox 409 2795 456 2820; x_wconf 88' lang='lat'>12</span> <span class='ocrx_word' id='word_1_305' title='bbox 485 2783 643 2832; x_wconf 88' lang='lat' dir='ltr'>primus</span> <span class='ocrx_word' id='word_1_306' title='bbox 661 2795 743 2821; x_wconf 82' lang='lat' dir='ltr'>om.</span> <span class='ocrx_word' id='word_1_307' title='bbox 764 2781 808 2819; x_wconf 93' lang='lat' dir='ltr'><em>D</em></span> <span class='ocrx_word' id='word_1_308' title='bbox 926 2793 975 2830; x_wconf 84' lang='lat'>13</span> <span class='ocrx_word' id='word_1_309' title='bbox 1004 2779 1046 2818; x_wconf 90' lang='lat' dir='ltr'>in</span> <span class='ocrx_word' id='word_1_310' title='bbox 1065 2779 1285 2818; x_wconf 84' lang='lat' dir='ltr'>rethoricis</span> <span class='ocrx_word' id='word_1_311' title='bbox 1307 2778 1386 2817; x_wconf 89' lang='lat' dir='ltr'>CK</span> <span class='ocrx_word' id='word_1_312' title='bbox 1507 2778 1647 2830; x_wconf 90' lang='lat' dir='ltr'>latior]</span> <span class='ocrx_word' id='word_1_313' title='bbox 1670 2778 1823 2818; x_wconf 89' lang='lat' dir='ltr'>latinus</span> <span class='ocrx_word' id='word_1_314' title='bbox 1848 2778 1884 2816; x_wconf 93' lang='lat' dir='ltr'><em>T</em></span> 
     </span>
     <span class='ocr_line' id='line_1_34' title="bbox 132 2832 1884 2886; baseline -0.003 -11"><span class='ocrx_word' id='word_1_315' title='bbox 132 2849 179 2886; x_wconf 90' lang='lat'>14</span> <span class='ocrx_word' id='word_1_316' title='bbox 209 2836 338 2876; x_wconf 90' lang='lat' dir='ltr'>latine</span> <span class='ocrx_word' id='word_1_317' title='bbox 359 2850 440 2876; x_wconf 83' lang='lat' dir='ltr'>om.</span> <span class='ocrx_word' id='word_1_318' title='bbox 462 2837 508 2874; x_wconf 92' lang='lat' dir='ltr'><em>K</em></span> <span class='ocrx_word' id='word_1_319' title='bbox 631 2849 678 2886; x_wconf 91' lang='lat'>15</span> <span class='ocrx_word' id='word_1_320' title='bbox 709 2848 834 2886; x_wconf 89' lang='lat' dir='ltr'>quern</span> <span class='ocrx_word' id='word_1_321' title='bbox 856 2834 1025 2875; x_wconf 84' lang='lat' dir='ltr'><em>BCDU</em></span> <span class='ocrx_word' id='word_1_322' title='bbox 1036 2849 1044 2873; x_wconf 75' lang='grc' dir='ltr'><strong><em>ε</em></strong></span> <span class='ocrx_word' id='word_1_323' title='bbox 1080 2847 1189 2884; x_wconf 89' lang='lat' dir='ltr'>quae</span> <span class='ocrx_word' id='word_1_324' title='bbox 1211 2836 1301 2884; x_wconf 85' lang='lat' dir='ltr'>&lt;pro</span> <span class='ocrx_word' id='word_1_325' title='bbox 1321 2846 1444 2884; x_wconf 91' lang='lat' dir='ltr'>quem</span> <span class='ocrx_word' id='word_1_326' title='bbox 1475 2840 1680 2884; x_wconf 79' lang='lat' dir='ltr'>suprascr.</span> <span class='ocrx_word' id='word_1_327' title='bbox 1702 2836 1772 2882; x_wconf 62' lang='lat' dir='ltr'>aZ)</span> <span class='ocrx_word' id='word_1_328' title='bbox 1794 2832 1884 2870; x_wconf 87' lang='grc' dir='ltr'>ΚΤ</span> 
     </span>
     <span class='ocr_line' id='line_1_35' title="bbox 131 2886 1879 2941; baseline -0.003 -12"><span class='ocrx_word' id='word_1_329' title='bbox 131 2903 179 2940; x_wconf 90' lang='lat'>15</span> <span class='ocrx_word' id='word_1_330' title='bbox 211 2891 459 2941; x_wconf 88' lang='lat' dir='ltr'>improfecto</span> <span class='ocrx_word' id='word_1_331' title='bbox 489 2890 744 2931; x_wconf 87' lang='lat' dir='ltr'>solocisrnon</span> <span class='ocrx_word' id='word_1_332' title='bbox 779 2890 826 2928; x_wconf 92' lang='lat' dir='ltr'><em>K</em></span> <span class='ocrx_word' id='word_1_333' title='bbox 1044 2890 1094 2927; x_wconf 90' lang='lat'>16</span> <span class='ocrx_word' id='word_1_334' title='bbox 1122 2889 1355 2938; x_wconf 86' lang='lat' dir='ltr'>nuncupari</span> <span class='ocrx_word' id='word_1_335' title='bbox 1385 2887 1427 2925; x_wconf 88' lang='grc' dir='ltr'><em>Β</em></span> <span class='ocrx_word' id='word_1_336' title='bbox 1594 2888 1684 2926; x_wconf 86' lang='lat' dir='ltr'>eius</span> <span class='ocrx_word' id='word_1_337' title='bbox 1718 2900 1798 2927; x_wconf 84' lang='lat' dir='ltr'>om.</span> <span class='ocrx_word' id='word_1_338' title='bbox 1834 2886 1879 2924; x_wconf 89' lang='lat' dir='ltr'><em>K</em></span> 
     </span>
     <span class='ocr_line' id='line_1_36' title="bbox 132 2941 1884 2996; baseline -0.002 -13"><span class='ocrx_word' id='word_1_339' title='bbox 132 2947 180 2984; x_wconf 89' lang='lat'>18</span> <span class='ocrx_word' id='word_1_340' title='bbox 209 2946 386 2996; x_wconf 88' lang='lat' dir='ltr'>preterit</span> <span class='ocrx_word' id='word_1_341' title='bbox 411 2946 457 2984; x_wconf 92' lang='lat' dir='ltr'><em>K</em></span> <span class='ocrx_word' id='word_1_342' title='bbox 641 2959 690 2995; x_wconf 90' lang='lat'>19</span> <span class='ocrx_word' id='word_1_343' title='bbox 721 2950 763 2984; x_wconf 89' lang='lat' dir='ltr'>et</span> <span class='ocrx_word' id='word_1_344' title='bbox 790 2945 1065 2984; x_wconf 88' lang='lat' dir='ltr'>conclusione</span> <span class='ocrx_word' id='word_1_345' title='bbox 1100 2943 1194 2983; x_wconf 78' lang='lat' dir='ltr'>hab.</span> <span class='ocrx_word' id='word_1_346' title='bbox 1230 2942 1296 2982; x_wconf 88' lang='lat' dir='ltr'><em>K:</em></span> <span class='ocrx_word' id='word_1_347' title='bbox 1339 2955 1423 2983; x_wconf 86' lang='lat' dir='ltr'>om.</span> <span class='ocrx_word' id='word_1_348' title='bbox 1459 2942 1537 2981; x_wconf 84' lang='lat' dir='ltr'>BC</span> <span class='ocrx_word' id='word_1_349' title='bbox 1566 2942 1691 2980; x_wconf 77' lang='lat' dir='ltr'>Rern.</span> <span class='ocrx_word' id='word_1_350' title='bbox 1729 2954 1806 2990; x_wconf 83' lang='lat'>224</span> <span class='ocrx_word' id='word_1_351' title='bbox 1847 2941 1884 2979; x_wconf 90' lang='lat' dir='ltr'><em>T</em></span> 
     </span>
     <span class='ocr_line' id='line_1_37' title="bbox 129 2995 1877 3050; baseline -0.002 -12"><span class='ocrx_word' id='word_1_352' title='bbox 129 3012 182 3039; x_wconf 88' lang='lat'>20</span> <span class='ocrx_word' id='word_1_353' title='bbox 210 3001 413 3040; x_wconf 85' lang='lat' dir='ltr'>consistat</span> <span class='ocrx_word' id='word_1_354' title='bbox 442 3000 479 3039; x_wconf 93' lang='lat' dir='ltr'><em>T</em></span> <span class='ocrx_word' id='word_1_355' title='bbox 596 3013 705 3050; x_wconf 87' lang='lat' dir='ltr'>mag.</span> <span class='ocrx_word' id='word_1_356' title='bbox 724 3001 776 3039; x_wconf 91' lang='lat' dir='ltr'>de</span> <span class='ocrx_word' id='word_1_357' title='bbox 803 3013 834 3039; x_wconf 88' lang='lat' dir='ltr'>r.</span> <span class='ocrx_word' id='word_1_358' title='bbox 852 2999 898 3038; x_wconf 90' lang='lat' dir='ltr'><em>K</em></span> <span class='ocrx_word' id='word_1_359' title='bbox 1079 3010 1126 3036; x_wconf 87' lang='lat'>21</span> <span class='ocrx_word' id='word_1_360' title='bbox 1161 2997 1471 3047; x_wconf 87' lang='lat' dir='ltr'>Enthimemagi</span> <span class='ocrx_word' id='word_1_361' title='bbox 1492 2996 1538 3034; x_wconf 91' lang='lat' dir='ltr'><em>K</em></span> <span class='ocrx_word' id='word_1_362' title='bbox 1555 3011 1563 3035; x_wconf 92' lang='lat'><strong>:</strong></span> <span class='ocrx_word' id='word_1_363' title='bbox 1611 2995 1877 3035; x_wconf 90' lang='lat' dir='ltr'>Enthimema</span> 
     </span>
     <span class='ocr_line' id='line_1_38' title="bbox 130 3050 1884 3106; baseline -0.003 -13"><span class='ocrx_word' id='word_1_364' title='bbox 130 3054 263 3104; x_wconf 89' lang='lat' dir='ltr'>magis</span> <span class='ocrx_word' id='word_1_365' title='bbox 278 3055 320 3093; x_wconf 91' lang='grc' dir='ltr'><em>Β</em></span> <span class='ocrx_word' id='word_1_366' title='bbox 456 3068 509 3093; x_wconf 87' lang='grc'>22</span> <span class='ocrx_word' id='word_1_367' title='bbox 539 3056 719 3106; x_wconf 88' lang='lat' dir='ltr'>primum</span> <span class='ocrx_word' id='word_1_368' title='bbox 741 3068 823 3095; x_wconf 84' lang='lat' dir='ltr'>om.</span> <span class='ocrx_word' id='word_1_369' title='bbox 849 3054 900 3094; x_wconf 79' lang='lat' dir='ltr'>Cl</span> <span class='ocrx_word' id='word_1_370' title='bbox 1049 3065 1100 3104; x_wconf 86' lang='lat'>25</span> <span class='ocrx_word' id='word_1_371' title='bbox 1131 3066 1165 3094; x_wconf 87' lang='lat' dir='ltr'>s.</span> <span class='ocrx_word' id='word_1_372' title='bbox 1188 3052 1370 3092; x_wconf 84' lang='lat' dir='ltr'>ultorem</span> <span class='ocrx_word' id='word_1_373' title='bbox 1391 3051 1454 3090; x_wconf 88' lang='lat' dir='ltr'><em>K:</em></span> <span class='ocrx_word' id='word_1_374' title='bbox 1479 3051 1600 3090; x_wconf 88' lang='lat' dir='ltr'>sedet</span> <span class='ocrx_word' id='word_1_375' title='bbox 1620 3051 1818 3089; x_wconf 84' lang='lat' dir='ltr'>stultores</span> <span class='ocrx_word' id='word_1_376' title='bbox 1847 3050 1884 3088; x_wconf 92' lang='lat' dir='ltr'><em>T</em></span> 
     </span>
     <span class='ocr_line' id='line_1_39' title="bbox 130 3106 1345 3161; baseline -0.002 -13"><span class='ocrx_word' id='word_1_377' title='bbox 130 3111 184 3148; x_wconf 87' lang='lat'>26</span> <span class='ocrx_word' id='word_1_378' title='bbox 214 3109 366 3150; x_wconf 88' lang='lat' dir='ltr'>noletis</span> <span class='ocrx_word' id='word_1_379' title='bbox 387 3110 434 3148; x_wconf 91' lang='lat' dir='ltr'><em>K</em></span> <span class='ocrx_word' id='word_1_380' title='bbox 453 3110 540 3161; x_wconf 60' lang='lat' dir='ltr'>(tle.</span> <span class='ocrx_word' id='word_1_381' title='bbox 565 3110 782 3161; x_wconf 72' lang='lat' dir='ltr'>nolletis2)</span> <span class='ocrx_word' id='word_1_382' title='bbox 895 3121 944 3159; x_wconf 88' lang='lat'>27</span> <span class='ocrx_word' id='word_1_383' title='bbox 976 3107 1280 3157; x_wconf 85' lang='lat' dir='ltr'>constringitur</span> <span class='ocrx_word' id='word_1_384' title='bbox 1299 3106 1345 3144; x_wconf 91' lang='lat' dir='ltr'><em>K</em></span> 
     </span>
    </p>
   </div>
  </div>
 </body>
</html>
