2176 3424
482 119 1112 169 ETYMOLOGIARVM
1151 118 1278 165 LIB.
1321 117 1411 164 IX.
1452 115 1465 162 i
1514 117 1545 162 ii

144 250 273 313 cipio
316 251 502 308 mundi,
549 252 668 299 dum
712 249 925 298 diceret:
981 249 1116 295 ‘Fiat
1159 248 1270 305 lux,'
1307 244 1514 294 inveniri
1554 243 1752 293 difficile
1792 252 1879 292 est.

145 333 383 381 Nondum
404 331 535 380 enim
555 341 692 380 erant
718 333 924 394 linguae.
1001 332 1129 377 Item
1156 346 1253 391 qua
1278 329 1444 391 lingua
1468 327 1686 375 insonuit
1711 335 1883 389 postea

141 412 460 462 exterioribus
498 414 756 461 hominum
787 411 1000 470 auribus,
1030 410 1242 459 maxime
1275 411 1339 459 ad
1375 411 1589 473 primum
1626 407 1881 458 hominem

140 484 362 558 loquens,
403 496 479 543 vel
517 497 581 544 ad
619 495 897 558 prophetas,
934 494 1011 542 vel
1050 494 1170 541 dum
1212 490 1530 555 corporaliter
1577 489 1742 538 sonuit
1789 507 1883 538 vox

94 597 115 635 5
141 576 349 625 dicentis
385 576 479 625 Dei
503 596 512 625 :
554 581 565 602 ‘
585 579 662 624 Tu
689 592 740 624 es
769 577 918 623 Filius
946 591 1083 623 meus
1110 576 1320 623 dilectus
1337 574 1348 594 '
1369 592 1381 634 3
1417 572 1502 621 ubi
1528 589 1556 620 a
1581 572 1881 635 quibusdam

139 659 352 706 creditur
381 658 462 706 illa
494 660 659 720 lingua
689 675 786 706 una
820 667 868 705 et
902 658 1019 715 sola,
1048 673 1174 719 quae
1205 655 1295 703 fuit
1328 664 1594 718 antequam
1626 663 1753 703 esset
1789 653 1880 701 lin-

138 757 342 802 guarum
370 738 635 788 diversitas.
711 741 768 787 In
799 737 1001 787 diversis
1027 737 1210 801 quippe
1241 737 1468 800 gentibus
1502 734 1883 797 creditur‘quod

139 824 313 871 eadem
346 822 510 886 lingua
542 821 635 869 illis
671 823 808 870 Deus
842 822 1070 883 loquatur
1095 836 1244 883 quam
1283 819 1374 883 ipsi
1408 819 1635 868 homines
1661 825 1878 874 utuntur,

139 913 192 951 ut
229 904 293 952 ab
327 905 395 952 eis
426 902 746 966 intellegatur.
821 904 1062 965 Loquitur
1094 911 1259 950 autem
1298 903 1434 950 Deus
1466 900 1751 949 hominibus
1776 914 1878 946 non
1902 911 1958 946 12

67 1009 117 1038 10
139 1002 224 1048 per
248 985 571 1034 substantiam
599 984 908 1045 invisibilem,
937 986 1023 1033 sed
1049 1001 1135 1047 per
1160 993 1429 1032 creaturam
1457 983 1776 1046 corporalem,
1795 997 1881 1043 per

137 1084 286 1129 quam
320 1066 467 1115 etiam
498 1077 545 1115 et
579 1066 864 1115 hominibus
890 1083 1123 1129 apparere
1149 1065 1315 1126 voluit,
1344 1067 1546 1128 quando
1571 1066 1766 1114 locutus
1791 1072 1878 1111 est.

139 1148 271 1197 Dicit
314 1148 461 1197 etiam
502 1151 770 1212 Apostolus
826 1150 871 1212 (1
895 1150 1009 1198 Cor.
1034 1165 1106 1210 13,
1132 1147 1209 1213 1):
1269 1147 1347 1197 ‘Si
1395 1147 1571 1211 linguis
1620 1145 1880 1194 hominum

134 1232 305 1293 loquar
321 1241 369 1279 et
388 1233 706 1294 angelorum.'
777 1231 875 1279 Vbi
903 1232 1150 1294 quaeritur
1177 1248 1274 1292 qua
1300 1229 1466 1293 lingua
1491 1228 1651 1292 angeli
1678 1230 1880 1291 loquan-

135 1320 240 1372 tur,
289 1329 392 1360 non
428 1314 563 1375 quod
601 1314 887 1376 angelorum
924 1312 1118 1375 aliquae
1155 1313 1350 1375 linguae
1387 1311 1496 1370 sint,
1536 1312 1625 1360 sed
1660 1312 1757 1358 hoc
1795 1325 1881 1372 per

63 1418 111 1458 15
134 1393 555 1457 exaggerationem
585 1394 777 1443 dicitur.
852 1398 980 1443 Item
1006 1394 1254 1457 quaeritur
1279 1411 1376 1457 qua
1401 1393 1566 1457 lingua
1591 1393 1639 1441 in
1661 1394 1879 1441 futurum
1906 1404 1958 1450 13

134 1476 358 1524 homines
385 1478 675 1538 loquantur:
715 1494 959 1539 nusquam
987 1476 1233 1539 reperitur.
1310 1479 1440 1525 Nam
1468 1475 1587 1525 dicit
1607 1476 1879 1539 Apostolus

136 1557 181 1619 (1
204 1559 316 1607 Cor.
343 1576 412 1620 13,
436 1559 484 1622 8)
507 1579 515 1607 :
558 1564 568 1584 ‘
585 1559 696 1608 Sive
716 1559 923 1622 linguae,
948 1557 1242 1608 cessabunt.'
1318 1560 1441 1607 Ideo
1467 1567 1631 1607 autem
1658 1557 1789 1621 prius
1815 1559 1879 1606 de
1904 1570 1960 1617 14

135 1638 322 1701 linguis,
342 1657 399 1688 ac
425 1641 607 1691 deinde
633 1643 696 1690 de
721 1641 950 1704 gentibus
975 1641 1243 1705 posuimus,
1265 1640 1380 1703 quia
1406 1658 1463 1690 ex
1489 1640 1666 1704 linguis
1690 1649 1877 1703 gentes,

136 1737 235 1768 non
263 1738 319 1769 ex
344 1723 574 1784 gentibus
606 1723 800 1786 linguae
827 1733 1023 1772 exortae
1049 1732 1176 1772 sunt.

64 1824 113 1851 20
272 1805 353 1850 DE
379 1819 617 1852 GENTIVM
639 1821 934 1854 vocAssvms.
1011 1808 1145 1855 Gens
1173 1815 1245 1855 est
1266 1807 1532 1854 multitudo
1549 1806 1611 1854 ab
1630 1822 1730 1854 uno
1751 1804 1879 1868 prin·
1902 1812 1942 1852 11

134 1884 262 1946 cipio
282 1894 400 1943 orta,
420 1885 520 1934 sive
539 1887 601 1934 ab
619 1887 712 1935 alia
731 1887 929 1936 natione
955 1890 1229 1937 secundum
1258 1887 1503 1951 propriam
1531 1886 1875 1936 collectionem

133 1964 376 2026 distincta,
406 1978 458 2015 ut
484 1968 736 2028 Graeciae,
759 1968 918 2017 Asiae.
982 1969 1117 2017 Hinc
1144 1979 1191 2018 et
1215 1969 1460 2032 gentilitas
1486 1968 1680 2017 dicitur.
1740 1970 1876 2018 Gens

133 2057 297 2094 autem
344 2050 586 2110 appellata
634 2059 831 2112 propter
872 2052 1213 2113 generationes
1262 2050 1570 2110 familiarum,
1622 2050 1672 2100 id
1728 2060 1801 2099 est
1848 2069 1877 2099 a

133 2127 393 2190 gignendo,
435 2129 560 2178 sicut
607 2132 742 2179 natio
784 2148 812 2179 a
848 2134 1115 2180 nascendo.
1189 2134 1376 2181 Gentes
1417 2141 1583 2181 autem
1627 2149 1656 2180 a
1695 2132 1875 2195 quibus
1900 2150 1930 2184 2

61 2229 111 2269 25
135 2209 289 2258 divisa
322 2220 394 2259 est
423 2221 558 2270 terra,
597 2212 881 2275 quindecim
917 2223 1030 2261 sunt
1059 2216 1122 2263 de
1158 2216 1347 2277 Iaphet,
1377 2213 1573 2277 triginta
1606 2224 1654 2263 et
1684 2232 1782 2262 una
1812 2217 1875 2263 de

135 2292 308 2352 Cham,
337 2292 504 2355 viginti
538 2303 585 2342 et
618 2304 807 2357 septem
839 2296 902 2344 de
937 2298 1067 2355 Sem,
1097 2312 1223 2358 quae
1258 2298 1382 2344 fiunt
1421 2295 1730 2359 septuaginta
1760 2306 1871 2356 tres,

131 2374 207 2420 vel
242 2372 418 2436 potius,
459 2383 512 2423 ut
552 2375 674 2424 ratio
722 2378 950 2436 declarat,
993 2377 1304 2441 septuaginta
1351 2379 1479 2426 duae
1501 2397 1513 2439 3
1562 2380 1873 2441 totidemque

131 2453 338 2518 linguae,
378 2473 503 2519 quae
546 2473 631 2520 per
669 2467 818 2507 terras
862 2475 967 2507 esse
1010 2469 1293 2521 coeperunt,
1336 2476 1562 2522 quaeque
1602 2462 1873 2509 crescendo

131 2536 402 2597 provincias
428 2548 474 2586 et
500 2537 683 2587 insulas
710 2538 1030 2602 inpleverunt.
1106 2540 1214 2588 Filii
1239 2543 1352 2591 Sem
1379 2541 1599 2605 quinque
1624 2541 1874 2606 singulari-
1901 2559 1931 2606 3

187 2680 204 2704 1
237 2668 382 2707 venire
406 2669 453 2707 Cl
592 2649 678 2709 diff.
703 2676 814 2708 esset
841 2670 985 2709 Tanle
1005 2684 1101 2711 corr.
1215 2684 1238 2709 2
1270 2671 1382 2710 enim
1404 2685 1484 2710 om.
1512 2671 1598 2709 ΒΚ
1705 2675 1730 2710 6
1760 2673 1871 2711 illam

130 2721 314 2772 linguam
338 2737 462 2762 unam
484 2729 526 2762 et
546 2725 678 2763 solam
699 2724 744 2762 K
847 2738 868 2775 7
891 2725 1064 2776 quippe]
1087 2731 1230 2764 autem
1259 2726 1296 2764 T
1381 2728 1406 2765 8
1428 2740 1551 2776 quam
1568 2757 1576 2766 .
1594 2757 1604 2767 .
1624 2757 1633 2766 .
1655 2733 1711 2766 ut.
1730 2740 1814 2765 om.
1841 2727 1878 2765 T

130 2790 156 2826 9
186 2790 271 2816 non
291 2790 374 2817 om.
396 2777 442 2815 K
536 2791 583 2816 12
614 2780 669 2818 di.
695 2779 805 2818 enim
826 2780 1030 2829 apostolis
1053 2779 1104 2818 Cl
1208 2793 1256 2830 13
1285 2781 1482 2830 loquerer
1509 2780 1547 2820 T
1655 2793 1702 2829 15
1732 2782 1870 2820 futuro

132 2829 177 2868 K
285 2843 330 2880 17
352 2838 493 2871 autem
509 2847 590 2873 om.
609 2832 676 2871 K:
697 2847 760 2873 au.
781 2839 824 2872 et
844 2834 880 2872 T
987 2836 1035 2872 18
1055 2835 1135 2874 dei.
1155 2848 1253 2884 gen.
1272 2835 1350 2874 CT
1454 2842 1540 2887 cap.
1562 2849 1594 2874 11
1618 2836 1870 2885 (Nominum

129 2884 417 2925 Semiticorum
442 2888 611 2936 formae
647 2888 871 2927 secundum
909 2888 1034 2929 Arev.
1061 2890 1302 2940 plerumque
1336 2895 1437 2928 sunt
1474 2889 1653 2929 redditae
1688 2890 1868 2928 codicum

131 2938 397 2991 discrepantia
418 2943 608 2993 neglecta)
774 2956 822 2981 21
857 2944 971 2982 natio
1000 2944 1050 2982 Tl
1216 2958 1267 2983 22
1298 2945 1536 2984 distinctam
1558 2943 1604 2982 K
1728 2945 1796 2984 hic
1821 2945 1871 2984 Cl

133 3006 184 3043 23
213 2996 531 3042 generationem
554 2996 599 3034 K
751 3011 800 3046 24
830 2998 936 3037 sieut
961 3029 968 3037 .
997 3028 1005 3038 .
1034 3030 1040 3038 .
1066 3012 1177 3039 nasc.
1203 3012 1285 3040 om.
1307 2999 1362 3037 Β1
1494 3013 1517 3037 a
1539 2999 1787 3047 quibusdam
1810 2997 1869 3036 Κι
