2228 3444
432 127 1063 176 ETYMOLOGIARVM
1103 127 1232 173 LIB.
1272 126 1391 172 VII.
1431 126 1491 184 vi,
1531 123 1594 172 vii

140 268 305 308 autem
366 258 502 322 quod
554 265 786 320 quattuor
838 256 888 304 in
936 255 1104 304 Veteri
1153 258 1476 304 Testamento
1537 253 1726 317 absque
1782 254 1884 301 ullo

139 341 383 389 velamine
411 338 699 387 nominibus
734 337 847 398 suis,
884 346 1151 400 antequam
1184 345 1517 396 nascerentur,
1548 334 1710 384 vocati
1740 343 1883 383 sunt:

140 422 368 480 Ismahel,
390 422 542 480 Isaac,
566 421 802 469 Salomon
822 428 870 467 et
889 418 1058 468 IosiaS.
1107 421 1238 482 Lege
1258 417 1544 481 Scripturas.
1599 416 1753 464 Iacob
1774 415 1884 464 sub·
1907 433 1938 482 5

138 504 382 566 plantator
407 501 763 565 interpretatur,
786 500 886 550 sive
911 501 1044 564 quod
1074 499 1125 548 in
1144 509 1252 550 ortu
1278 502 1499 564 plantam
1525 497 1771 548 nascentis
1798 500 1884 546 fra-

90 601 111 641 5
137 584 219 633 tris
265 583 664 648 adprehenderit,
705 582 805 632 sive
842 583 979 646 quod
1021 592 1194 646 postea
1238 583 1434 630 fratrem
1476 590 1579 630 arte
1616 579 1881 643 deceperit.

135 667 283 715 Vnde
309 675 357 715 et
385 668 515 714 Esau
537 664 657 715 dixit
677 663 881 729 (Genes.
910 679 984 726 27,
1010 664 1093 729 36)
1121 683 1128 712 :
1160 665 1324 713 ‘Iuste
1344 672 1576 712 vocatum
1603 671 1676 712 est
1695 679 1881 711 nornen

136 747 239 796 eius
279 748 448 807 Iacob,
488 746 822 810 subplantavit
855 747 984 795 enim
1026 762 1106 795 me
1142 763 1259 796 ecce
1297 746 1551 795 secundo.'
1625 746 1774 794 Israel
1814 744 1882 793 vir
1905 750 1939 797 6

135 829 306 879 videns
335 833 513 878 Deum.
586 832 731 877 Tunc
768 827 899 877 enim
937 830 1033 878 hoc
1069 845 1255 878 nomen
1292 827 1498 891 accepit,
1538 829 1741 891 quando
1778 835 1882 876 tota

133 921 280 960 nocte
310 913 522 959 luctatus
553 910 667 959 vicit
702 912 752 958 in
790 910 1058 960 certamine
1094 912 1340 975 angelum,
1370 919 1418 959 et
1455 909 1643 959 oriente
1679 909 1882 959 lucifero

61 1008 108 1036 10
133 992 426 1042 benedictus
453 1002 539 1041 est.
616 993 743 1041 Inde
779 1003 978 1057 propter
1015 992 1256 1042 visionem
1289 991 1386 1041 Dei
1423 993 1575 1041 Israel
1604 993 1880 1056 appellatus

132 1083 218 1134 est,
247 1073 373 1123 sicut
404 1082 452 1123 et
483 1075 587 1137 ipse
622 1074 688 1123 ait
716 1074 915 1141 (Genes.
938 1093 1015 1139 32,
1038 1074 1151 1138 30):
1193 1074 1338 1124 ‘Vidi
1372 1073 1648 1123 Dominum
1675 1083 1723 1123 et
1749 1076 1882 1123 salva

130 1158 258 1205 facta
282 1165 356 1205 est
379 1155 543 1205 anima
570 1159 711 1205 mea.'
783 1157 968 1206 Ruben
993 1156 1338 1221 interpretatur
1363 1156 1565 1206 visionis
1591 1155 1736 1205 filius,
1799 1158 1879 1206 Sic
1901 1173 1930 1222 7

130 1237 278 1298 enirn,
298 1240 500 1302 quando
516 1254 631 1287 eum
648 1239 836 1303 peperit
854 1238 956 1299 Lia,
973 1240 1164 1289 vocavit
1182 1256 1367 1288 nomen
1386 1238 1490 1288 eius
1501 1239 1687 1288 Ruben
1705 1238 1877 1288 dicens

130 1318 331 1381 (GeneS.
357 1338 431 1382 29,
453 1317 536 1383 32)
558 1340 566 1369 ;
597 1320 757 1382 ‘Quia
772 1321 893 1370 vidit
912 1324 1049 1370 Deus
1072 1320 1401 1370 humilitatem
1423 1322 1619 1370 meam.'
1670 1320 1874 1370 Simeon
1901 1328 1930 1374 8

57 1419 102 1459 15
128 1402 469 1466 interpretatur
494 1401 696 1451 auditio.
772 1403 851 1452 Sic
877 1403 1009 1452 enim
1036 1402 1157 1453 dixit
1184 1403 1286 1462 Lia,
1316 1404 1520 1466 quando
1545 1403 1734 1466 peperit
1760 1421 1874 1453 eum

129 1484 330 1547 (Genes.
354 1502 426 1547 29,
449 1486 532 1550 33)
555 1505 564 1534 z
595 1486 754 1546 ‘Quia
770 1485 1017 1534 exaudivit
1035 1503 1114 1535 me
1132 1487 1302 1534 Deus.'
1346 1484 1467 1534 Levi
1486 1484 1698 1534 additus.
1740 1483 1876 1532 Dixit
1900 1496 1935 1543 9

128 1565 260 1614 enirn
301 1567 403 1626 Lia,
439 1569 642 1630 quando
676 1568 864 1630 peperit
896 1585 1026 1628 eum,
1068 1583 1171 1616 non
1199 1567 1458 1630 ambigens
1492 1567 1555 1616 de
1589 1582 1758 1615 amore
1788 1565 1876 1615 viri

127 1648 331 1711 (Genes.
354 1666 427 1711 29,
449 1650 564 1714 34);
605 1653 616 1675 ‘
638 1652 785 1699 Nunc
822 1665 1019 1698 mecum
1054 1648 1143 1699 erit
1176 1649 1246 1698 vir
1283 1666 1437 1709 meus,
1478 1647 1594 1712 quia
1626 1645 1794 1711 peperi
1832 1645 1876 1695 ei

129 1737 225 1778 tres
252 1728 408 1778 filios.'
468 1732 620 1780 Iudas
641 1731 886 1780 confessio
904 1730 1095 1780 dicitur.
1161 1732 1380 1793 Quando
1398 1732 1532 1780 enirn
1553 1731 1742 1794 peperit
1758 1745 1872 1778 eum
1898 1746 1956 1781 10

56 1834 106 1862 20
130 1809 441 1870 Lia‚laudem
461 1814 682 1862 Domino
699 1812 883 1862 rettulit
900 1812 1072 1862 dicens
1090 1812 1293 1878 (Genes.
1318 1831 1395 1876 29,
1415 1830 1440 1876 3
1449 1813 1516 1878 5):
1542 1814 1714 1861 ‘Nunc
1730 1828 1876 1875 super

129 1894 224 1941 hoc
250 1894 525 1943 confitebor
546 1894 800 1954 Domino,’
821 1904 868 1943 et
894 1895 960 1944 ob
986 1894 1037 1944 id
1058 1904 1261 1944 vocatus
1287 1904 1360 1944 est
1381 1897 1547 1944 Iudas.
1623 1896 1669 1941 A
1688 1895 1877 1942 confes-

129 1973 267 2023 sione
292 1973 459 2038 itaque
478 1993 663 2025 nomen
683 1976 786 2024 eius
808 1973 926 2042 [est]
953 1975 1156 2035 dictum,
1181 1977 1317 2040 quod
1343 1986 1416 2026 est
1442 1976 1706 2039 gratiarum
1726 1975 1871 2025 actio.

132 2057 353 2105 Issachar
369 2056 714 2120 interpretatus
742 2066 815 2106 est
840 2073 1042 2106 merces.
1107 2059 1156 2106 Is
1183 2059 1366 2121 quippe
1392 2057 1571 2107 dicitur
1595 2066 1682 2117 est,
1704 2058 1876 2106 sachar
1900 2075 1944 2109 11

131 2154 331 2186 merces.
406 2140 523 2187 Hoc
538 2148 705 2189 autern
732 2138 862 2199 ideo,
889 2139 1005 2203 quia
1025 2139 1361 2203 mandragoris
1387 2139 1473 2188 filii
1501 2139 1686 2189 Ruben
1713 2139 1876 2190 introi-

59 2242 105 2282 25
129 2227 234 2268 turn
259 2218 360 2280 viri,
389 2220 474 2283 qui
508 2220 714 2270 Racheli
747 2221 1037 2282 debebatur,
1066 2223 1130 2271 ad
1164 2238 1216 2271 se
1251 2231 1435 2271 emerat
1470 2221 1571 2270 Lia.
1646 2222 1796 2271 Vnde
1827 2231 1875 2271 et

128 2302 249 2350 dum
276 2310 419 2351 natus
445 2311 530 2362 est,
561 2302 681 2352 dixit
714 2302 804 2351 Lia
836 2302 1040 2367 (Genes.
1062 2321 1138 2367 30,
1165 2302 1244 2368 18)
1267 2322 1275 2352 :
1315 2308 1326 2330 ‘
1344 2304 1499 2353 Dedit
1528 2306 1666 2353 Deus
1693 2320 1874 2353 merce·

129 2383 244 2431 dem
262 2384 456 2432 meam.'
504 2384 728 2433 Zabulon
748 2384 1093 2449 interpretatur
1111 2385 1465 2435 habitaculum.
1517 2388 1720 2436 Sextum
1738 2386 1870 2436 enirn
1895 2404 1950 2440 12

130 2464 262 2513 hunc
289 2466 443 2514 filiurn
468 2475 703 2529 genuerat
730 2466 850 2517 Lia:
888 2477 1147 2531 propterea
1179 2466 1277 2516 iarn
1309 2485 1480 2518 secura
1514 2468 1635 2518 dixit
1666 2469 1869 2533 (Genes.

131 2564 209 2610 30,
226 2546 307 2611 20)
333 2566 342 2595 :
383 2552 393 2572 ‘
412 2536 675 2597 Habitabit
701 2565 897 2598 mecum
924 2548 994 2598 vir
1020 2551 1191 2598 meus?
1261 2551 1410 2599 Vnde
1436 2559 1483 2599 et
1509 2550 1637 2599 filius
1663 2550 1767 2600 eius
1794 2568 1874 2600 vo-

188 2688 205 2713 1
237 2676 400 2728 autern]
422 2677 534 2716 enim
557 2677 609 2716 Cl
718 2691 744 2728 3
765 2684 807 2717 et
828 2679 942 2718 ozias
962 2678 1071 2718 BT:
1099 2679 1212 2719 ozias
1232 2678 1278 2718 K
1387 2679 1506 2730 leges
1529 2680 1578 2719 Cl
1691 2695 1717 2732 4
1736 2681 1871 2732 quod]

132 2730 294 2780 quaeB
403 2731 446 2770 in
468 2733 591 2771 horta
614 2733 732 2782 (corr.
755 2733 869 2786 ortu)
891 2746 968 2773 suo
990 2734 1102 2784 plan.
1127 2733 1163 2773 C
1269 2748 1292 2784 7
1315 2748 1416 2774 ecce
1437 2748 1518 2774 om.
1543 2735 1590 2773 K
1702 2749 1751 2775 10
1771 2746 1869 2785 app.

138 2784 215 2824 Isr.
237 2785 347 2825 sicut
367 2785 413 2824 K
633 2799 679 2836 13
709 2787 875 2838 peperit
895 2801 976 2828 om.
1007 2788 1059 2826 Τ1
1283 2802 1330 2839 14
1361 2790 1481 2840 quia]
1502 2790 1613 2840 quod
1634 2789 1702 2829 B:
1731 2803 1814 2830 om.
1840 2790 1876 2829 C

135 2841 184 2876 16
213 2840 330 2892 quia]
353 2841 465 2891 quod
487 2840 528 2879 Β
668 2843 716 2880 18
746 2842 864 2894 quia]
887 2843 1000 2893 quod
1020 2842 1062 2880 B
1183 2856 1231 2881 21
1266 2844 1328 2896 id]
1350 2845 1431 2884 hoc
1452 2843 1500 2885 K
1608 2858 1659 2883 22
1690 2851 1755 2883 est
1773 2845 1865 2884 hab.

133 2892 248 2934 BK:
277 2909 358 2934 om.
386 2895 464 2934 CT
563 2909 615 2946 23
636 2897 710 2936 int.
732 2909 814 2936 om.
837 2897 884 2935 K
903 2901 1007 2947 (non
1022 2898 1107 2949 A):
1129 2903 1217 2936 -tur
1230 2898 1357 2938 Arev.
1443 2900 1481 2938 is
1503 2899 1607 2952 (his)
1632 2899 1790 2950 quippe
1812 2899 1868 2938 di.

134 2952 200 2986 est
227 2948 329 2998 (om.
356 2948 418 3001 B)
439 2949 575 2989 isacar
595 2950 723 3003 (-ch-)
744 2951 935 2991 ABCT:
959 2952 1117 2992 hachar
1144 2965 1312 3003 quoque
1342 2954 1396 2994 di.
1419 2967 1517 2994 saca
1537 2953 1584 2992 K
1703 2967 1757 3002 24
1787 2954 1870 2993 hoc

133 3013 200 3041 au.
224 3002 302 3054 id.]
323 3010 501 3054 propter
519 3005 598 3044 hoc
618 3005 665 3044 K
682 3007 783 3056 (non
803 3006 867 3057 A)
1009 3006 1127 3059 quia]
1148 3008 1262 3056 quod
1282 3007 1324 3046 B
1498 3020 1549 3058 25
1581 3008 1673 3059 qui]
1695 3008 1794 3058 quia
1818 3009 1870 3048 Cl

133 3057 186 3094 28
215 3063 389 3106 generat
410 3058 456 3098 K
566 3059 638 3100 Lia
659 3073 755 3110 gen.
778 3060 819 3098 B
931 3062 1010 3101 iam
1031 3075 1112 3100 om.
1145 3061 1183 3100 T
1286 3077 1339 3114 29
1369 3063 1574 3102 habitavit
1599 3063 1704 3116 <ab-)
1728 3062 1859 3102 ΒΚΤ
