2228 3444
1049 168 1322 216 ISIDORI

308 305 458 359 atque
479 297 651 346 dolore
673 295 795 363 [sive
816 299 1064 364 φλεγμονὴ
1084 307 1157 347 θεῖ
1175 297 1471 362 inquietudo
1491 317 1604 348 cum
1631 301 1808 350 rubore
1828 309 1876 350 et
1896 303 2066 350 dolore

310 387 358 428 et
383 378 610 429 tensione
636 389 684 429 et
709 379 889 429 duritia
914 389 963 430 et
992 379 1255 447 vastitate}
1320 383 1463 444 Quae
1489 400 1603 431 cum
1630 382 1848 447 coeperit
1874 383 1995 445 fieri,
2019 393 2067 433 et

307 460 458 510 febris
495 461 829 526 consequitur.
902 464 1051 512 Vnde
1089 471 1137 511 et
1173 462 1305 511 dicta
1342 473 1416 512 est
1454 466 1715 531 φλεγμονή,
1754 467 1846 515 ἀπὸ
1883 467 2063 533 φλέγει,

308 540 360 591 id
398 552 471 591 est
500 542 827 594 inflammans.
901 544 982 594 Sic
1012 544 1145 594 enim
1179 544 1385 595 sentitur
1418 555 1466 596 et
1496 546 1613 597 inde
1643 564 1827 598 nomen
1859 548 2063 613 accepit.

256 625 286 672 8
312 624 542 674 Pleurisis
576 636 648 675 est
683 628 825 676 dolor
854 626 1016 676 lateris
1049 636 1223 676 acutus
1258 645 1372 676 cum
1403 628 1539 678 febre
1564 638 1612 678 et
1637 639 1783 693 sputo
1809 630 2068 694 sanguino-
2091 651 2111 692 5

309 708 458 756 lento.
532 710 685 757 Latus
719 708 852 758 enim
879 710 1069 759 Graece
1102 712 1283 773 πλευρὰ
1315 710 1508 771 dicitur,
1535 713 1670 761 unde
1698 710 1786 779 [et]
1814 712 2068 776 pleuritica

253 799 287 847 9
310 789 474 852 passio
493 807 677 839 nomen
702 792 908 854 accepit.
967 791 1367 855 Peripleumonia
1387 802 1460 841 est
1484 793 1733 856 pulmonis
1754 793 1927 842 vitium
1953 811 2065 843 cum

311 873 482 920 dolore
498 872 781 921 vehementi
808 883 855 922 et
881 872 1104 937 suspirio.
1163 874 1339 923 Graeci
1361 874 1493 923 enim
1519 877 1806 939 pulmonem
1827 878 2069 940 πλεύμονα

228 964 288 1000 10
311 963 503 1013 vocant,
528 955 662 1004 unde
684 964 731 1003 et
751 954 1007 1019 aegritudo
1028 955 1161 1004 dicta
1181 965 1268 1004 est.
1323 957 1601 1020 Apoplexia
1620 967 1692 1007 est
1712 957 1874 1007 subita
1894 957 2068 1007 effusio

311 1036 579 1101 sanguinis,
596 1054 692 1100 qua
713 1039 935 1087 suffocati
958 1037 1220 1088 intereunt.
1285 1039 1431 1087 Dicta
1451 1049 1616 1089 autem
1636 1040 1905 1105 apoplexia,
1930 1043 2066 1105 quod
2095 1060 2141 1089 10

310 1136 368 1167 ex
398 1118 529 1168 letali
563 1136 797 1182 percussu
829 1120 1115 1184 repentinus
1150 1137 1292 1170 casus
1326 1123 1421 1170 fiat.
1498 1122 1674 1172 Graeci
1709 1122 1839 1172 enim
1875 1141 2068 1187 percus-

242 1212 287 1248 11
311 1201 501 1250 sionem
541 1203 806 1265 ἀπόπληξιν
842 1212 1035 1251 vocant.
1112 1204 1347 1266 Spasmus
1385 1203 1559 1253 Latine
1597 1204 1868 1254 contractio
1906 1205 2066 1255 subita

309 1286 518 1348 partium
541 1294 624 1332 aut
642 1301 903 1333 nervorum
925 1302 1039 1333 cum
1059 1286 1229 1334 dolore
1247 1286 1543 1335 vehementi.
1598 1289 1762 1348 Quam
1784 1287 2064 1350 passionem

304 1384 331 1414 a
358 1368 507 1415 corde
539 1365 846 1415 nominatam
880 1366 1122 1427 dixerunt,
1153 1367 1237 1431 qui
1271 1367 1319 1415 in
1356 1367 1500 1417 nobis
1534 1368 1864 1433 principatum
1891 1369 2067 1433 vigoris

307 1446 471 1494 habet.
548 1447 625 1496 Fit
664 1458 829 1498 autem
871 1450 1069 1498 duobus
1114 1448 1291 1511 modiS,
1333 1459 1418 1497 aut
1458 1467 1515 1498 ex
1558 1450 1842 1514 repletione,
1882 1461 1967 1500 aut
2010 1469 2068 1500 ex
2094 1471 2140 1512 15

229 1540 285 1575 12
310 1525 595 1577 inanitione.
671 1532 893 1578 Tetanus
924 1529 1079 1580 maior
1113 1539 1186 1579 est
1219 1530 1493 1579 contractio
1523 1548 1783 1580 nervorum
1817 1550 1846 1580 a
1878 1532 2067 1581 cervice

232 1622 287 1669 13
311 1609 375 1656 ad
418 1610 635 1658 dorsum.
709 1613 889 1660 Telum
929 1611 1091 1660 lateris
1135 1613 1278 1661 dolor
1321 1622 1408 1661 est.
1483 1612 1688 1662 Dictum
1726 1623 1892 1663 autem
1935 1614 2001 1663 ita
2039 1632 2068 1663 a

233 1703 289 1751 14
314 1689 533 1750 medicis,
554 1694 690 1754 quod
712 1694 883 1742 dolore
910 1710 1087 1756 corpus
1114 1695 1485 1752 transverberet,
1507 1694 1646 1758 quasi
1671 1695 1876 1758 gladius.
1935 1698 2067 1745 Ileos

310 1773 452 1820 dolor
491 1772 848 1823 intestinarum.
922 1777 1070 1824 Vnde
1114 1785 1161 1824 et
1201 1775 1281 1824 ilia
1320 1775 1452 1825 dicta
1495 1786 1620 1825 sunt.
1697 1778 1885 1827 Graece
1934 1777 2066 1826 enim

314 1853 497 1909 †ilios†
534 1856 797 1905 obvolvere
840 1856 1030 1916 dicitur,
1072 1859 1207 1920 quod
1249 1874 1300 1906 se
1340 1856 1602 1908 intestinae
1641 1875 1756 1922 prae
1793 1860 1964 1908 dolore
2001 1860 2068 1906 in-
2094 1882 2143 1909 20

310 1937 521 1984 volvant.
598 1938 669 1985 Hi
701 1947 748 1987 et
782 1938 1041 1988 turminosi
1067 1938 1313 1998 dicuntur,
1340 1940 1403 1987 ab
1434 1939 1774 1989 intestinarum
1803 1950 2064 1990 tormento.

233 2023 288 2072 15
309 2014 616 2081 Ὑδροφοβία,
658 2021 707 2068 id
747 2030 820 2069 est
858 2037 1016 2083 aquae
1061 2030 1233 2069 metus
1308 2021 1484 2070 Graeci
1533 2022 1665 2070 enim
1715 2023 1832 2087 ὕδωρ
1869 2040 2066 2086 aquam,

311 2103 470 2163 φόβον
495 2101 723 2151 timorem
751 2103 938 2159 dicunt,
967 2105 1101 2152 unde
1135 2113 1183 2152 et
1211 2103 1373 2151 Latini
1399 2105 1531 2153 hunc
1566 2105 1793 2153 morbum
1820 2105 1883 2154 ab
1909 2121 2067 2168 aquae

313 2193 446 2232 metu
483 2185 839 2247 lymphaticum
878 2195 1070 2234 vocant.
1147 2185 1223 2233 Fit
1261 2195 1427 2234 autem
1466 2183 1596 2254 [aut]
1636 2205 1694 2236 ex
1737 2187 1871 2236 canis
1909 2187 2064 2237 rabidi

312 2282 495 2325 morsu,
531 2276 615 2314 aut
653 2284 711 2314 ex
746 2266 870 2315 aeris
908 2284 1084 2330 spuma
1126 2266 1175 2314 in
1218 2277 1343 2315 terra
1380 2267 1611 2330 proiecta,
1651 2286 1799 2331 quam
1839 2269 1877 2317 si
1915 2270 2067 2318 homo
2093 2291 2139 2330 25

311 2350 387 2396 vel
414 2348 570 2396 bestia
590 2348 814 2411 tetigerit,
834 2359 918 2397 aut
945 2348 1196 2397 dementia
1221 2351 1434 2412 repletur
1458 2359 1542 2398 aut
1568 2350 1618 2398 in
1643 2350 1828 2400 rabiem
1851 2351 2063 2400 vertitur.

229 2426 289 2474 16
313 2428 660 2479 Carbunculus
682 2431 857 2490 dictus,
882 2432 1018 2494 quod
1044 2430 1093 2478 in
1115 2441 1223 2479 ortu
1250 2448 1340 2479 suo
1358 2431 1539 2480 rubens
1565 2434 1642 2493 sit,
1663 2442 1715 2482 ut
1735 2433 1874 2496 ignis,
1895 2443 2068 2496 postea

237 2519 290 2569 17
313 2510 462 2574 niger,
483 2521 535 2559 ut
561 2510 710 2560 carbo
736 2512 993 2561 extinctus.
1057 2513 1341 2562 Pestilentia
1365 2523 1439 2562 est
1462 2514 1761 2579 contagium,
1784 2518 1920 2579 quod
1946 2517 2067 2564 dum

372 2655 387 2679 1
422 2642 510 2680 sive
532 2671 542 2681 .
570 2671 578 2679 .
602 2672 610 2681 .
636 2649 743 2681 vast.
765 2656 845 2682 om.
868 2642 978 2681 codd.
1004 2642 1071 2694 (cf.
1096 2644 1244 2694 supm)
1375 2656 1400 2692 3
1431 2642 1599 2695 φλέγει]
1622 2644 1719 2694 ssegi
1745 2644 1881 2684 CKT:
1915 2644 2008 2683 sseci
2029 2644 2071 2682 Β

314 2710 338 2745 5
371 2697 583 2735 Fleoresis
606 2697 650 2734 K
666 2710 673 2734 :
708 2697 740 2735 F
743 2697 871 2736 leoris
891 2696 944 2734 M
1049 2700 1075 2735 6
1105 2703 1146 2736 et
1169 2698 1261 2736 hab.
1286 2697 1375 2736 ΒΚ
1388 2713 1396 2737 :
1430 2711 1513 2738 om.
1539 2698 1616 2737 CT
1617 2699 1658 2738 U
1818 2699 2004 2750 pleorica
2022 2699 2071 2738 K

316 2764 337 2800 7
369 2751 523 2800 accipit
561 2750 595 2789 C
742 2765 792 2791 10
835 2752 936 2803 qua]
973 2752 1072 2802 quia
1115 2751 1204 2791 TC1
1355 2764 1403 2800 14
1441 2754 1511 2802 qui
1547 2752 1643 2793 CK:
1686 2752 1782 2803 quia
1811 2751 1880 2793 B:
1916 2767 1998 2804 que
2035 2754 2072 2791 T

317 2818 367 2854 15
397 2819 463 2845 au.
486 2819 542 2845 ex
562 2807 630 2845 du.
655 2805 696 2842 Β
807 2820 890 2845 mo.
914 2812 958 2846 et
977 2807 1082 2857 repl.
1107 2805 1157 2845 C1
1298 2807 1348 2845 16
1378 2821 1402 2845 a
1422 2821 1503 2847 om.
1535 2807 1571 2845 T
1734 2810 1783 2847 18
1813 2807 1944 2847 Yleos
1962 2806 2066 2846 BC:

317 2859 485 2910 Hyleos
513 2860 569 2899 T:
602 2860 704 2899 Ilius
725 2859 772 2897 K
894 2874 942 2911 19
973 2861 1086 2900 enirn
1106 2874 1189 2900 om.
1212 2860 1253 2898 Β
1367 2873 1418 2900 20
1448 2862 1530 2901 ilea
1551 2862 1802 2902 subvolvere
1822 2861 1888 2900 K:
1921 2861 2066 2902 εἶλύειν

316 2915 412 2953 obv.
440 2915 564 2955 Otto:
596 2916 718 2954 εἱλεῖν
738 2916 830 2954 obv.
854 2915 981 2955 Arev.
1001 2929 1009 2954 :
1042 2914 1237 2954 εἴλίσσειν
1258 2916 1352 2956 obv.
1379 2917 1454 2955 aliz·
1580 2930 1631 2955 22
1660 2915 1782 2969 ὕδωρ]
1803 2917 1911 2967 ydro
1934 2917 2063 2968 (idro)

319 2968 439 3007 CKT
558 2984 608 3020 23
638 2969 792 3022 φόβον]
820 2970 928 3010 fobis
949 2969 1054 3010 KT:
1087 2969 1173 3010 fobi
1195 2970 1258 3010 B:
1289 2971 1402 3010 fobin
1429 2971 1464 3010 C
1569 2971 1681 3010 unde
1702 3003 1711 3013 .
1736 3001 1745 3011 .
1769 3002 1778 3012 .
1803 2977 1958 3011 vocant
1978 2985 2062 3010 om.

322 3023 474 3070 Timon
489 3024 543 3077 V)
632 3025 687 3064 ob
704 3038 811 3075 aque
828 3031 986 3065 motum
1002 3024 1044 3063 Β
1154 3039 1204 3075 24
1226 3031 1298 3065 aut
1315 3026 1404 3066 lzab.
1420 3025 1514 3066 BC:
1536 3039 1619 3066 om.
1635 3024 1724 3067 ΚΤ
1827 3038 1877 3076 25
1899 3027 2011 3066 suma
2023 3025 2069 3064 K

315 3079 368 3116 28
398 3084 441 3117 et
462 3079 620 3119 tinctus
649 3079 685 3118 T
