2176 3424
986 105 1259 154 ISIDORI

241 242 289 282 et
314 231 483 296 opinio
509 243 582 283 est
606 235 742 298 apud
768 235 964 283 Gothos
996 236 1059 284 ab
1089 234 1293 299 antiqua
1327 236 1623 299 cognatione
1651 239 1855 288 Mauros
1878 255 1998 288 con-

135 328 218 374 119
243 313 569 379 sanguinitate
595 314 901 380 propinquos
927 315 1020 365 sibi
1046 333 1236 367 vocare.
1313 316 1528 368 Africam
1554 327 1720 368 autem
1754 319 1894 370 initio
1919 322 2000 369 ha-

244 398 396 447 buere
422 396 618 462 LibyeS,
647 397 831 447 deinde
856 397 976 458 Afri,
1005 408 1117 461 post
1143 400 1265 448 haec
1292 400 1475 461 Getuli‚
1504 409 1809 464 postremum
1837 402 2002 451 Mauri

130 493 221 529 120
244 488 291 528 et
318 480 366 528 N
371 479 579 530 umides.
639 479 803 529 Mauri
821 488 869 529 et
891 479 1157 541 Numidae,
1174 489 1228 530 ut
1254 481 1359 530 Afri
1385 491 1574 546 putant,
1597 482 1667 532 sic
1688 493 2003 547 sumpserunt

245 560 502 611 exordium
523 570 571 610 et
596 560 910 611 vocabulum.
966 564 1097 612 Nam
1119 572 1382 628 postquam
1409 563 1459 613 in
1486 564 1734 629 Hispania
1758 568 2003 616 Hercules
2029 579 2050 619 5

244 642 441 704 interiit,
471 652 518 693 et
545 642 785 694 exercitus
820 644 924 694 eius
960 644 1249 710 conpositus
1281 663 1339 695 ex
1370 646 1511 695 variis
1543 646 1788 711 gentibus,
1821 647 2005 698 amisso

245 728 386 786 duce,
437 725 619 791 passim
659 726 754 776 sibi
790 728 934 777 sedes
972 727 1291 791 quaerebant,
1330 744 1389 778 ex
1425 746 1486 779 eo
1524 746 1732 780 numero
1776 729 1918 780 Medi
1957 739 2005 779 et

247 811 425 858 Persae
451 817 499 858 et
524 808 748 859 Armenii
773 808 981 859 navibus
1008 810 1059 858 in
1094 810 1313 859 Africam
1351 810 1613 861 transvecti
1638 811 1860 875 proxima
1885 811 2005 860 mari

147 903 223 939 121
246 892 355 940 loca
387 907 704 955 occupavere.
779 893 877 941 Sed
904 894 1095 952 Persae,
1124 893 1245 941 dum
1271 892 1526 942 materiam
1551 893 1601 942 in
1628 893 1753 958 agris
1778 911 1867 958 pro
1893 910 2007 943 con-

249 972 496 1022 struendis
537 972 800 1023 domiciliis
827 990 930 1024 non
955 973 1247 1035 invenirent,
1280 984 1328 1024 et
1368 974 1534 1039 ignara
1570 975 1737 1039 lingua
1769 992 2008 1025 commer-
2036 989 2084 1017 10

248 1055 380 1105 cium
406 1054 702 1119 prohiberet,
725 1071 811 1119 per
830 1065 1055 1120 patentes
1075 1072 1216 1119 agros
1243 1065 1290 1105 et
1310 1055 1526 1106 diversas
1553 1056 1843 1107 solitudines
1869 1074 2007 1122 vaga-

250 1138 443 1198 bantur,
495 1147 542 1187 et
590 1155 619 1186 a
666 1137 1069 1201 pabulationibus
1118 1138 1425 1202 vagabundis
1474 1138 1766 1203 semetipsos
1814 1141 2010 1205 propria

251 1219 419 1283 lingua
460 1220 705 1270 Numides
751 1221 1134 1284 appellaverunt,
1176 1220 1227 1270 id
1275 1231 1348 1270 est
1387 1220 1493 1271 sine
1540 1221 1728 1286 oppido
1766 1239 1914 1286 vagos
1962 1233 2011 1272 et

143 1317 231 1356 122
253 1311 482 1352 errantes.
558 1301 700 1352 Medi
724 1314 890 1352 autem
925 1320 1039 1352 cum
1068 1302 1234 1366 Libyis
1261 1320 1313 1352 se
1338 1303 1652 1365 miscuerunt,
1682 1303 1766 1368 qui
1790 1304 2011 1369 proxima

256 1384 504 1448 Hispania
529 1384 874 1434 inhabitabant
898 1404 907 1444 ;
938 1403 1147 1449 quorum
1176 1402 1359 1436 nomen
1386 1385 1621 1450 paulatim
1649 1387 1829 1450 Libyes
1855 1403 2011 1437 corru-
2040 1399 2085 1440 15

254 1484 384 1532 pere,
420 1466 629 1516 barbara
662 1467 829 1530 lingua
863 1469 1068 1517 Mauros
1102 1477 1301 1532 propter
1335 1469 1517 1517 Medos
1547 1470 1867 1532 appellantes,
1898 1468 2012 1517 licet

255 1548 420 1599 Mauri
456 1549 522 1598 ob
560 1551 776 1599 colorem
814 1566 843 1598 a
876 1548 1077 1600 Graecis
1111 1558 1361 1599 vocentur.
1437 1549 1612 1599 Graeci
1649 1549 1782 1600 enim
1819 1549 2011 1615 nigrum

254 1635 431 1696 μαῦρον
472 1641 665 1680 vocant.
762 1631 1008 1681 Aestifero
1051 1631 1236 1695 quippe
1279 1633 1441 1681 calore
1477 1632 1626 1681 afflati
1664 1631 1880 1696 speciem
1922 1633 2012 1681 atri

144 1741 232 1788 123
257 1713 434 1765 coloris
478 1716 682 1763 ducunt.
775 1713 1012 1778 Massylia
1050 1714 1219 1763 civitas
1257 1714 1453 1763 Africae
1491 1724 1577 1775 est,
1622 1732 1724 1764 non
1763 1716 1908 1779 longe
1949 1716 2013 1764 ab

257 1798 459 1846 Atlante
495 1805 543 1845 et
582 1794 736 1844 hortis
775 1795 1114 1859 Hesperidum
1132 1814 1146 1856 3
1182 1813 1210 1843 a
1245 1813 1343 1858 qua
1379 1795 1575 1845 civitate
1616 1795 1821 1859 Massyli
1853 1795 2015 1845 vocati
2041 1808 2090 1837 ²0

257 1888 385 1939 sunt,
410 1894 535 1942 quos
561 1894 653 1926 nos
679 1886 907 1940 corrupte
934 1879 1183 1926 Massulos
1209 1894 1457 1937 vocamUS,
1481 1879 1544 1926 de
1570 1877 1749 1940 quibus
1770 1878 2013 1941 Vergilius

259 1961 407 2025 (Aen.
431 1978 474 2021 4,
498 1959 618 2024 483)
642 1979 650 2008 ³

466 2041 567 2090 Hic
604 2040 725 2090 mihi
763 2042 1010 2104 Massylae
1045 2039 1203 2104 gentis
1240 2049 1510 2091 monstrata
1545 2042 1788 2091 sacerdos.

147 2138 237 2186 124
261 2125 527 2175 Gaulalum
563 2133 735 2187 gentes
773 2134 886 2172 sunt
921 2141 950 2172 a
980 2123 1185 2173 meridie
1221 2140 1379 2187 usque
1415 2113 1675 2174 Oceanum
1713 2124 2014 2186 Hesperium

263 2214 599 2270 pervagantes.
674 2205 770 2254 His
802 2222 988 2254 nomen
1022 2207 1214 2256 Gauloe
1247 2205 1407 2255 insula
1436 2205 1588 2265 dedit,
1621 2222 1748 2269 quae
1778 2215 1852 2255 est
1883 2207 2017 2255 iuxta
2043 2219 2089 2259 25

150 2300 239 2351 125
263 2287 595 2352 Aethiopiam,
625 2287 711 2337 ubi
735 2305 828 2337 nec
854 2305 1055 2351 serpens
1074 2287 1291 2337 nascitur
1305 2304 1469 2352 neque
1489 2287 1621 2337 vivit.
1693 2289 2016 2337 Garamantes

261 2372 431 2435 populi
469 2369 664 2419 Africae
701 2386 852 2434 prope
886 2372 1102 2433 Cyrenas
1135 2369 1481 2430 inhabitantes,
1518 2387 1547 2418 a
1574 2371 1872 2419 Garamante
1905 2387 2017 2433 rege

263 2451 509 2518 Apollinis
535 2451 637 2500 filio
658 2451 912 2512 nominati,
936 2451 1021 2516 qui
1046 2451 1115 2501 ibi
1140 2469 1198 2501 ex
1217 2468 1307 2501 suo
1324 2452 1526 2500 nomine
1546 2451 1760 2501 Garama
1775 2453 2015 2517 oppidum

323 2595 341 2621 1
374 2583 427 2622 ab
447 2588 535 2623 ant.
556 2597 641 2622 om.
666 2581 712 2622 K
731 2583 832 2635 (non
852 2583 917 2635 A)
1142 2597 1167 2622 2
1196 2582 1338 2621 vocari
1358 2581 1417 2620 K1
1612 2582 1776 2621 initium
1797 2582 1954 2621 habere
1974 2579 2021 2620 K

266 2653 292 2687 4
321 2651 382 2678 su.
403 2643 447 2676 et
466 2639 614 2678 exord.
638 2644 681 2677 et
702 2651 794 2678 voc.
827 2637 865 2676 T
966 2640 992 2676 6
1012 2637 1088 2677 int.
1109 2651 1176 2677 ex.
1199 2637 1236 2676 C
1342 2650 1363 2685 7
1386 2650 1453 2686 qu.
1477 2637 1554 2675 sed
1575 2649 1630 2675 ex
1649 2637 1704 2676 Β1
1724 2652 1733 2677 :
1754 2650 1821 2686 qu.
1837 2643 1879 2675 et
1899 2649 1953 2675 ex
1972 2635 2019 2674 K

267 2699 310 2733 et
331 2692 447 2744 persi
468 2692 579 2732 codd.
603 2694 666 2744 (et
686 2706 768 2732 om.
795 2693 846 2740 C)
959 2693 984 2729 8
1005 2699 1048 2731 et
1066 2692 1170 2744 Ar.]
1190 2691 1304 2731 meni
1331 2691 1383 2732 Tl
1403 2706 1412 2731 :
1432 2692 1595 2730 armeni
1619 2690 1654 2730 C
1763 2704 1813 2730 10
1832 2690 2016 2730 invenis·

267 2754 364 2788 sent
379 2747 426 2786 K
441 2761 451 2788 ε
473 2747 730 2786 invenerunt
751 2748 789 2787 T
898 2760 942 2786 11
966 2747 1223 2786 vacabantur
1237 2746 1324 2785 ΒΚ
1402 2759 1497 2795 vag.
1519 2747 1650 2796 apab.
1667 2745 1703 2784 C
1812 2758 1862 2795 13
1883 2745 2016 2784 numi-

269 2804 345 2842 das
365 2802 413 2842 K
524 2814 573 2851 14
594 2801 686 2853 qui]
707 2803 804 2852 quia
819 2802 865 2841 K
871 2802 909 2842 T
1015 2801 1197 2852 proximi
1220 2801 1258 2841 T
1366 2814 1413 2851 15
1437 2801 1634 2840 corrubte
1657 2799 1695 2838 T
1796 2813 1842 2849 17
1862 2812 2016 2838 vocan-

267 2864 336 2897 tur
349 2855 384 2897 C
393 2856 516 2908 (fort.
535 2858 645 2907 recte)
762 2858 810 2895 18
831 2857 1009 2909 quippe]
1027 2857 1125 2907 quia
1143 2861 1320 2908 propter
1335 2855 1382 2894 K
1397 2856 1501 2908 (non
1517 2855 1580 2907 A)
1695 2867 1744 2903 19
1764 2855 1907 2893 dicunt
1923 2853 2026 2892 B1T

270 2911 461 2952 Massilia
483 2911 562 2952 CK
579 2925 589 2950 ε
621 2911 796 2951 Massila
814 2911 880 2952 B:
913 2911 1064 2952 Masila
1083 2910 1130 2951 K
1380 2917 1383 2918 ’
1402 2923 1455 2958 24
1485 2909 1712 2960 hisperiam
1735 2914 2017 2958 per-vacantes

270 2965 316 3005 K
533 2979 583 3017 25
615 2966 795 3016 gauloen
817 2966 896 3006 BC
913 2981 922 3006 :
950 2966 1178 3017 gaulonem
1207 2965 1266 3006 T:
1297 2965 1419 3015 gaula
1441 2963 1486 3003 K
1718 2965 1770 3002 28
1798 2964 2018 3014 garamina

270 3034 366 3071 opp.
392 3021 438 3061 K
