2228 3444
503 175 779 223 ISIDORI
820 174 1455 222 ETYMOLOGIARVM
1497 173 1625 220 LIB.
1669 172 1767 219 III.
1806 170 1898 219 lxxi

327 311 452 372 Lyra
489 323 577 370 pro
618 305 867 354 Mercurio
906 304 954 352 in
993 305 1185 353 caelum
1223 304 1384 351 locata
1403 321 1415 363 3
1455 301 1523 351 sic
1561 301 1839 351 Centaurus
1875 300 2076 359 Chiron,

317 397 523 456 ‘propter
565 390 700 452 quod
743 386 965 436 nutrierit
1005 384 1357 448 Aesculapium
1403 393 1450 432 et
1488 383 1748 444 Achillem,
1790 382 1916 431 inter
1953 390 2080 430 astra

237 481 297 530 37
324 473 663 523 dinumeratus
701 479 787 519 est.
859 470 958 518 Sed
995 467 1219 532 quolibet
1262 468 1415 517 modo
1455 464 1813 530 superstitionis
1855 466 1977 513 haec
2015 464 2080 512 ab

324 554 611 604 hominibus
632 559 995 616 nuncupentur,
1019 559 1132 600 sunt
1151 559 1318 599 tamen
1345 549 1503 599 sidera
1529 566 1655 612 quae
1677 550 1815 596 Deus
1834 547 1886 595 in
1906 545 2080 595 mundi

324 637 566 702 principio
586 634 826 695 condidit,
849 650 906 683 ac
933 642 1067 683 certo
1090 642 1228 682 motu
1249 632 1550 696 distinguere
1574 640 1798 694 tempora
1818 627 2075 679 ordinavit.

236 723 300 785 38
327 723 525 769 Horum
564 718 707 782 igitur
744 717 994 781 signorum
1033 716 1415 775 observationes,
1450 715 1526 762 vel
1562 729 1780 777 geneses,
1809 713 1886 761 vel
1919 721 2080 760 cetera

324 801 674 867 superstitiosa,
703 816 830 863 quae
864 816 915 848 se
948 799 1013 847 ad
1047 796 1383 861 cognitionem
1421 795 1637 845 siderum
1675 794 1995 857 coniungunt,
2029 793 2080 840 id

325 895 398 935 est
423 886 486 934 ad
514 884 740 932 notitiam
774 882 999 940 fatorum,
1029 889 1078 928 et
1110 879 1226 928 fidei
1260 887 1457 928 nostrae
1488 879 1593 926 sine
1623 875 1934 926 dubitatione
1967 892 2080 923 con-

325 967 468 1017 traria
494 974 620 1025 sunt,
674 966 717 1012 ic
743 962 953 1026 ignorari
979 963 1165 1012 debent
1190 979 1218 1010 a
1238 959 1549 1021 Christianis,
1575 968 1627 1007 ut
1652 975 1745 1008 nec
1771 958 1950 1021 scripta
1975 973 2080 1007 esse

231 1063 300 1110 39
324 1050 598 1099 videantur.
623 1049 626 1052 ’
671 1048 769 1096 Sed
804 1044 1030 1094 nonnulli
1056 1044 1272 1094 siderum
1307 1042 1637 1108 pulcritudine
1662 1051 1710 1090 et
1735 1042 1952 1090 claritate
1978 1057 2080 1103 per-

323 1132 436 1182 lecti
475 1131 524 1179 in
561 1133 725 1193 lapsus
764 1130 1012 1177 stellarum
1048 1125 1259 1175 caecatis
1297 1125 1547 1175 mentibus
1580 1132 1891 1182 conruerunt,
1927 1121 1995 1170 ita
2028 1130 2080 1169 ut

323 1232 409 1278 per
434 1211 811 1276 subputationes
837 1209 1021 1268 noxias,
1052 1226 1178 1271 quae
1210 1207 1444 1256 mathesis
1470 1206 1661 1266 dicitur,
1690 1214 1893 1254 eventus
1919 1220 2079 1253 rerum

323 1298 564 1361 praescire
584 1310 730 1358 posse
751 1302 992 1342 conentur
1013 1313 1020 1342 :
1060 1308 1184 1354 quos
1206 1308 1307 1339 non
1329 1292 1489 1339 solum
1507 1287 1817 1340 Christianae
1834 1285 2080 1349 religionis

323 1382 566 1438 doctores,
591 1378 678 1425 sed
699 1375 847 1424 etiam
868 1373 1124 1437 gentilium
1148 1375 1303 1432 Plato,
1327 1372 1631 1431 Aristoteles,
1651 1379 1799 1432 atque
1818 1368 1898 1417 alii
1918 1384 2079 1417 rerum

324 1463 525 1512 veritate
552 1457 771 1508 conmoti
799 1455 1034 1506 concordi
1064 1455 1309 1505 sententia
1328 1456 1701 1512 damnaverunt,
1723 1450 1946 1500 dicentes
1967 1466 2081 1498 con-

228 1565 299 1614 40
324 1545 567 1593 fusionem
596 1557 755 1590 rerum
782 1538 945 1603 potius
967 1539 1029 1587 de
1054 1537 1138 1586 tali
1165 1537 1482 1600 persuasione
1507 1534 1740 1598 generari.
1799 1534 1928 1581 Nam
1957 1530 2081 1579 sicut

323 1642 478 1690 genus
514 1626 788 1672 humanum
826 1621 890 1669 ad
921 1619 1078 1668 varios
1115 1627 1254 1668 actus
1292 1616 1529 1666 nascendi
1567 1614 1860 1664 necessitate
1896 1618 2082 1676 preme-

324 1718 503 1767 rentur,
540 1723 624 1754 cur
657 1713 741 1752 aut
772 1703 970 1751 laudem
1008 1710 1286 1751 mereantur
1316 1698 1437 1748 boni
1470 1707 1554 1747 aut
1587 1696 1702 1745 mali
1736 1698 1899 1759 legum
1931 1693 2083 1758 perci-

323 1790 460 1854 piant
481 1788 757 1836 ultionem?
810 1786 872 1832 Et
887 1783 1116 1846 quamvis
1144 1781 1235 1846 ipsi
1261 1798 1363 1830 non
1390 1780 1568 1829 fuerint
1588 1778 1784 1828 caelesti
1812 1776 2081 1841 sapientiae

324 1871 493 1931 dediti,
522 1868 736 1919 veritatis
770 1876 938 1915 tamen
972 1864 1259 1914 testimonio
1293 1879 1477 1912 errores
1508 1862 1696 1911 eorum*
1714 1860 1888 1909 merito
1914 1875 2081 1923 percu-

243 1971 300 2018 41
324 1957 497 2004 lerunt.
555 1952 694 2005 Ordo
714 1957 881 1998 autem
907 1947 998 1996 iste
1019 1956 1209 2011 septem
1235 1944 1556 1995 saecularium
1578 1941 1946 2006 disciplinarum
1967 1939 2081 1989 ideo

323 2054 351 2085 a
379 2032 695 2096 Philosophis
729 2023 887 2093 usque
920 2031 985 2079 ad
1019 2038 1147 2077 astra
1180 2016 1447 2092 perductus
1482 2034 1567 2085 est,
1597 2023 1782 2073 scilicet
1808 2031 1861 2071 ut
1889 2022 2081 2071 animos

323 2115 557 2168 saeculari
585 2113 825 2178 sapientia
850 2111 1128 2175 implicatos
1154 2127 1182 2159 a
1208 2108 1411 2158 terrenis
1437 2107 1583 2157 rebus
1613 2105 1932 2161 abducerent,
1959 2113 2006 2153 et
2032 2106 2081 2153 in

325 2216 536 2265 superna
561 2194 983 2258 contemplatione
1010 2194 1431 2297 conlocarent7s

383 2341 399 2365 1
435 2327 534 2378 pro]
554 2333 650 2376 post
675 2325 723 2364 61
835 2338 859 2362 2
891 2322 1022 2373 inter]
1045 2323 1087 2360 in
1110 2321 1154 2358 K
1279 2334 1304 2370 3
1333 2319 1548 2369 quodlibet
1576 2318 1611 2356 T
1731 2332 1755 2367 4
1786 2324 2083 2367 nuncupantur

325 2382 453 2420 ACK
580 2394 603 2430 5
633 2394 681 2419 ac
705 2386 825 2419 certo
844 2383 958 2417 motu
978 2376 1128 2416 ABT:
1162 2378 1241 2415 hec
1266 2377 1390 2428 (haec
1414 2372 1484 2424 61)
1505 2386 1610 2422 ergo
1631 2378 1747 2412 motu
1770 2375 1850 2425 (-ta
1873 2371 1944 2424 61)
1965 2378 2082 2412 certo

331 2437 427 2476 61Κ
507 2442 698 2486 tempore
723 2434 770 2472 61
882 2435 907 2470 6
935 2444 1121 2482 geneses
1136 2430 1290 2470 ABT:
1321 2441 1505 2479 generes
1530 2427 1605 2467 61;
1635 2441 1793 2477 genera
1809 2426 1854 2464 K
1937 2426 2005 2465 vel
2020 2440 2077 2466 ce.

327 2491 446 2542 sup.]
472 2492 540 2530 vel
570 2498 738 2530 ceteras
770 2501 839 2527 res
863 2487 1186 2538 superstitiosas
1211 2484 1286 2523 61;
1319 2490 1361 2523 et
1381 2489 1471 2523 ctas
1505 2484 1642 2535 (cetas
1662 2496 1718 2522 m.
1743 2483 1786 2529 2)
1816 2494 1884 2520 res
1914 2493 2082 2531 suprae-

328 2548 520 2586 stitiosas
541 2544 586 2582 K
699 2559 717 2594 7
750 2557 798 2583 se
819 2556 900 2582 om.
929 2542 980 2580 61
1065 2538 1377 2591 cognitionem]
1398 2539 1713 2578 coiunctionem
1734 2536 1804 2575 K:
1832 2537 2081 2576 iunctionem

331 2600 380 2639 61
493 2614 519 2650 9
550 2599 674 2639 debet
697 2598 740 2635 K
848 2611 871 2636 a
894 2610 973 2635 om.
1000 2596 1037 2634 T
1141 2594 1242 2646 nec]
1263 2608 1318 2633 ne
1339 2592 1384 2630 K
1507 2606 1550 2631 11
1584 2593 1705 2642 lapsu
1727 2590 1837 2638 AEK:
1867 2591 2033 2630 laudem
2054 2591 2089 2628 C

328 2655 462 2695 cecati
489 2655 526 2693 T
636 2667 684 2693 12
714 2666 792 2704 per
812 2665 894 2691 om.
919 2650 1014 2689 61Κ
1096 2647 1352 2690 dicunturK
1433 2653 1632 2686 eventum
1653 2645 1731 2685 CK
1841 2658 1889 2696 13
1918 2646 2082 2684 nescire

336 2710 394 2751 T:
424 2709 671 2761 praecipere
697 2708 730 2746 C
837 2711 1047 2746 conantur
1069 2704 1119 2743 61
1322 2716 1369 2752 14
1399 2703 1727 2752 aristotelesque
1751 2701 1902 2754 (-1ique
1922 2698 1986 2752 K)
2010 2698 2088 2738 CK

334 2778 380 2816 15
409 2765 619 2805 varietate
647 2763 684 2801 T
755 2760 976 2812 concordi]
997 2760 1138 2799 cordis
1160 2759 1209 2797 61
1323 2760 1373 2796 16
1403 2756 1533 2809 sicut]
1554 2756 1590 2795 si
1615 2756 1665 2794 62
1681 2756 1783 2806 (non
1802 2754 1943 2805 DH>:
1972 2754 2082 2793 sicut

330 2823 478 2861 dicunt
513 2818 550 2857 T
578 2819 689 2870 (3pro
719 2818 766 2867 si,
802 2822 847 2855 ut
877 2816 1039 2867 dicunt)
1248 2825 1294 2863 17
1334 2824 1469 2861 genus
1501 2815 1627 2862 (gens
1659 2809 1727 2859 61)
1758 2810 1975 2849 hominum
2009 2807 2087 2846 CK

330 2890 415 2915 var.
441 2875 609 2914 hiactos
635 2873 672 2911 T
795 2870 1001 2922 premitur
1029 2869 1083 2909 T:
1114 2872 1464 2919 promoverentur
1485 2867 1655 2915 (-mob—)
1680 2862 1777 2903 61Κ
1931 2864 1980 2901 18
2009 2876 2084 2902 cur

330 2937 473 2970 autem
498 2927 550 2967 61
659 2926 898 2978 percipiunt
925 2924 961 2963 T
1092 2937 1144 2963 22
1172 2923 1404 2974 perductus
1425 2921 1512 2973 est]
1532 2919 1725 2972 pervenit
1751 2918 1788 2957 T
1929 2930 1981 2967 23
2009 2919 2081 2957 ad-

331 2987 536 3078 ἳέιῖξῖςιῗῐ
563 2983 623 3076 18“;
651 2983 880 3022 abduceret
901 2978 999 3018 BC:
1030 2979 1209 3018 abducat
1229 2976 1275 3014 K
1403 2990 1453 3027 24
1484 2976 1725 3015 conlocaret
1741 2971 1867 3011 ABC
1879 2987 1888 3012 ε
1918 2972 2082 3012 attollat

445 3053 472 3078 n
507 3069 516 3080 .
545 3051 562 3077 1
595 3050 643 3087 31

2103 646 2124 686 5

2106 1056 2155 1084 10

2107 1876 2157 1904 20
