2228 3444
1111 167 1386 215 ISIDORI

284 309 345 356 32
374 291 550 338 ‘huius
582 289 798 352 magistri
824 288 974 338 liber.’
1049 287 1272 348 Dativus,
1299 287 1413 351 quia
1443 304 1529 351 per
1563 304 1676 336 eum
1707 305 1797 338 nos
1827 291 1943 338 dare
1977 289 2123 338 alicui

370 371 558 435 aliquid
601 373 1013 430 demonstramus,
1059 379 1112 418 ut
1158 370 1254 417 ‘da
1295 368 1410 417 huic
1458 369 1720 433 magistro.’
1782 370 2119 430 Accusativus,

370 453 486 516 quia
511 470 598 516 per
622 470 734 502 eum
761 452 978 516 aliquem
1003 467 1309 511 accusamuS‚
1331 460 1385 499 ut
1415 438 1624 501 ‘accuso
1649 454 1783 501 hunc
1807 452 2123 516 magistrum.'

371 535 654 596 Vocativus,
697 535 812 598 quia
854 552 939 598 per
976 551 1090 582 eum
1129 533 1342 596 aliquem
1385 551 1634 594 vocamus,
1675 544 1728 583 ut
1768 540 1827 584 ‘o
1865 535 2123 599 magister.'

371 617 643 677 Ablativus,
681 617 796 680 quia
830 634 915 681 per
952 633 1065 665 eum
1105 632 1195 664 nos
1231 617 1420 664 auferre
1454 615 1642 679 aliquid
1679 616 1907 680 cuiquam
1947 617 2120 680 signifi·
2148 636 2170 676 5

285 715 350 761 33
372 717 555 760 camus,
584 708 637 748 ut
667 700 827 747 ‘aufer
846 715 875 747 a
894 697 1157 760 magistro.’
1209 699 1495 761 Hexaptota
1515 698 1719 746 nomina
1739 698 1871 747 dicta
1890 715 1965 759 e0‚
1987 700 2123 762 quod

371 799 457 845 per
499 798 583 830 sex
625 798 766 829 casus
804 781 1061 829 varietates
1098 779 1300 839 habent,
1346 789 1399 828 ut
1436 788 1510 828 est
1552 782 1740 828 ‘unus.'
1811 783 2120 843 Pentaptota,

371 865 508 926 quod
546 872 736 911 tantum
767 861 818 910 in
848 863 1069 925 quinque
1102 860 1297 909 casibus
1334 861 1592 921 variantur,
1630 871 1683 910 ut
1723 863 1961 910 ‘doctus'
2031 865 2125 910 Te-

372 954 597 1009 traptota,
627 947 763 1007 quod
790 954 982 992 tantum
1010 945 1057 991 in
1086 952 1318 1006 quattuor
1351 944 1547 991 casibus
1581 943 1904 1004 declinentur,
1944 953 1997 992 ut
2034 946 2124 992 ‘la-

371 1028 515 1076 teris’
558 1027 803 1090 Triptota,
820 1027 957 1089 quod
973 1034 1165 1074 tantum
1192 1026 1243 1073 in
1270 1026 1438 1086 tribus,
1469 1035 1522 1074 ut
1551 1028 1847 1089 ‘templum'
1899 1028 2120 1089 Diptota,
2152 1050 2198 1077 ιο

373 1111 509 1172 quod
535 1118 726 1157 tantum
755 1111 803 1156 in
830 1108 1043 1167 duobus,
1072 1117 1126 1155 ut
1157 1107 1437 1171 ‘Iuppiter.'
1511 1109 1824 1172 Monoptota,
1862 1110 1997 1171 quod
2022 1124 2122 1156 uno

372 1201 565 1241 tantum
592 1208 709 1240 casu
735 1198 953 1249 utuntur,
982 1199 1035 1237 ut
1064 1189 1248 1252 ‘frugi.'

243 1286 347 1325 VIII
510 1276 591 1321 DE
619 1286 950 1320 PRONOMINE.
1027 1273 1311 1319 Pronomen
1361 1269 1564 1331 dictum,
1611 1271 1725 1334 quia
1768 1289 1857 1335 pro
1896 1271 2001 1321 vice
2040 1289 2123 1320 no-

371 1355 517 1404 minis
548 1355 761 1418 ponitur,
798 1371 861 1402 ne
894 1353 1146 1402 fastidium
1177 1353 1323 1400 faciat
1360 1369 1545 1402 nomen
1578 1353 1725 1417 ipsud
1758 1355 1877 1402 dum
1908 1354 2118 1403 iteratur.

370 1439 500 1486 Nam
529 1454 641 1485 cum
679 1436 905 1495 dicimus,
946 1434 1218 1498 ‘Vergilius
1249 1434 1441 1497 scripsit
1467 1437 1733 1495 Bucolica,'
1758 1437 1989 1486 addimus
2014 1454 2122 1500 pro-
2149 1455 2195 1495 15

369 1536 569 1578 nomen,
601 1518 732 1582 ‘ipse
759 1516 950 1581 scripsit
976 1517 1246 1578 Georgica'
1268 1535 1280 1577 3
1319 1516 1489 1579 sicque
1515 1516 1719 1566 varietas
1751 1517 2121 1581 significationis

315 1620 345 1655 2
371 1611 418 1651 et
443 1601 692 1650 fastidium
728 1599 854 1648 tollit
889 1608 936 1648 et
973 1607 1199 1646 ornatum
1231 1597 1435 1647 inducit.
1512 1601 1813 1648 Pronomina
1847 1609 2013 1649 autem
2038 1609 2121 1648 aut

370 1685 508 1731 finita
550 1692 680 1747 sunt,
723 1691 806 1731 aut
855 1680 1058 1728 infinita.
1135 1679 1298 1728 Finita
1345 1681 1640 1743 pronomina
1682 1681 1813 1731 dicta
1860 1699 1934 1742 eo,
1986 1684 2122 1746 quod

368 1764 613 1812 definiunt
633 1773 815 1813 certam
836 1780 1112 1827 personam,
1137 1772 1190 1811 ut
1218 1767 1228 1787 ‘
1246 1779 1337 1825 ego
1355 1765 1365 1785 '
1386 1781 1399 1823 ,-
1436 1780 1516 1812 me
1535 1763 1666 1812 enim
1687 1763 1850 1812 statim
1877 1764 2118 1828 intelligis.

371 1846 573 1894 Infinita
611 1846 856 1906 dicuntur,
887 1844 1004 1908 quia
1040 1861 1141 1893 non
1173 1853 1287 1892 sunt
1325 1853 1485 1893 certae
1518 1861 1773 1907 personae.
1848 1849 1926 1895 De
1951 1846 2123 1895 absen-
2148 1863 2198 1891 20

368 1930 499 1977 tibus
527 1928 658 1977 enim
685 1927 863 1976 dicitur
889 1936 936 1976 et
962 1927 1174 1987 incertis,
1197 1935 1250 1975 ut
1280 1926 1449 1989 ‘quis,'
1478 1929 1662 1989 ‘quae,'
1692 1929 1889 1990 ‘quod’
1952 1929 2122 1976 Minus

370 2027 519 2073 quarn
546 2009 683 2058 finita
708 2011 1019 2073 appellantur
1052 2008 1168 2071 quia
1199 2008 1727 2058 commemorationem
1761 2009 1946 2058 faciunt
1976 2019 2123 2060 notae

369 2109 624 2156 personae,
661 2102 714 2140 ut
749 2091 914 2154 ‘ipse‚'
953 2092 1106 2139 ‘iste'
1179 2092 1383 2140 Certum
1421 2100 1494 2139 est
1527 2090 1660 2139 enim
1695 2092 1758 2140 de
1795 2107 1895 2154 quo
1928 2091 2118 2140 dicitur.

317 2190 347 2235 3
374 2173 656 2222 Possessiva
681 2182 919 2222 vocantur
945 2190 1019 2232 eo,
1050 2174 1187 2235 quod
1214 2173 1401 2235 aliquid
1431 2189 1522 2221 nos
1557 2173 1809 2236 possidere
1835 2175 2119 2223 ostendunt.

373 2259 502 2305 Nam
542 2258 662 2304 dum
689 2255 803 2304 dico
832 2256 1030 2315 ‘meus‚'
1061 2256 1231 2313 ‘tuus‚'
1257 2253 1443 2303 definio
1476 2253 1664 2317 aliquid
1697 2271 1865 2303 meum
1897 2271 2017 2315 esse,
2045 2257 2123 2304 vel
2148 2275 2196 2314 25

370 2348 526 2387 tuum.
600 2337 826 2385 Relativa
852 2336 1096 2396 dicuntur,
1133 2336 1249 2400 quia
1274 2337 1338 2385 ad
1371 2335 1802 2399 interrogationem
1834 2338 2118 2396 referuntur,

370 2429 424 2468 ut
458 2418 596 2482 ‘quis
623 2421 759 2468 est?⁷
786 2420 1127 2482 respondetur,
1168 2418 1235 2467 ‘is
1271 2421 1374 2467 est.'
1448 2418 1860 2478 Demonstrativa,
1891 2435 1952 2467 eo
1985 2420 2121 2481 quod

428 2573 445 2598 1
477 2561 668 2610 magistri
691 2560 798 2599 liber
825 2560 925 2599 TU:
956 2559 1146 2608 magistri
1166 2560 1247 2598 BC
1361 2573 1455 2600 eum
1476 2573 1554 2599 nos
1574 2560 1757 2611 aliquem
1776 2560 1812 2599 C
1936 2573 2014 2598 nos
2034 2573 2116 2600 om.

370 2616 411 2655 Β
540 2628 564 2653 2
594 2621 640 2654 ut
675 2645 684 2654 .
723 2645 732 2654 .
765 2645 775 2655 .
813 2616 1016 2664 magistro
1046 2627 1127 2654 om.
1159 2613 1219 2652 Κ1
1354 2628 1381 2664 9
1412 2615 1676 2655 declinentur
1710 2613 1804 2655 CT:
1852 2615 2123 2654 declinantur

371 2670 412 2709 Β
432 2684 443 2711 :
473 2683 554 2710 om.
579 2668 642 2706 K1
810 2682 860 2708 12
889 2674 1052 2708 tantum
1074 2682 1156 2709 uno
1183 2681 1282 2708 casu
1302 2669 1349 2707 K
1499 2680 1547 2718 15
1576 2669 1807 2708 bucolicam
1833 2667 1938 2707 B1T
2074 2671 2123 2707 16

371 2724 613 2775 georgicam
644 2723 751 2762 BlT
941 2737 987 2773 17
1018 2729 1061 2762 et
1091 2723 1187 2763 fast.
1218 2722 1429 2764 BCEins.
1441 2724 1560 2774 frag.
1588 2724 1647 2763 T:
1678 2730 1721 2763 et
1741 2737 1823 2763 om.
1841 2722 1902 2761 Kl
2072 2725 2122 2773 19

372 2779 457 2820 def.
490 2784 535 2817 ut
572 2792 653 2828 ego
685 2791 752 2817 me
786 2792 854 2820 en.
883 2784 1038 2818 certam
1071 2791 1300 2829 personam
1330 2779 1404 2819 int.
1445 2780 1547 2830 (om.
1585 2777 1744 2829 statim)
1774 2777 1866 2816 K1:
1907 2777 1988 2818 def.
2016 2784 2120 2818 cert.

371 2847 484 2884 pers.
513 2839 559 2872 ut
587 2846 668 2883 ego
694 2846 760 2871 me
789 2847 856 2874 en.
879 2839 980 2873 cert.
1006 2846 1120 2884 pers.
1145 2834 1170 2873 i.
1196 2833 1300 2884 (om.
1332 2833 1495 2885 statim)
1519 2834 1561 2872 A
1710 2846 1758 2871 21
1783 2838 1826 2872 et
1847 2832 2021 2872 incertis
2039 2845 2122 2874 om.

378 2888 458 2927 TU
534 2901 642 2938 quae
662 2888 774 2938 quod
794 2901 878 2928 om.
901 2888 962 2926 Kl
1066 2901 1118 2926 22
1149 2888 1268 2941 quia]
1299 2900 1408 2938 quae
1427 2887 1475 2926 K
1581 2901 1632 2937 24
1662 2900 1713 2926 eo
1733 2900 1818 2927 om.
1840 2886 1887 2926 K
1965 2886 2121 2936 aliquid

373 2956 452 2981 nos
479 2942 548 2981 TC
562 2958 570 2984 :
602 2955 681 2983 nos
701 2942 861 2993 aliquid
882 2943 966 2980 KB
1061 2954 1112 2991 25
1142 2943 1241 2981 dum
1262 2956 1343 2982 om.
1368 2941 1429 2980 Κ1
1553 2941 1711 2994 meum]
1733 2954 1887 2982 nomen
1909 2939 1958 2978 Cl
2070 2943 2123 2980 26

373 2997 824 3091 &ZIintlerroigatione
844 2997 892 3036 K
1067 3010 1116 3046 27
1146 2997 1420 3047 responditur
1438 2995 1630 3037 B1C1K1:
1660 2995 1879 3048 respondit
1905 2994 1943 3032 T
2056 2996 2123 3035 his

507 3066 515 3090 :
577 3065 614 3090 ic
