2176 3424
486 154 1115 204 ETYMOLOGIARVM
1156 155 1285 202 LIB.
1325 157 1432 203 XV.
1473 155 1485 202 i

120 280 394 330 Minervam
430 279 604 329 Graeci
632 279 949 328 inventricem
977 282 1238 327 multarum
1273 279 1448 327 artium
1480 290 1714 338 asserunt,
1743 279 1857 342 quia

117 371 165 410 et
201 361 387 410 litterae
423 372 470 410 et
504 371 630 410 artes
668 361 970 410 diversorum
1007 361 1280 410 studiorum
1319 370 1366 410 et
1403 361 1506 424 ipsa
1545 359 1857 424 philosophia

116 443 266 492 veluti
307 445 546 507 templum
589 445 811 493 Athenas
853 443 1146 493 habuerunt.
1237 443 1533 494 Corinthum
1577 442 1626 490 in
1669 441 1858 490 Achaia
1878 457 1945 505 45

116 525 343 574 condidit
378 525 647 576 Corinthus
687 524 874 575 Orestis
913 524 1052 574 filius.
1135 527 1284 574 Hanc
1322 524 1498 575 Graeci
1536 523 1856 575 Corintheam

69 622 90 662 5
116 617 306 667 vocant,
327 609 423 657 hoc
443 618 516 657 est
540 607 1015 657 administrationem
1036 607 1348 671 reipublicae.
1399 606 1600 656 Thebas
1622 605 1859 655 Boeotiae
1882 609 1954 667 46

117 691 336 739 Cadmus
356 690 557 739 veniens
582 707 610 739 a
627 689 960 739 Phoenicibus
986 690 1223 751 condidit,
1241 689 1429 738 Thebis
1450 687 1703 752 Aegyptiis
1727 687 1859 751 prius

115 771 178 820 ab
215 788 275 821 eo
311 772 618 821 constructis.
694 775 929 836 Mycenas
956 769 1228 838 [civitatem
1263 769 1539 837 Graeciae]
1615 771 1858 819 Lacedae-
1882 778 1946 828 47

116 854 283 903 monia
307 855 508 904 condita
531 871 559 903 a
581 856 958 904 Lacedaemone
980 856 1202 904 Semelae
1224 854 1337 903 filio.
1396 856 1566 918 Sparta
1591 853 1655 902 ab
1682 854 1857 916 Sparto

116 936 216 985 filio
244 937 488 986 Phoronei
514 946 699 998 vocata,
728 936 812 1000 qui
838 936 926 985 fuit
950 936 1077 985 filius
1105 937 1291 986 Inachi.
1368 939 1532 1000 Ipsam
1557 945 1723 985 autem
1751 951 1858 983 esse

43 1036 92 1065 10
116 1024 337 1086 Spartam
363 1037 510 1084 quam
537 1030 585 1069 et
612 1021 1061 1070 Lacedaemoniam
1096 1019 1356 1080 civitatem,
1385 1028 1534 1083 atque
1567 1019 1684 1068 inde
1711 1020 1858 1067 Lace-

116 1103 405 1154 daemonios
448 1105 713 1166 Spartanos
755 1102 867 1152 dici.
958 1102 1147 1151 Achaia
1193 1103 1257 1151 ab
1300 1104 1504 1152 Achaeo
1546 1110 1856 1151 constructa:
1882 1099 1948 1161 48

117 1187 308 1249 Pelops,
337 1186 420 1249 qui
453 1186 585 1250 apud
620 1187 776 1248 Argos
810 1184 1040 1249 regnavit,
1071 1187 1504 1248 Peloponnensem
1538 1185 1710 1233 urbem
1745 1201 1858 1233 con-

115 1267 239 1317 didit
261 1287 268 1316 :
296 1268 512 1331 Cecrops
533 1267 582 1315 in
603 1266 762 1316 insula
784 1269 967 1316 Rhodo
988 1269 1224 1317 Rhodum
1246 1267 1523 1317 aedificavit
1544 1286 1551 1315 :
1581 1268 1858 1331 Carpathus

115 1351 307 1401 Coum:
351 1352 483 1399 Aeos
517 1348 773 1413 Typhonis
807 1350 933 1398 filius
968 1351 1223 1413 Paphum:
1269 1352 1469 1412 Angeus
1498 1349 1705 1413 Lycurgi
1731 1348 1857 1398 filius

42 1450 86 1493 ¹5
116 1434 316 1482 Samum
339 1452 346 1481 :
376 1433 636 1481 Dardanus
656 1441 821 1480 autem
842 1431 1066 1481 condidit
1089 1431 1389 1481 Dardaniam
1414 1451 1422 1480 :
1449 1431 1855 1481 Thessalonicam

115 1516 382 1564 Thessalus
419 1514 594 1563 Graeci
633 1513 759 1562 filius
796 1513 1087 1574 aedificavit,
1127 1513 1175 1562 in
1220 1531 1318 1577 qua
1354 1513 1501 1563 etiam
1540 1522 1588 1563 et
1624 1514 1854 1577 regnavit.

117 1595 433 1646 Brundisium
458 1605 832 1645 construxerunt
868 1595 1071 1645 Graeci:
1117 1595 1434 1645 Brundisium
1468 1606 1632 1645 autem
1669 1596 1857 1645 dictum
1882 1610 1954 1658 49

118 1676 236 1745 [est]
265 1680 452 1728 Graece
490 1679 625 1741 quod
663 1678 854 1727 brunda
891 1687 1038 1741 caput
1074 1677 1204 1726 cervi
1242 1677 1460 1726 dicatur:
1510 1677 1578 1726 sic
1615 1687 1688 1727 est
1725 1678 1857 1727 enim

118 1770 170 1810 ut
203 1770 251 1811 et
288 1778 472 1809 cornua
503 1759 758 1809 videantur
793 1770 839 1809 et
877 1770 1024 1824 caput
1061 1770 1108 1810 et
1143 1760 1308 1824 lingua
1342 1760 1390 1808 in
1424 1759 1670 1824 positione
1708 1759 1858 1823 ipsius

43 1863 95 1892 πο
119 1842 344 1892 civitatis.
396 1845 455 1891 In
479 1842 619 1892 Italia
644 1851 808 1891 autem
834 1860 862 1891 a
885 1844 1008 1891 Iano
1031 1841 1322 1903 Ianiculum,
1342 1859 1371 1891 a
1396 1844 1607 1891 Saturno
1635 1842 1860 1891 Saturnia
1884 1854 1952 1904 50

119 1935 267 1989 atque
311 1925 505 1974 Latium
556 1925 827 1986 conditum,
871 1941 932 1975 eo
981 1926 1117 1988 quod
1166 1924 1233 1974 ibi
1277 1924 1466 1988 fugiens
1515 1925 1736 1974 latuisset
1783 1941 1861 1974 co-

115 2008 470 2072 gnominatum.
545 2008 625 2056 Ab
658 2009 878 2056 Hercule
911 2007 960 2055 in
999 2006 1272 2070 Campania
1310 2006 1563 2070 Pompeia,
1592 2006 1676 2070 qui
1706 2005 1860 2056 victor
1881 2025 1936 2073 51

116 2108 172 2140 ex
216 2089 461 2153 Hispania
502 2106 734 2152 pompam
779 2089 932 2138 bourn
981 2090 1196 2138 duxerat.
1295 2091 1490 2138 Aeneas
1538 2097 1701 2137 autem
1747 2099 1859 2152 post
1881 2105 1944 2153 52

118 2172 363 2222 excidium
400 2170 578 2220 Troiae
622 2171 671 2219 in
709 2172 883 2221 eadem
923 2170 1065 2220 Italia
1102 2170 1317 2231 veniens,
1355 2171 1419 2220 ab
1456 2170 1618 2220 uxoris
1655 2170 1857 2220 nomine

45 2274 90 2317 ²5
119 2254 377 2303 Lavinium
412 2252 650 2302 condidit.
723 2255 965 2302 Ascanius
999 2270 1113 2303 vero
1146 2252 1315 2302 relicto
1350 2252 1584 2302 Laviniae
1618 2269 1858 2303 novercae
1883 2257 1947 2306 53

116 2350 231 2383 suae
265 2349 427 2396 regno,
467 2332 648 2380 Albam
688 2334 907 2396 Longam
945 2331 1232 2382 aedificavit.
1318 2332 1448 2381 Alba
1482 2341 1647 2381 autern
1685 2342 1858 2381 vocata

0 2462 18 2478 :7
115 2421 312 2476 propter
345 2412 559 2459 colorem
587 2410 716 2471 suis3
755 2413 938 2474 Longa,
968 2410 1083 2473 quia
1108 2412 1309 2473 longum
1343 2410 1584 2474 oppidum
1611 2419 1696 2471 est,
1726 2411 1857 2460 iuxta

0 2477 55 2620 ᾗ
116 2489 439 2554 prolixitatem
476 2489 611 2538 collis
646 2488 695 2536 in
729 2506 828 2552 quo
863 2491 953 2538 sita
990 2498 1072 2538 est.
1149 2491 1222 2537 Ex
1256 2491 1347 2537 hac
1385 2488 1531 2537 etiam
1564 2490 1684 2538 urbe
1720 2506 1856 2553 reges

173 2626 190 2651 1
221 2612 264 2650 in
281 2611 482 2650 verticem
507 2611 544 2650 T
648 2623 673 2660 3
703 2612 797 2651 hab.
818 2611 915 2651 Ath.
940 2611 991 2649 T1
1105 2625 1129 2661 4
1152 2617 1391 2651 corenteam
1410 2612 1464 2650 Β1
1486 2626 1493 2650 :
1517 2612 1765 2651 corinthiam
1786 2612 1830 2650 K
1850 2627 1857 2652 :

54 2663 56 2667 ’
116 2667 334 2708 corintiam
357 2664 392 2703 C
535 2669 562 2704 6
591 2666 738 2705 thebas
759 2667 864 2716 Aeg.
897 2666 933 2704 T
1076 2679 1097 2716 7
1128 2672 1397 2706 constructus
1425 2667 1462 2706 T
1566 2667 1758 2706 civitates
1780 2666 1853 2707 Gr.

116 2723 206 2763 hab.
237 2721 295 2760 T:
325 2733 406 2759 om.
430 2719 553 2758 BCK
677 2734 702 2771 9
733 2722 891 2760 foronei
915 2720 1015 2760 CT:
1047 2721 1216 2760 forones
1236 2722 1300 2760 B:
1332 2734 1513 2761 corones
1535 2721 1580 2760 K
1691 2721 1854 2772 Inachi]

117 2777 233 2816 enasi
252 2776 297 2814 K
315 2774 389 2826 (Β1
411 2776 512 2827 n.l.)
682 2788 731 2815 10
762 2776 859 2828 Sp.]
886 2777 1064 2827 partiam
1101 2775 1174 2815 Tl:
1209 2783 1371 2826 partem
1405 2777 1445 2815 Β
1556 2789 1679 2827 quam
1710 2789 1792 2816 om.
1815 2776 1860 2814 K

119 2831 477 2871 Lacedaemonam
505 2830 678 2869 Orosius
700 2843 814 2883 1,21,
837 2844 884 2870 12
1041 2843 1082 2868 11
1118 2831 1218 2870 dicit
1239 2831 1279 2869 Β
1448 2844 1496 2882 14
1526 2844 1601 2871 eos
1626 2831 1688 2871 T:
1719 2843 1793 2870 eus
1813 2831 1860 2869 K

119 2899 270 2937 pavum
292 2885 445 2924 BKT:
471 2885 670 2935 paphium
694 2884 729 2923 C
837 2888 886 2925 16
916 2886 987 2926 eti.
1015 2898 1101 2935 reg.
1128 2886 1163 2924 C
1274 2886 1322 2924 18
1353 2891 1416 2925 est
1437 2887 1527 2928 hab.
1551 2885 1662 2924 BK:
1684 2898 1767 2925 om.
1786 2885 1863 2924 CT

119 2954 169 2980 eo
191 2940 362 2991 quodK
381 2954 390 2980 :
420 2953 541 2990 quam
563 2939 603 2977 Β
714 2946 779 2979 est
799 2954 882 2981 om.
901 2941 956 2979 Βι
1102 2954 1150 2990 19
1181 2947 1224 2979 ut
1246 2954 1327 2982 om.
1347 2940 1402 2979 Β1
1546 2954 1593 2979 21
1627 2940 1798 2979 latinum
1827 2940 1864 2978 T

119 2994 190 3047 eo]
207 3001 248 3034 et
276 2995 312 3034 T
456 3007 507 3032 22
538 2994 778 3045 pompeiam
800 2995 909 3035 codd.
1056 3008 1108 3045 23
1138 2996 1350 3035 duxerunt
1377 2995 1414 3033 T
1572 3008 1623 3044 24
1655 2995 1797 3034 italiae
1818 2995 1858 3034 Β

118 3062 169 3100 25
199 3048 393 3089 laviniam
417 3049 540 3101 (lab-)
557 3047 630 3087 CB
741 3063 790 3100 27
821 3062 920 3090 sues
942 3049 1008 3088 K:
1039 3051 1101 3089 sui
1124 3050 1164 3087 Β
1273 3051 1325 3088 28
1353 3063 1436 3100 quo
1457 3050 1594 3101 posita
1617 3048 1652 3088 C
1758 3049 1855 3102 hac]

118 3117 198 3154 qua
219 3103 258 3142 Β
368 3105 493 3142 urbes
515 3103 559 3141 K

187 3174 288 3211 1182
319 3184 349 3210 11
706 3210 710 3213 s
974 3175 1002 3207 L
