2176 3424
1071 109 1345 159 ISIDORI

332 234 677 283 melancholici
714 237 1024 300 appellantur
1060 238 1288 288 homines
1325 240 1410 302 qui
1446 249 1495 290 et
1529 243 1955 294 conversationem
1993 246 2078 294 hu-

331 330 530 363 manam
548 316 794 379 refugiunt
809 327 858 368 et
873 320 1147 368 amicorum
1158 337 1383 370 carorum
1395 323 1611 386 suspecti
1621 334 1747 374 sunt.
1779 326 2073 387 Malitiosus,

329 396 541 446 deterior
578 400 724 457 malo,
763 400 880 463 quia
916 403 1196 464 frequenter
1232 405 1405 452 malus.
1485 407 1533 453 A
1567 408 1699 455 malo
1735 416 1903 456 autem
1940 408 2078 472 peior

222 484 304 534 177
328 477 534 527 dicitur:
579 497 608 527 a
646 481 780 531 bono
818 483 1044 531 deterior.
1119 483 1297 533 Melior
1334 485 1496 534 dictus
1533 487 1674 549 quasi
1709 488 1934 537 mollior:
1972 506 2075 538 non

325 561 478 608 durus
510 571 595 610 aut
628 564 840 614 ferreus:
878 582 995 613 narn
1029 566 1204 614 melius
1230 567 1373 629 quasi
1399 568 1610 617 mollius.
1685 570 1870 631 Minax,
1898 588 1927 619 a
1952 560 2077 620 facie
2099 586 2121 626 5

324 644 595 703 oculorum,
633 648 836 707 quando
870 647 1051 696 furiose
1084 649 1362 709 ardescunt,
1396 659 1450 697 ut
1482 651 1694 714 amplius
1723 652 1896 702 videns
1932 653 2074 716 perti-

325 734 526 773 mescat.
602 726 821 776 Minator
846 738 894 778 et
920 728 1151 778 monitor.
1225 733 1324 780 Sed
1351 732 1566 781 monitor
1591 733 1769 783 dicitur
1794 751 1908 783 cum
1938 752 2072 798 prae-

212 811 299 872 178
324 807 519 865 nuntiat
555 809 720 860 bona:
765 811 991 871 minator,
1031 829 1146 860 cum
1183 814 1378 862 nuntiat
1417 817 1634 865 adversa.
1711 819 1973 877 Mulcator,
2013 834 2073 866 eo

323 891 460 951 quod
485 890 681 940 blandis
711 893 873 942 verbis
904 896 1119 943 mulceat
1152 896 1216 943 ad
1250 895 1605 946 declinandum
1629 900 1854 947 animum
1879 919 1888 947 ε
1925 909 2075 948 trans-

322 969 440 1019 latio
464 988 493 1020 a
518 975 694 1033 mulso,
723 976 775 1023 id
801 985 874 1025 est
891 977 1028 1038 quod
1053 985 1313 1039 acceptum
1340 978 1492 1028 lenire
1518 982 1642 1029 solet
1667 982 1833 1030 fauces
1859 980 2072 1030 dolentis
2102 996 2150 1024 10

204 1061 298 1110 179
321 1063 406 1102 aut
431 1057 685 1118 oppletum
713 1058 942 1107 sordibus
964 1060 1292 1108 stomachum.
1370 1063 1639 1111 Metatores
1664 1065 1973 1126 appellantur
1989 1066 2072 1126 qui

323 1146 478 1186 castra
504 1138 780 1202 designant,
806 1158 835 1189 a
865 1140 1120 1190 metiendo
1146 1141 1346 1191 scilicet.
1423 1145 1652 1193 Lucanus
1679 1145 1744 1209 (1,
1767 1144 1886 1209 382)
1909 1160 1917 1189 :

593 1222 870 1285 Hesperios
908 1224 1069 1272 audax
1107 1226 1272 1272 veniat
1311 1234 1522 1274 metator
1556 1225 1608 1273 in
1644 1243 1798 1290 agros.

324 1302 507 1362 Mollis,
548 1305 685 1365 quod
735 1304 952 1368 vigorem
1005 1322 1147 1354 sexus
1185 1306 1419 1355 enerviati
1456 1324 1660 1371 corpore
1697 1310 1980 1368 dedecoret,
2024 1320 2071 1359 et

203 1384 297 1434 180
321 1382 459 1444 quasi
488 1384 663 1434 mulier
689 1387 982 1436 emolliatur.
1046 1389 1230 1447 Macer,
1253 1405 1282 1436 a
1300 1388 1486 1438 macie:
1514 1399 1562 1439 et
1578 1390 1760 1440 macies
1780 1407 1809 1439 a
1828 1391 2067 1451 moechia,
2098 1404 2143 1445 Ι5

321 1482 382 1514 eo
399 1467 536 1527 quod
552 1467 864 1517 inmoderata
883 1469 1041 1519 libido
1062 1486 1253 1519 macros
1270 1470 1430 1520 faciat.
1484 1473 1712 1532 Mancus,
1732 1490 1882 1522 manu
1899 1490 2067 1522 ancus.

211 1543 291 1590 181
323 1547 675 1610 Moribundus‚
738 1551 991 1600 morientis
1052 1551 1223 1600 similis
1248 1572 1255 1601 :
1325 1552 1452 1601 sieut
1510 1553 1826 1614 vitabundus,
1888 1555 2070 1605 viventi

320 1630 506 1679 similis.
581 1633 800 1694 Quando
835 1633 968 1682 enim
998 1633 1210 1682 dicimus
1244 1634 1509 1684 moriturus
1546 1646 1634 1697 est,
1661 1653 1774 1686 vere
1806 1637 2070 1687 moriturus

320 1722 421 1761 est:
459 1712 789 1764 moribundus
814 1725 982 1764 autern
1007 1733 1109 1764 non
1130 1733 1253 1776 vere,
1275 1718 1362 1765 sed
1388 1717 1488 1765 veri
1514 1717 1685 1767 similis
1711 1719 1963 1769 morientis
1980 1730 2067 1769 est.

204 1794 294 1840 182
321 1794 555 1843 Meretrix
593 1795 725 1844 dicta
761 1813 821 1845 eo
859 1798 996 1859 quod
1031 1797 1244 1859 pretium
1275 1797 1494 1847 libidinis
1526 1810 1781 1849 mereatur.
1857 1803 1983 1850 Inde
2020 1810 2067 1851 et
2094 1821 2144 1849 20

319 1875 596 1925 meritoriae
616 1878 882 1927 tabernae:
920 1894 1034 1926 nam
1073 1888 1121 1927 et
1156 1878 1347 1939 milites,
1376 1896 1490 1927 cum
1524 1880 1769 1943 stipendia
1801 1883 2064 1945 accipiunt,

204 1958 294 2018 183
318 1958 492 2007 mereri
518 1959 764 2010 dicuntur.
840 1960 1006 2010 Morio
1026 1959 1077 2026 [a
1103 1971 1260 2010 morte
1286 1971 1503 2023 vocatus,
1531 1979 1592 2012 eo
1618 1965 1755 2026 quod
1780 1981 1883 2013 non
1907 1965 2066 2028 vigeat

316 2039 609 2107 intellectu].
700 2041 862 2091 Mulio
898 2041 1060 2091 dictus
1096 2059 1125 2091 a
1161 2043 1320 2103 mulis,
1359 2060 1419 2093 eo
1452 2045 1588 2106 quod
1627 2045 1873 2108 praesidet
1908 2046 2065 2096 isdem

317 2123 569 2173 vehiculis.

1160 2219 1208 2266 N
2091 2236 2139 2277 25

199 2302 292 2364 184
453 2298 663 2357 Nobilis,
686 2315 788 2346 non
815 2298 935 2359 vilis,
955 2299 1096 2348 cuius
1117 2307 1165 2348 et
1183 2315 1370 2348 nomen
1396 2309 1444 2349 et
1467 2316 1624 2364 genus
1645 2301 1806 2352 scitur.
1848 2304 2061 2366 Nubilis,

375 2438 392 2464 1
426 2427 678 2467 melancolia
698 2427 741 2466 K
850 2428 946 2477 quia
967 2434 1009 2467 et
1030 2427 1099 2466 K:
1129 2429 1198 2478 qui
1219 2429 1272 2467 ad
1287 2428 1329 2467 Β
1346 2443 1354 2467 :
1385 2429 1482 2479 quia
1505 2429 1563 2468 CI
1696 2445 1721 2481 4
1751 2433 1906 2472 dicitur
1924 2447 2005 2474 om.
2025 2435 2065 2474 Β

315 2479 445 2533 bono]
466 2482 522 2520 bo
543 2482 590 2520 K
709 2496 733 2532 5
765 2496 789 2522 a
811 2483 918 2522 facie
937 2482 1041 2521 BCI
1046 2482 1083 2520 T
1091 2497 1099 2522 :
1130 2483 1183 2522 ab
1204 2484 1295 2522 acie
1317 2483 1362 2521 K
1486 2486 1512 2522 6
1541 2485 1672 2536 pert.]
1696 2489 2004 2537 perardescant
2023 2489 2070 2529 K

318 2549 340 2586 7
371 2538 618 2586 pronuntiat
637 2537 726 2575 ΒΚ
940 2551 967 2587 9
997 2551 1022 2576 a
1044 2537 1148 2577 decl.
1170 2537 1217 2575 K
1436 2552 1484 2576 12
1514 2540 1734 2589 designata
1756 2544 2004 2583 mentiendo
2035 2544 2072 2582 T

319 2603 367 2640 13
389 2592 611 2640 espericae
627 2591 672 2629 K
750 2597 823 2631 aut
838 2593 1056 2631 advenitat
1077 2591 1114 2630 T
1219 2605 1268 2642 14
1289 2592 1388 2642 quid
1407 2593 1457 2632 Cl
1533 2595 1723 2634 enervati
1738 2595 1780 2633 B
1853 2598 2062 2638 dedecore

315 2644 404 2684 ΒΚ
410 2645 446 2683 T
641 2659 687 2696 15
729 2647 906 2685 muliere
929 2647 1138 2687 molliatur
1165 2646 1202 2685 T
1333 2648 1527 2688 moechia
1546 2649 1588 2687 A
1596 2663 1670 2689 rev.
1694 2664 1703 2688 :
1733 2652 1869 2691 macia
1889 2651 2040 2692 BCIX
2051 2668 2060 2693 :

316 2700 452 2740 macie
480 2699 560 2738 TU
659 2704 707 2740 16
737 2702 815 2741 sac.
840 2702 929 2741 sive
950 2716 975 2741 a
996 2701 1278 2742 maceratione
1302 2700 1423 2741 CUX
1532 2716 1579 2754 17
1610 2705 1829 2745 morientis
1847 2706 1876 2745 I
1881 2706 1919 2744 T
1917 2707 1959 2746 U
1971 2721 1981 2746 ι
2010 2710 2060 2747 -ti

315 2753 439 2794 BCK
507 2756 693 2794 viventis
714 2755 783 2796 K:
813 2757 862 2796 -ti
882 2756 987 2795 BCI
992 2756 1070 2795 TU
1178 2758 1227 2795 18
1243 2757 1404 2809 morit.]
1428 2759 1705 2798 moribundus
1726 2760 1767 2797 Β
1836 2774 1936 2800 vere
1958 2775 2060 2802 mor.

315 2815 381 2849 est
401 2823 482 2849 om.
507 2809 554 2848 K
572 2810 675 2861 (non
690 2812 758 2862 A)
892 2824 942 2861 19
969 2817 1112 2851 autem
1133 2823 1217 2851 om.
1239 2809 1287 2848 K
1391 2811 1513 2863 vere]
1533 2813 1679 2852 vivere
1698 2812 1746 2852 K
1862 2828 1917 2855 20
1945 2817 2058 2857 unde

315 2864 394 2902 BC
547 2877 596 2903 21
626 2866 828 2904 meretori
847 2865 888 2903 B
997 2866 1222 2917 stipendiis
1242 2864 1289 2902 K
1426 2879 1480 2905 22
1510 2881 1536 2907 a
1553 2873 1688 2908 morte
1709 2898 1719 2908 .
1743 2899 1753 2909 .
1777 2900 1786 2910 .
1810 2870 1940 2910 intell.
1964 2872 2059 2914 hab.

318 2918 353 2957 C
360 2917 481 2957 TUX
493 2934 502 2958 z
532 2933 616 2960 om.
640 2919 683 2957 A
690 2920 885 2959 BDGIK
991 2933 1043 2970 23
1065 2920 1226 2971 praesit
1246 2919 1293 2958 K
1375 2921 1488 2960 idem
1517 2921 1555 2960 T
1565 2927 1660 2962 ante
1678 2936 1774 2964 corr.
1885 2938 1937 2974 24
1956 2925 2063 2966 Post

315 2974 523 3013 vehiculis
543 2974 637 3016 add.
663 2975 934 3015 Manifestum
956 2975 1109 3014 dicitur
1128 2976 1239 3025 quod
1265 2976 1308 3014 in
1335 2988 1460 3015 manu
1481 2982 1546 3016 est
1570 2984 1770 3029 promptu
1792 2979 1858 3031 (·ti
1882 2980 1927 3030 C,
1951 2986 2057 3020 -tum

315 3026 383 3080 X)
410 3028 445 3067 C
449 3027 535 3068 UX
551 3031 654 3082 (non
675 3029 822 3081 ΑΒΕ)
1006 3032 1058 3069 26
1086 3035 1128 3069 et
1147 3030 1321 3080 generis
1349 3029 1405 3070 T:
1434 3043 1594 3082 egenus
1615 3031 1663 3071 K
1819 3033 1977 3075 scietur
1998 3035 2035 3075 C
