2228 3444
1095 181 1367 229 ISIDORI

353 326 606 371 aquarum.
679 313 930 372 Tempore
955 310 1086 359 enirn
1114 310 1290 359 hiemis
1316 310 1519 358 obortus
1554 327 1685 358 mare
1711 319 1759 358 et
1785 318 1933 358 terras
1962 310 2104 372 aquis

286 402 331 435 11
352 408 411 439 ac
447 392 825 455 tempestatibus
862 393 1038 441 turbat.
1115 395 1269 440 Hunc
1295 392 1458 440 Latini
1487 393 1712 455 Iugulam
1742 401 1935 452 vocant,
1966 395 2103 455 quod

354 473 414 521 sit
439 483 669 534 armatus,
698 484 751 522 ut
783 474 989 537 gladius,
1018 483 1066 523 et
1091 475 1340 523 stellarum
1374 476 1483 523 luce
1509 473 1735 523 terribilis
1767 483 1917 536 atque
1942 471 2104 520 claris-

355 556 507 604 simus
525 574 538 617 3
574 555 623 603 in
651 573 751 619 quo
785 555 824 604 si
858 558 982 605 haec
1015 558 1204 619 fulgent
1234 557 1415 615 omnia,
1449 555 1684 605 serenitas
1717 554 2038 618 portenditur,
2066 553 2106 601 si

278 647 331 681 12
355 637 645 687 obscuratur
687 639 762 686 his
811 640 955 699 acieS,
994 647 1261 702 tempestas
1311 637 1525 686 cernitur
1571 637 1824 686 inminere.
1899 637 2106 699 Hyades
2130 656 2152 697 5

353 720 517 770 dictae
537 723 628 770 ἀπὸ
646 725 729 771 τοῦ
747 722 853 781 ὕειν,
876 722 926 769 id
948 729 1021 769 est
1039 737 1068 769 a
1087 737 1207 769 suco
1228 729 1275 769 et
1294 719 1486 783 pluviis.
1548 721 1678 768 Nam
1705 720 1900 782 pluviae
1919 720 2108 767 Graece

351 805 481 854 ὑετός
505 802 695 851 dicitur.
771 803 895 852 Ortu
923 801 1107 867 quippe
1141 819 1231 850 suo
1257 801 1474 850 efficiunt
1500 803 1702 864 pluvias.
1772 802 1920 849 Vnde
1952 809 2000 848 et
2026 817 2107 848 eas

353 884 517 933 Latini
537 885 731 933 suculas
750 886 1136 949 appellaverunt,
1157 883 1285 947 quia,
1308 885 1511 947 quando
1530 892 1813 943 nascuntur,
1833 882 2106 946 pluviarum

352 966 492 1030 signa
517 975 866 1016 monstrantur.
943 969 1021 1016 De
1047 966 1228 1030 quibus
1254 966 1498 1030 Vergilius
1524 967 1671 1031 (Aen.
1696 983 1735 1026 1,
1758 964 1875 1030 744)
1897 985 1906 1015 :

791 1053 1057 1098 Arcturum
1095 1049 1385 1113 pluviasque
1424 1050 1644 1113 Hyadas.
2133 1066 2184 1094 10

352 1133 477 1180 Sunt
496 1140 662 1181 autem
689 1141 879 1196 septem
904 1132 956 1180 in
980 1134 1141 1181 fronte
1160 1132 1323 1192 Tauri,
1347 1140 1394 1180 et
1420 1131 1642 1180 oriuntur
1666 1139 1888 1194 tempore
1907 1129 2103 1179 vernali.

275 1225 329 1270 13
353 1212 548 1263 Pliades
585 1231 614 1261 a
650 1214 927 1277 pluralitate
964 1213 1139 1274 dictae,
1176 1213 1291 1277 quia
1324 1213 1653 1277 pluralitatem
1686 1212 1864 1262 Graeci
1901 1214 1992 1261 ἀπὸ
2027 1217 2109 1261 τοῦ

350 1298 578 1344 πλεῖστον
597 1297 862 1359 appellant.
919 1298 1044 1345 Sunt
1065 1295 1197 1345 enim
1218 1298 1385 1344 stellae
1405 1305 1596 1359 septem
1616 1304 1731 1344 ante
1747 1312 1908 1358 genua
1926 1295 2077 1343 Tauri
2097 1313 2109 1355 5

351 1393 410 1426 ex
440 1378 620 1440 quibus
658 1395 742 1426 sex
770 1380 1012 1438 videntur,
1049 1395 1164 1426 nam
1202 1380 1320 1427 latet
1357 1395 1469 1426 una.
1543 1379 1652 1426 Has
1680 1376 1842 1425 Latini
1869 1376 2107 1440 Vergilias

351 1459 524 1508 dicunt
566 1476 595 1508 a
631 1460 867 1523 temporis
915 1459 1288 1524 significatione,
1327 1461 1464 1523 quod
1513 1468 1586 1508 est
1621 1476 1717 1519 ver,
1757 1460 1960 1521 quando
1999 1475 2107 1507 exo-
2133 1476 2182 1516 15

351 1542 552 1591 riuntur.
628 1544 759 1590 Nam
793 1559 973 1591 occasu
1012 1560 1101 1591 suo
1139 1542 1370 1601 hiemem,
1398 1549 1507 1590 ortu
1540 1549 1792 1601 aestatem,
1821 1540 2108 1604 primaeque

278 1641 330 1687 14
351 1623 677 1687 navigationis
703 1634 899 1688 tempus
926 1626 1210 1673 ostendunt.
1283 1623 1523 1675 Canicula
1548 1625 1700 1683 stella,
1729 1640 1857 1686 quae
1883 1632 1931 1672 et
1956 1623 2107 1672 Sirius

352 1705 544 1766 dicitur,
566 1706 762 1755 aestivis
788 1706 1042 1755 mensibus
1068 1706 1118 1754 in
1144 1706 1311 1755 medio
1337 1715 1507 1755 centro
1532 1705 1655 1754 caeli
1680 1714 1753 1754 est
1774 1723 1782 1753 :
1819 1714 1867 1754 et
1887 1707 2007 1754 dum
2034 1707 2107 1754 sol

351 1789 416 1836 ad
441 1804 550 1836 eam
583 1787 875 1847 ascenderit,
902 1787 1169 1837 coniuncta
1202 1805 1316 1836 cum
1350 1789 1454 1836 sole
1480 1787 1756 1851 duplicatur
1781 1789 1913 1836 calor
1938 1787 2104 1851 ipsius,

353 1878 401 1918 et
426 1869 761 1918 dissolvuntur
787 1886 994 1932 corpora
1023 1879 1071 1919 et
1096 1879 1406 1934 vaporantur.
1480 1871 1628 1918 Vnde
1658 1878 1707 1918 et
1737 1887 1795 1918 ex
1828 1868 1933 1932 ipsa
1967 1871 2105 1918 stella
2133 1887 2183 1913 20

353 1953 458 2000 dies
484 1950 786 2000 caniculares
806 1952 1050 2012 dicuntur,
1072 1953 1275 2014 quando
1301 1960 1349 2001 et
1374 1953 1611 2001 molestae
1637 1961 1751 2000 sunt
1776 1953 2104 2015 purgationes.

279 2048 334 2096 15
356 2034 507 2083 Canis
539 2043 706 2082 autem
731 2042 933 2082 vocatur
965 2043 1164 2097 propter
1187 2035 1324 2097 quod
1361 2050 1566 2097 corpora
1602 2034 1778 2082 morbo
1811 2032 2002 2093 afficiat,
2031 2035 2107 2082 vel

354 2124 553 2178 propter
582 2117 811 2163 flammae
845 2117 1129 2175 candorem,
1158 2117 1296 2179 quod
1325 2114 1571 2165 eiusmodi
1604 2116 1665 2164 sit
1701 2124 1754 2163 ut
1786 2131 1902 2178 prae
1935 2117 2107 2164 ceteris

353 2198 517 2245 lucere
550 2196 787 2246 videatur.
865 2199 1040 2260 Itaque
1070 2214 1171 2260 quo
1208 2199 1362 2261 magis
1399 2215 1508 2246 eam
1546 2206 1914 2260 cognoscerent,
1948 2195 2106 2245 Sirion

271 2283 331 2329 16
353 2280 643 2340 appellasse.
704 2279 938 2328 Cometes
965 2281 1104 2327 stella
1128 2289 1202 2328 est
1228 2280 1360 2328 dicta
1385 2296 1444 2328 eo
1471 2280 1606 2341 quod
1632 2295 1799 2327 comas
1825 2277 2024 2327 luminis
2049 2296 2108 2328 ex
2141 2300 2183 2340 25

355 2377 407 2408 se
443 2361 634 2409 fundat.
706 2362 859 2422 Quod
896 2377 1050 2424 genus
1089 2360 1260 2410 sideris
1291 2361 1493 2423 quando
1522 2360 1810 2424 apparuerit,
1840 2369 1923 2408 aut
1960 2360 2108 2423 pesti—

280 2463 334 2513 17
354 2441 570 2499 lentiam,
592 2451 676 2490 aut
701 2444 897 2501 famem,
918 2452 1002 2491 aut
1021 2443 1150 2492 bella
1171 2442 1426 2506 significat.
1481 2442 1722 2491 Cometae
1746 2452 1911 2492 autem
1934 2443 2108 2491 Latine

415 2586 431 2611 1
466 2572 638 2612 abortus
663 2571 711 2611 Cl
862 2585 1078 2623 aquasque
1098 2579 1227 2623 temp.
1252 2571 1297 2609 K
1314 2586 1322 2610 z
1351 2577 1715 2622 aquasquettemp.
1745 2570 1795 2610 C1
1949 2584 1974 2620 4
2003 2570 2107 2608 haec

357 2628 549 2676 fulgeant
571 2628 637 2666 B:
669 2626 877 2677 effulgent
903 2627 941 2666 T
1073 2640 1224 2666 serena
1247 2625 1325 2665 CK
1459 2627 1496 2665 si
1516 2627 1630 2666 obse.
1656 2626 1721 2665 his
1741 2625 1844 2666 BT:
1875 2624 2109 2664 obscuratis

357 2682 423 2721 his
448 2681 542 2721 ClK
707 2694 731 2732 5
763 2686 1017 2733 tempestate
1042 2681 1118 2721 C1:
1147 2681 1416 2731 tempestatis
1443 2680 1495 2719 T2
1678 2683 1706 2719 6
1733 2681 1810 2719 ἀπὸ
1831 2681 1903 2719 τοῦ
1921 2678 2003 2719 ὕειν
2024 2692 2107 2717 om.

360 2736 458 2775 C1K
577 2742 619 2775 et
639 2750 663 2775 a
682 2737 738 2786 pl.
768 2737 845 2776 CK
959 2750 1055 2775 nam
1079 2737 1218 2787 pluvia
1239 2735 1284 2774 K
1457 2748 1478 2784 7
1510 2736 1664 2775 dicitur
1682 2735 1792 2775 KT:
1820 2735 2014 2774 dicuntur
2033 2732 2114 2772 BC

358 2793 384 2830 8
415 2791 570 2830 siculas
598 2791 634 2828 T
740 2792 882 2842 pluvia
902 2792 980 2841 sig.
1009 2791 1059 2829 Cl
1247 2804 1294 2829 12
1323 2790 1370 2841 a]
1390 2791 1444 2829 ad
1464 2791 1508 2829 K
1618 2789 1734 2841 quia]
1756 2803 1839 2841 qua
1866 2789 1903 2828 T
2006 2800 2102 2838 app.

358 2847 394 2886 ἀ.
420 2861 458 2885 τ.
482 2861 520 2886 π.
549 2844 625 2884 CK
739 2859 787 2895 13
817 2846 983 2884 ianuam
1007 2844 1106 2896 ClK
1218 2857 1266 2895 15
1295 2845 1408 2894 quod
1428 2852 1493 2884 est
1513 2845 1682 2896 quando
1706 2844 1785 2884 C1:
1815 2844 1927 2894 quod
1949 2855 2049 2882 vere
2067 2841 2109 2880 Β

359 2902 553 2940 oriuntur
575 2899 652 2940 CK
764 2902 813 2938 16
841 2914 924 2950 que
943 2914 1026 2941 om.
1054 2900 1152 2940 C1K
1290 2912 1338 2948 17
1368 2906 1423 2939 st.
1444 2906 1509 2939 est
1529 2913 1638 2949 quae
1657 2899 1703 2938 K
1814 2900 1862 2938 18
1893 2897 1997 2938 caeli
2020 2897 2106 2948 est]

360 2956 505 2996 celesti
534 2955 571 2994 T
677 2955 798 3006 dum]
819 2968 912 2994 cum
933 2954 980 2994 K
1092 2967 1141 3006 19
1171 2955 1469 2995 conscenderit
1493 2954 1528 2993 C
1632 2954 1772 2993 calore
1792 2953 1834 2991 Β
1970 2964 2024 2990 20
2054 2964 2108 2989 ex

358 3023 440 3051 om.
473 3010 510 3049 T
615 3022 664 3048 21
699 3010 853 3048 dicitur
875 3009 952 3048 C1:
981 3023 1063 3050 om.
1094 3010 1131 3048 T
1237 3021 1287 3047 22
1317 3022 1420 3049 mor.
1443 3021 1527 3048 cor.
1552 3007 1628 3047 CK
1646 3010 1748 3059 (non
1768 3007 1829 3058 A)
1914 3006 1982 3046 vel
2007 3005 2106 3045 CK:

363 3065 452 3104 sive
467 3066 535 3105 B:
555 3070 628 3104 aut
649 3062 704 3104 T:
737 3064 878 3104 Sirius
898 3065 1024 3104 Arev.
1149 3077 1202 3113 23
1222 3064 1336 3113 quod
1353 3063 1562 3103 eiusmodi
1577 3063 1632 3102 sit
1645 3062 1747 3102 BT:
1773 3061 1886 3112 quod
1903 3060 2107 3100 eiusmodi

360 3118 402 3157 A
425 3133 433 3159 :
462 3131 587 3169 quem
609 3119 764 3159 emittit
788 3117 864 3158 CK
1019 3131 1070 3167 24
1101 3117 1216 3170 eam]
1237 3124 1279 3158 et
1303 3115 1351 3157 C1
1489 3127 1554 3172 “25
1585 3117 1697 3157 dicta
1716 3128 1797 3156 om.
1823 3114 1901 3155 CK
1919 3118 2023 3168 (non
2042 3113 2105 3166 A)
