2176 3424
1114 104 1385 155 ISIDORI

258 248 343 295 125
370 234 457 279 Est
484 234 614 280 enim
644 250 854 296 organus
882 235 1111 297 corporis.
1190 238 1331 284 Iecur
1358 254 1542 286 nomen
1569 241 1718 289 habet
1746 259 1804 289 eo
1832 246 1965 305 quod
1993 244 2116 307 ignis

366 314 431 360 ibi
474 315 653 363 habeat
695 317 878 375 sedem,
920 316 1003 379 qui
1045 317 1093 365 in
1137 319 1339 366 cerebro
1372 321 1610 369 subvolat.
1687 324 1814 372 Inde
1847 327 1910 373 ad
1945 329 2116 376 oculos

363 405 652 459 ceterosque
679 414 851 445 sensus
890 407 937 446 et
977 398 1199 447 membra
1236 400 1540 462 diffunditur,
1570 412 1617 451 et
1649 405 1810 453 calore
1845 423 1934 455 suo
1968 409 2032 456 ad
2063 425 2114 457 se

363 493 536 525 sucum
578 495 636 526 ex
677 479 790 528 cibo
831 488 1040 528 tractum
1080 481 1221 530 vertit
1265 481 1315 529 in
1350 483 1654 546 sanguinem,
1685 503 1832 548 quem
1869 490 1934 536 ad
1971 505 2114 539 usum

360 559 597 620 pascendi
639 560 988 624 nutriendique
1033 562 1236 626 singulis
1280 565 1515 613 membris
1554 566 1768 628 praebet.
1849 571 1910 616 In
1951 569 2112 619 iecore
2140 598 2161 636 5

359 650 526 690 autem
567 642 791 691 consistit
831 645 1056 706 voluptas
1098 654 1144 692 et
1188 646 1593 709 concupiscentia
1627 648 1760 696 iuxta
1803 665 1888 697 eos
1929 651 2014 713 qui
2048 654 2112 701 de

248 731 339 778 126
361 724 574 786 physicis
601 726 868 787 disputant.
945 725 1120 774 Fibrae
1146 725 1319 775 iecoris
1345 737 1459 775 sunt
1494 731 1836 790 extremitates,
1864 730 1989 780 sicut
2016 730 2110 800 [et]

359 814 605 854 extremae
625 816 785 869 partes
807 809 1032 855 foliorum
1062 807 1112 855 in
1132 807 1313 868 intibis,
1335 811 1434 859 sive
1455 810 1595 873 quasi
1611 811 1806 875 linguae
1823 813 2110 863 eminentes.

361 885 531 935 Dictas
571 898 737 937 autem
776 889 922 937 fibras
963 891 1099 952 quod
1130 892 1263 953 apud
1306 892 1511 954 gentiles
1546 892 1596 940 in
1633 893 1780 942 sacris
1817 896 1880 943 ad
1919 896 2111 945 Phoebi

358 985 462 1017 aras
494 970 777 1018 ferebantur
813 971 875 1019 ab
913 971 1091 1031 arioliS‚
1121 972 1302 1035 quibus
1340 973 1517 1022 oblatis
1557 984 1706 1038 atque
1744 976 1999 1026 subcensis
2042 995 2110 1027 re-
2137 1007 2176 1035 η

252 1059 335 1108 127
360 1067 544 1113 sponsa
573 1051 868 1115 acciperent.
943 1055 1094 1116 Splen
1126 1053 1314 1102 dictum
1349 1072 1378 1103 a
1411 1056 1759 1119 supplemento
1785 1074 1844 1106 ex
1868 1060 2109 1109 contraria

356 1141 492 1194 parte
513 1132 701 1192 iecoris,
721 1150 784 1181 ne
802 1150 954 1183 vacua
976 1134 1200 1184 existeret
1221 1156 1228 1184 :
1252 1153 1400 1199 quem
1419 1137 1622 1200 quidam
1651 1138 1799 1187 etiam
1819 1139 1942 1188 risus
1961 1158 2108 1191 causa

353 1215 537 1262 factum
566 1214 860 1264 existimant.
936 1218 1067 1264 Nam
1086 1219 1255 1280 splene
1282 1220 1514 1279 ridemus,
1535 1221 1647 1268 felle
1672 1219 1940 1283 irascimur,
1957 1225 2107 1273 corde

353 1295 584 1359 sapimus,
605 1296 767 1346 iecore
794 1315 1033 1347 amamus.
1090 1299 1286 1361 Quibus
1307 1311 1538 1364 quattuor
1558 1302 1815 1351 elementis
1842 1307 2106 1353 constanti-

242 1380 326 1426 128
351 1378 443 1426 bus
471 1378 715 1442 integrum
743 1389 815 1428 est
842 1379 1037 1428 animal.
1114 1383 1153 1428 F
1157 1383 1201 1430 el
1235 1384 1551 1446 appellatum,
1582 1385 1718 1446 quod
1746 1386 1806 1432 sit
1832 1386 2103 1436 folliculum
2134 1415 2176 1454 15

348 1470 545 1523 gestans
587 1463 861 1522 humorem,
911 1462 995 1525 qui
1039 1472 1241 1511 vocatur
1286 1463 1410 1512 bilis.
1483 1467 1779 1515 Stomachus
1821 1468 2009 1516 Graece
2049 1485 2103 1517 os

349 1554 565 1602 vocatur,
595 1560 655 1591 eo
691 1545 827 1606 quod
864 1544 1044 1592 ostium
1085 1547 1266 1594 ventris
1295 1546 1368 1605 sit,
1399 1555 1446 1595 et
1474 1548 1578 1610 ipse
1604 1546 1771 1595 cibum
1799 1548 2012 1612 excipiat
2037 1560 2103 1599 at-

229 1644 323 1690 129
347 1642 443 1687 que
475 1625 525 1672 in
552 1624 784 1673 intestina
810 1626 1124 1675 transmittat.
1201 1627 1445 1676 Intestina
1470 1629 1715 1688 dicuntur,
1745 1646 1804 1678 eo
1836 1632 1969 1693 quod
2002 1647 2103 1680 cor-

346 1708 475 1769 poris
513 1707 743 1756 interiore
779 1718 917 1770 parte
954 1710 1249 1757 cohibentur
1269 1728 1280 1770 3
1319 1727 1445 1772 quae
1482 1709 1667 1758 idcirco
1701 1711 1858 1774 longis
1893 1713 2099 1761 nexibus

345 1790 394 1836 in
421 1788 715 1837 circulorum
743 1789 968 1838 ordinata
995 1800 1109 1838 sunt
1136 1793 1302 1850 modO,
1333 1801 1385 1840 ut
1412 1802 1664 1855 susceptas
1691 1809 1827 1841 escas
1863 1794 2098 1858 paulatim
2125 1822 2175 1849 20

226 1882 319 1927 130
343 1872 578 1933 digerant,
623 1880 670 1919 et
710 1871 1040 1934 superadditis
1089 1871 1213 1921 cibis
1261 1889 1364 1921 non
1405 1872 1732 1935 inpediantur.
1824 1875 2096 1925 Omentum

342 1954 706 2014 membranum,
746 1955 883 2016 quod
940 1953 1161 2003 continet
1211 1954 1556 2004 intestinorum
1606 1954 1842 2004 maiorem
1891 1966 2095 2020 partem,

343 2037 479 2096 quod
521 2036 748 2084 ἐπίπλουν
787 2035 965 2083 Graeci
1006 2045 1199 2085 vocant.
1283 2037 1574 2100 Disseptum
1615 2036 1917 2097 intestinum,
1960 2041 2096 2102 quod

264 2108 267 2109 ⁷
341 2117 575 2165 discernit
614 2125 834 2165 ventrem
872 2125 920 2165 et
957 2126 1119 2166 cetera
1158 2117 1391 2167 intestina
1427 2119 1827 2182 a'pulmonibus‚
1867 2136 1896 2167 a
1932 2123 2095 2170 corde.

238 2211 318 2257 131
342 2199 562 2248 Caecum
603 2198 906 2257 intestinum,
951 2201 1087 2262 quod
1128 2199 1189 2248 sit
1233 2200 1340 2249 sine
1380 2200 1621 2249 foramine
1660 2210 1707 2249 et
1745 2200 1875 2250 exitu
1893 2220 1906 2262 ,·
1944 2219 2092 2266 quem
2119 2229 2166 2267 25

341 2280 518 2328 Graeci
553 2282 736 2343 τυφλὸν
781 2282 960 2344 ἔντερον
991 2282 1177 2330 dicunt.
1254 2281 1429 2330 Ieiuna
1455 2292 1602 2331 tenue
1628 2281 1931 2343 intestinum,
1959 2286 2094 2334 unde

229 2375 317 2420 132
340 2372 387 2410 et
414 2359 651 2410 ieiunium
686 2361 877 2411 dicitur.
953 2365 1139 2412 Venter
1163 2372 1330 2413 autem
1366 2373 1413 2412 et
1439 2365 1577 2412 alvus
1604 2373 1652 2413 et
1678 2373 1844 2412 uterus
1882 2364 2007 2414 inter
2040 2383 2092 2415 se

339 2443 584 2492 differunt.
658 2447 845 2494 Venter
885 2454 958 2493 est
996 2445 1081 2508 qui
1119 2455 1354 2509 acceptos
1395 2446 1533 2494 eibos
1573 2445 1762 2509 digerit,
1804 2455 1852 2494 et
1891 2457 2091 2510 apparet

338 2525 652 2585 extrinsecus,
673 2526 986 2589 pertinetque
1011 2544 1040 2575 a
1066 2537 1264 2590 pectore
1280 2528 1345 2575 ad
1371 2526 1640 2590 inguinem,
1665 2537 1711 2575 et
1733 2527 1895 2576 dictus
1921 2539 2091 2578 venter

393 2670 416 2695 2
448 2656 539 2708 qui]
570 2670 653 2706 qua
679 2656 734 2694 Β1
900 2668 925 2705 3
958 2658 1009 2695 ad
1040 2669 1185 2695 secum
1214 2669 1267 2694 ex
1304 2655 1360 2695 T:
1397 2656 1450 2694 ad
1480 2669 1628 2694 sucum
1657 2669 1711 2695 ex
1744 2655 1793 2696 Cl
1819 2653 1890 2705 (ad
1918 2656 1991 2697 del.
2018 2657 2088 2709 C2)

338 2713 364 2748 6
394 2711 606 2762 consistit]
626 2711 815 2760 persistit
832 2711 916 2749 ΚΒ
1012 2725 1032 2760 7
1057 2717 1098 2750 et
1113 2711 1205 2751 hab.
1224 2710 1403 2750 BCDF:
1425 2725 1504 2749 om.
1529 2710 1619 2749 KT
1724 2712 1748 2749 8
1779 2713 1822 2750 in
1844 2711 2002 2750 intibiis
2016 2711 2086 2752 D:

337 2766 379 2804 in
400 2766 559 2804 intibus
574 2766 615 2804 Β
634 2767 735 2818 (non
750 2766 804 2815 F>
917 2779 950 2817 9
973 2766 1108 2817 quod]
1123 2766 1220 2815 quia
1238 2765 1273 2804 C
1364 2766 1416 2804 ad
1435 2765 1510 2804 Ph.
1531 2778 1593 2804 ar.
1613 2767 1653 2804 in
1672 2778 1755 2805 sac.
1774 2767 1809 2805 C
1917 2778 1967 2804 10
1995 2779 2086 2806 sus-

337 2821 482 2869 pensis
499 2820 545 2858 K
560 2821 661 2870 (non
678 2819 741 2869 D)
859 2833 906 2869 13
929 2823 1118 2859 existunt
1131 2820 1178 2858 K
1290 2821 1339 2859 16
1359 2820 1427 2871 os]
1445 2834 1502 2858 an
1520 2819 1738 2871 οἷσοφάγος
1754 2823 1766 2860 Ζ
1882 2833 1928 2868 17
1948 2821 2084 2860 hostia

334 2875 374 2912 Β
536 2876 584 2914 18
614 2875 655 2913 in
675 2887 758 2914 om.
780 2874 835 2911 Βι
859 2869 930 2926 <ad
950 2874 1025 2925 B2)
1056 2874 1106 2914 Cl
1216 2887 1265 2913 21
1298 2881 1472 2923 egerant
1503 2875 1562 2914 T:
1591 2876 1798 2924 degerant
1822 2874 1857 2913 C
1875 2874 1950 2926 (Β1
1972 2887 2013 2914 n.
2032 2875 2082 2926 l.)

334 2943 387 2977 23
422 2929 671 2980 Disceptum
699 2929 736 2968 T
819 2930 917 2978 quia
938 2930 1043 2969 disc.
1064 2928 1099 2968 C
1205 2942 1256 2979 24
1287 2930 1339 2967 ad
1361 2942 1433 2967 cor
1455 2929 1515 2969 C:
1547 2935 1588 2968 et
1609 2942 1632 2967 a
1655 2929 1783 2968 corde
1805 2929 1895 2969 dett.
1917 2942 1926 2968 :
1957 2943 2014 2967 cm
2035 2942 2083 2968 ac

334 2985 491 3024 corde?
603 2997 654 3033 25
685 2984 782 3034 quia
803 2984 856 3022 sit
880 2985 914 3023 C
996 2992 1038 3022 et
1059 2985 1177 3022 exitu
1199 2997 1281 3022 om.
1314 2984 1351 3022 T
1457 2985 1509 3022 26
1537 2981 1714 3035 τυφλὸν]
1728 2983 1864 3022 thilon
1890 2982 1942 3022 T:
1974 2983 2081 3022 tilon

336 3038 436 3078 CK:
468 3039 583 3077 telon
603 3039 644 3077 Β
727 3052 778 3088 27
809 3051 905 3079 ven.
929 3045 1068 3078 autem
1090 3037 1209 3078 estB
1291 3038 1342 3076 28
1374 3038 1542 3088 degerit
1561 3037 1596 3077 C
1685 3051 1739 3088 29
1767 3037 2024 3078 intrinsecus
2041 3038 2088 3077 K
