2228 3444
1057 165 1330 218 ISIDORI

318 291 486 351 aversi,
521 294 655 342 nulla
689 294 919 358 superbia
953 297 1204 357 cadentes,
1240 299 1328 348 sed
1363 299 1563 349 firmiter
1596 300 1646 349 in
1685 300 1779 351 Dei
1815 319 1981 352 amore
2018 313 2066 353 et

317 374 740 438 contemplatione
766 386 1039 439 manentes,
1077 378 1199 427 nihil
1230 379 1365 430 aliud
1398 382 1545 431 dulce
1569 383 1755 433 habent
1780 383 1872 433 nisi
1898 402 2011 434 eum
2037 404 2066 435 a

227 474 292 522 32
314 472 414 520 quo
450 457 599 507 creati
636 468 762 508 sunt.
838 462 993 521 Quod
1024 469 1191 510 autem
1229 463 1330 512 duo
1368 463 1624 527 Seraphim
1658 464 1708 514 in
1742 464 1888 515 Esaia
1924 465 1992 531 (6,
2015 467 2064 532 2)

313 539 554 602 leguntur,
583 539 846 603 figuraliter
871 540 1064 591 Veteris
1090 551 1138 591 et
1164 544 1295 592 Novi
1322 545 1628 594 Testamenti
1653 546 2063 610 significationem

317 620 601 668 ostendunt.
687 620 838 681 Quod
879 637 994 670 vero
1034 620 1210 671 faciem
1249 631 1298 672 et
1336 625 1490 687 pedes
1531 626 1627 674 Dei
1666 625 1906 689 operiunt,
1949 628 2064 690 quia
2088 646 2110 686 5

315 696 575 760 praeterita
613 706 728 746 ante
767 701 1011 748 mundum
1061 710 1110 749 et
1153 703 1313 750 futura
1355 713 1467 766 post
1507 706 1750 754 mundum
1798 705 1919 754 scire
1960 723 2062 755 non

317 796 594 843 possumus,
626 781 713 829 sed
740 781 904 830 media
930 791 1123 831 tantum
1144 799 1315 832 eorum
1341 785 1627 835 testimonio
1652 789 2060 851 contemplamur.

222 876 287 924 33
314 862 500 926 Singuli
529 879 671 912 senas
696 865 797 913 alas
824 863 1025 926 habent,
1054 865 1170 928 quia
1194 867 1257 915 de
1283 867 1468 917 fabrica
1500 877 1691 919 tantum
1719 870 1907 932 mundi,
1935 888 2062 934 quae

312 946 362 994 in
389 962 472 994 sex
498 945 675 994 diebus
701 948 829 995 facta
861 956 989 1007 sunt,
1019 947 1068 995 in
1095 949 1340 1011 praesenti
1367 953 1564 1000 saeculo
1592 951 1833 1001 novimus.
1909 955 2060 1015 Quod

313 1027 492 1073 clamat
518 1034 590 1073 ter
616 1026 825 1075 Sanctus
851 1027 973 1075 alter
996 1028 1061 1075 ad
1085 1028 1307 1088 alterum,
1337 1028 1590 1079 Trinitatis
1615 1030 1664 1079 in
1683 1048 1782 1080 una
1806 1031 2060 1082 divinitate
2088 1056 2136 1083 10

311 1108 618 1156 demonstrat
644 1106 944 1171 mysterium.

226 1193 285 1231 VI
450 1193 532 1238 DE
571 1204 867 1238 HoM1N1ssvs
903 1206 990 1247 Qv1
1026 1206 1246 1248 QVODAM
1284 1207 1574 1242 PRAESAGIO
1613 1209 1803 1243 NOMEN
1838 1211 2058 1245 ACCEPE-

312 1289 470 1322 RVNT.
545 1272 772 1336 Plerique
810 1273 1081 1338 primorum
1109 1274 1370 1324 hominum
1397 1293 1454 1325 ex
1491 1277 1698 1341 propriis
1728 1277 1887 1327 causis
1924 1279 2060 1343 origi-

313 1373 426 1404 nem
448 1353 709 1403 nominum
731 1355 932 1404 habent.
997 1355 1194 1418 Quibus
1215 1356 1281 1406 ita
1301 1358 1590 1422 prophetice
1611 1359 1765 1409 indita
1786 1370 1898 1409 sunt
1919 1377 2058 1410 voca-

312 1436 442 1496 bula,
466 1445 519 1485 ut
539 1445 623 1486 aut
643 1437 818 1486 futuris
843 1446 928 1486 aut
944 1439 1357 1501 praecedentibus
1378 1456 1548 1489 eorum
1565 1441 1723 1490 causis
1745 1444 2055 1492 conveniant.
2085 1464 2132 1506 15

255 1532 286 1565 2
313 1519 373 1566 In
394 1518 575 1582 quibus
595 1528 763 1569 tamen
791 1529 1024 1569 manente
1050 1520 1251 1583 spiritali
1278 1532 1601 1584 sacramento,
1629 1541 1762 1573 nunc
1782 1532 1974 1573 tantum
1994 1528 2058 1575 ad

310 1601 520 1651 litteram
548 1602 854 1651 intellectum
881 1602 1111 1652 historiae
1143 1603 1496 1668 persequimur.
1559 1605 1659 1655 Vbi
1683 1616 1849 1656 autem
1876 1617 2060 1671 etymo-

310 1683 468 1747 logiae
502 1684 957 1749 interpretationem
993 1702 1095 1735 non
1128 1686 1393 1750 attigimus,
1423 1689 1578 1736 solam
1613 1687 1769 1751 ipsam
1803 1688 1854 1737 in
1882 1689 2059 1738 Latino

253 1787 283 1834 3
307 1766 655 1831 etymologiam
677 1767 948 1831 posuimus.
1012 1769 1166 1830 Quod
1183 1778 1349 1818 autem
1368 1786 1523 1818 unum
1543 1787 1729 1819 nomen
1751 1771 2057 1821 Hebraicum

308 1848 448 1897 aliter
483 1858 632 1912 atque
668 1849 807 1899 aliter
843 1849 1201 1913 interpretatur,
1238 1852 1334 1899 hoc
1368 1853 1643 1900 secundum
1677 1861 1973 1902 accentuum
2011 1862 2058 1902 et
2084 1877 2135 1906 20

307 1930 576 1980 litterarum
603 1930 766 1980 evenit
792 1930 1139 1992 diversitatem,
1168 1941 1220 1980 ut
1254 1931 1304 1979 in
1331 1932 1473 1981 variis
1506 1932 1947 1996 significationibus
1972 1951 2056 1983 no-

249 2027 282 2073 4
307 2013 443 2062 mina
475 2022 858 2063 commutentur.
930 2015 1112 2073 Adam,
1148 2013 1273 2063 sicut
1311 2015 1485 2064 beatus
1522 2015 1859 2078 Hieronymus
1893 2015 2055 2076 tradit,

307 2097 460 2145 homo
498 2095 599 2144 sive
633 2105 853 2145 terrenus
892 2095 992 2146 sive
1030 2104 1156 2144 terra
1191 2096 1337 2145 rubra
1373 2096 1729 2161 interpretatur.
1821 2099 1895 2146 Ex
1931 2107 2056 2147 terra

306 2177 437 2225 enim
477 2179 605 2226 facta
637 2187 710 2227 est
743 2194 871 2239 caro,
907 2187 954 2227 et
990 2179 1170 2227 humus
1201 2178 1416 2227 hominis
1449 2179 1663 2228 faciendi
1697 2179 1922 2228 materies
1951 2180 2055 2228 fuit.

250 2275 281 2325 5
308 2261 414 2309 Eva
439 2259 785 2323 interpretatur
809 2259 908 2308 vita
933 2259 1033 2308 sive
1059 2259 1311 2310 calamitas
1338 2260 1439 2310 sive
1464 2278 1565 2310 vae.
1620 2260 1748 2322 Vita,
1777 2261 1892 2324 quia
1918 2262 2053 2326 origo
2079 2285 2128 2326 25

306 2342 395 2391 fuit
420 2341 685 2391 nascendi:
726 2343 978 2391 calamitas
1004 2351 1053 2391 et
1078 2359 1183 2399 vae,
1210 2342 1324 2406 quia
1357 2342 1773 2406 praevaricatione
1806 2360 1954 2392 causa
1978 2361 2054 2393 ex-

305 2424 401 2474 titit
444 2424 702 2474 moriendi.
776 2426 821 2472 A
865 2425 1094 2473 cadendo
1137 2426 1268 2473 enim
1310 2441 1494 2473 nomen
1534 2424 1743 2488 sumpsit
1784 2426 2050 2476 calamitas.

362 2568 386 2593 2
416 2554 540 2595 dulce
560 2568 659 2596 corr.
685 2567 766 2595 ras,
791 2555 896 2593 duce
923 2554 982 2594 T:
1014 2555 1163 2594 ducem
1187 2553 1234 2592 K
1377 2566 1402 2604 5
1431 2567 1532 2594 vero
1556 2568 1638 2596 om.
1661 2554 1723 2592 Kl
1891 2555 1992 2608 Dei]
2015 2557 2053 2594 ei

307 2609 400 2650 dett.
524 2611 550 2648 6
580 2615 622 2648 et
644 2609 718 2650 sut.
743 2640 754 2650 .
775 2639 785 2649 .
811 2640 820 2650 .
845 2622 929 2648 non
951 2622 1065 2660 poss.
1088 2623 1170 2649 om.
1200 2609 1237 2648 T
1352 2621 1373 2658 7
1405 2610 1648 2648 testimonia
1677 2609 1765 2648 ΚΤ
1871 2623 2051 2661 conpro-

307 2666 456 2704 bamur
474 2663 516 2702 Β
625 2665 651 2703 8
681 2677 788 2714 quae
809 2663 946 2703 sexK
1057 2677 1106 2703 10
1135 2665 1287 2703 clamat
1307 2664 1392 2716 ter]
1415 2664 1644 2703 clamantes
1666 2664 1702 2703 C
1810 2677 1854 2704 11
1878 2666 2053 2704 demon-

308 2725 445 2759 strant
466 2719 743 2758 ministerium
767 2718 817 2757 Cl
1016 2732 1064 2769 13
1093 2718 1330 2769 hominum]
1354 2719 1541 2758 omnium
1565 2719 1616 2757 C1
1835 2733 1889 2759 ex
1909 2733 1991 2760 om.
2021 2720 2059 2758 T

313 2777 362 2813 16
382 2773 519 2813 nucB
629 2772 813 2824 tantum]
835 2778 975 2813 tamen
999 2773 1035 2812 T
1145 2786 1190 2822 17
1213 2786 1519 2824 persequemur
1542 2772 1620 2812 CT
1727 2775 1775 2813 18
1796 2775 2051 2824 adtingimus

311 2831 432 2881 (ath)
450 2827 575 2870 BCK
656 2828 826 2868 latinum
848 2828 960 2869 codd.
1074 2842 1127 2868 20
1147 2833 1368 2868 accentum
1393 2828 1529 2880 (adm)
1554 2828 1654 2867 C¹K
1660 2828 1696 2866 T
1801 2841 1851 2867 21
1876 2829 2052 2868 diversi-

310 2890 397 2923 tate
413 2883 500 2922 BT
714 2896 766 2933 23
795 2884 886 2923 sive
909 2882 1041 2935 (alt.)]
1064 2884 1131 2922 vel
1152 2882 1199 2920 K
1425 2896 1476 2932 24
1507 2883 1665 2922 homini
1686 2882 1764 2923 sac.
1786 2884 1989 2922 materiae
2010 2882 2056 2921 K

311 2950 362 2988 25
392 2937 504 2990 sive]
527 2937 565 2976 si
585 2936 646 2975 Kl
856 2937 964 2989 sive]
987 2944 1059 2977 aut
1079 2937 1126 2976 K
1143 2938 1245 2990 (non
1265 2937 1330 2990 A)
1496 2950 1572 2977 vae
1592 2951 1674 2977 om.
1700 2936 1748 2975 Cl
1854 2937 1951 2976 Vita
1972 2967 1983 2978 .
2009 2969 2019 2980 .
2039 2968 2050 2978 .

310 3007 387 3032 vae
406 3006 488 3032 om.
510 2991 557 3030 K
575 2994 678 3045 (non
699 2992 762 3044 A)
876 2995 930 3031 26
958 2992 1058 3045 vae]
1079 2993 1196 3032 aciae
1218 2991 1268 3031 Cl
1379 2993 1478 3043 quia
1498 3005 1545 3031 ex
1561 3005 1670 3042 quae
1690 2992 1732 3030 A
1819 2993 2055 3042 prevarica-

311 3049 472 3087 tionem
488 3047 569 3087 BC
581 3061 589 3088 ε
613 3060 691 3098 per
705 3047 1076 3098 presaricationem
1103 3048 1160 3089 T:
1192 3047 1565 3097 praevaricationis
1583 3047 1625 3084 A
1739 3060 1790 3096 27
1820 3047 1859 3084 A
1876 3048 1963 3087 cad,
1981 3077 1991 3088 .
2014 3077 2024 3088 .
2047 3077 2056 3086 .

312 3102 386 3143 cal.
411 3115 494 3142 om.
519 3100 566 3139 K
583 3102 685 3155 <non
705 3102 770 3155 A)
