2228 3444
650 102 1003 152 CAPITVLA
1053 105 1430 153 LIBRORVM

234 224 347 268 xxxi.
372 226 447 268 De
468 224 641 270 lumine
663 226 811 269 lunae.
1324 226 1916 282 phylax‚Arcturus‚Orion‚

221 297 349 341 xxxii.
377 299 451 342 De
472 296 630 342 formis
651 299 803 342 lunae.
1327 299 1764 354 Hyades‚Pleiades‚
1780 300 1920 344 Cani-

202 369 349 413 xxxiii.
378 371 448 414 De
473 369 714 414 interlunio
734 371 883 415 lunae.
1325 371 1443 426 cula,
1471 379 1695 426 cometae,
1725 373 1918 426 Lucifer,

204 442 347 487 xxxiv.
374 444 448 487 De
470 457 604 488 cursu
625 445 775 487 lunae.
1323 444 1557 501 Vesperus
1578 452 1622 489 et
1645 443 1832 502 reliqua.

228 514 357 560 xxxv.
382 517 455 560 De
487 515 723 561 vicinitate
765 518 900 560 lunae
944 516 1004 560 ad

411 597 572 634 terras.
1477 575 1541 618 IV

224 662 367 706 xxxvi.
390 664 464 707 De
486 662 645 720 eclipsi
670 662 793 707 solis.
1218 659 1243 702 i·
1270 661 1343 704 De
1365 661 1610 705 medicina-

201 734 362 779 xxxvii.
388 737 460 780 De
483 735 638 792 eclipsi
665 738 811 780 lunae.
1201 731 1244 775 ii·
1271 733 1344 777 De
1365 733 1556 779 nomine
1578 735 1691 780 eius.

185 807 363 852 xxxviii.
390 809 463 852 De
479 807 738 852 differentia
754 809 1006 862 stellarum,
1183 805 1241 849 iii.
1267 807 1341 850 De
1365 805 1680 853 inventoribus
1703 807 1814 853 eius.

410 881 1006 939 siderumatqueastrorum.
1189 878 1245 922 iv.
1271 881 1345 924 De
1421 880 1565 925 tribus
1649 882 1919 927 haeresibus

215 953 356 998 xxxix.
384 955 456 997 De
478 953 651 998 lumine
674 954 922 999 stellarum.
1329 953 1626 998 medicorum.

298 1027 354 1070 xl.
382 1029 455 1070 De
479 1027 716 1071 stellarum
740 1028 842 1072 situ.
1204 1041 1243 1069 v·
1273 1027 1347 1071 De
1404 1035 1620 1084 quattuor
1687 1030 1923 1074 umoribus

278 1100 353 1143 xli.
381 1100 454 1144 De
478 1101 715 1145 stellarum
737 1115 886 1145 cursu.
1328 1100 1546 1157 corporis.

267 1171 357 1216 xlii.
384 1174 456 1216 De
471 1173 740 1218 variocursu
757 1175 1005 1218 stellarum.
1189 1170 1244 1215 vi.
1274 1172 1348 1215 De
1371 1172 1516 1216 acutis
1538 1175 1725 1218 morbis.

249 1244 354 1289 xliii.
381 1246 454 1290 De
477 1248 713 1291 stellarum
738 1247 1004 1292 intervallis.
1172 1243 1245 1287 vii·
1272 1245 1345 1288 De
1368 1245 1598 1291 chronicis
1622 1247 1810 1292 morbis.

258 1317 360 1361 xliv.
386 1319 456 1362 De
472 1318 879 1364 circularinumero
899 1321 1004 1364 stel-
1153 1316 1244 1360 viii.
1271 1318 1344 1361 De
1377 1318 1552 1363 morbis
1586 1319 1662 1376 qui
1694 1319 1738 1363 in
1764 1335 1921 1377 super-

412 1389 559 1431 larum
601 1389 665 1446 [et
703 1390 827 1446 quod
870 1404 1004 1447 quae·
1329 1391 1428 1435 ficie
1452 1391 1571 1435 cutis
1594 1392 1821 1438 videntur.

412 1457 520 1500 dam
545 1456 697 1502 sidera
729 1458 837 1503 solis
863 1458 1006 1503 radiis
1189 1464 1242 1507 ix.
1271 1465 1344 1508 De
1386 1465 1600 1510 remediis
1636 1475 1681 1511 et
1718 1467 1922 1512 medica-

411 1531 680 1587 praepedita
710 1533 928 1575 anomala
955 1532 1005 1575 fi·
1326 1538 1542 1582 minibus.

413 1611 509 1658 unt,
530 1612 610 1647 aut
638 1606 908 1661 retrograda
929 1613 1007 1650 aut
1207 1627 1247 1654 x.
1275 1612 1349 1655 De
1371 1611 1499 1655 libris
1523 1611 1892 1658 medicinalibus.

414 1676 719 1733 stationaria}
1187 1684 1244 1728 xi.
1269 1686 1340 1729 De
1399 1684 1717 1731 instrumentis
1775 1687 1920 1732 medi-

272 1749 358 1792 xlv.
383 1750 456 1792 De
480 1751 620 1794 stellis
642 1751 853 1808 planetis.
1329 1772 1501 1802 corum.

252 1822 357 1866 xlvi.
384 1823 456 1866 De
471 1823 797 1879 praecedentia
814 1833 859 1869 et
875 1833 1006 1869 ante·
1172 1830 1246 1874 xii.
1270 1832 1343 1875 De
1360 1831 1580 1877 odoribus
1599 1841 1642 1878 et
1662 1834 1920 1890 unguentis.

412 1896 683 1950 gradatione
706 1898 956 1942 stellarum.
1157 1903 1246 1947 xiii.
1275 1906 1346 1948 De
1369 1903 1499 1948 initio
1521 1905 1798 1951 medicinae.

235 1967 359 2012 xlvii.
386 1970 457 2012 De
498 1970 752 2014 remotione
786 1980 831 2015 et
866 1981 1006 2016 retro-

411 2041 683 2097 gradatione
701 2045 950 2090 stellarum.
1462 2034 1500 2076 V
1522 2035 1564 2077 A

221 2113 359 2158 xlviii.
384 2115 458 2158 De
479 2123 603 2158 statu
625 2116 873 2162 stellarum.
1219 2118 1246 2163 i.
1272 2120 1345 2163 De
1366 2119 1633 2164 auctoribus
1657 2122 1824 2178 legum.

255 2186 357 2230 xlix.
383 2189 456 2231 De
472 2187 735 2233 nominibus
756 2191 1004 2246 stellarum,
1202 2191 1244 2235 ii.
1270 2193 1344 2237 De
1369 2193 1549 2249 legibus
1572 2193 1741 2239 divinis
1763 2203 1807 2239 et
1838 2195 1922 2238 hu-

414 2261 583 2317 quibus
631 2276 685 2305 ex
728 2263 879 2307 causis
927 2279 1004 2308 no·
1329 2267 1491 2310 manis.

417 2332 542 2377 mina
556 2343 848 2391 acceperunt,
869 2337 915 2380 id
937 2346 1006 2381 est
1199 2338 1260 2383 iii.
1286 2338 1408 2395 Quid
1452 2339 1669 2384 differunt
1712 2340 1830 2385 inter
1874 2357 1922 2384 se

413 2408 493 2460 sol,
509 2408 632 2462 luna,
651 2409 821 2461 stellae,
839 2410 1006 2465 sidera,
1331 2411 1414 2467 ius,
1438 2413 1559 2468 leges
1581 2422 1625 2457 et
1650 2428 1811 2458 mores.

416 2479 562 2536 signa,
607 2482 792 2536 Arctos,
841 2483 1006 2527 Arcto-
1190 2483 1247 2528 iv.
1278 2485 1401 2540 Quid
1420 2485 1476 2529 sit
1501 2485 1569 2529 ius
1593 2487 1815 2530 naturale.

234 2626 409 2666 xxxviii.
431 2628 508 2667 sid.
532 2657 540 2667 .
565 2657 572 2667 .
599 2658 608 2667 .
632 2634 732 2669 astr.
756 2643 838 2669 om.
869 2630 906 2668 T
1008 2631 1278 2682 siderumque
1299 2632 1341 2670 Β
1518 2634 1625 2674 xliii.
1646 2635 1865 2674 intervallo
1894 2635 1931 2672 T

179 2679 278 2719 xliv.
301 2686 343 2718 et
363 2682 474 2730 quod
495 2711 504 2722 .
529 2713 539 2722 .
563 2711 573 2723 .
597 2689 691 2723 stat.
712 2685 803 2723 hab.
831 2683 908 2724 CT
928 2699 936 2724 ε
966 2698 1048 2724 om.
1074 2686 1161 2724 ΒΚ
1250 2689 1335 2726 rad.
1358 2719 1366 2728 .
1386 2717 1395 2727 .
1415 2719 1423 2728 .
1445 2689 1551 2727 fiunt
1571 2702 1653 2728 om.
1678 2689 1713 2727 C
1819 2690 1919 2728 xlvi.

178 2736 447 2783 precedentis
472 2735 509 2774 T
663 2738 798 2790 stell.]
821 2746 863 2778 et
883 2745 997 2779 retro
1019 2740 1063 2778 K
1272 2742 1388 2782 xlvii.
1411 2743 1518 2781 stell.
1540 2743 1690 2792 quibus
1711 2756 1765 2781 ex
1788 2743 1923 2782 causis

179 2800 332 2828 nomen
352 2797 609 2840 acceperunt
635 2791 672 2829 T
801 2794 902 2834 xlix,
929 2794 970 2832 id
991 2800 1055 2833 est
1072 2823 1081 2834 .
1101 2824 1111 2835 .
1130 2824 1139 2834 .
1159 2794 1319 2846 reliqua
1339 2810 1420 2836 om.
1445 2797 1491 2834 K
1610 2797 1764 2837 Arctos
1783 2811 1864 2837 om.
1893 2798 1930 2836 T

179 2849 366 2883 cometes
389 2843 466 2883 CT
587 2846 756 2886 Lucifer
775 2860 857 2888 om.
883 2849 919 2887 T
1078 2849 1136 2888 IV
1157 2849 1211 2890 iii.
1233 2851 1324 2889 eius
1340 2865 1424 2891 om.
1446 2852 1486 2890 Β
1615 2866 1651 2891 ν.
1675 2852 1922 2902 corporibus

179 2896 250 2936 K:
278 2911 359 2938 om.
379 2898 421 2936 Β
441 2913 450 2938 :
480 2913 702 2950 corporum
727 2900 762 2939 C
920 2907 1003 2946 viii.
1028 2904 1092 2944 De
1112 2904 1294 2956 alocipia
1314 2905 1354 2943 B
1499 2906 1556 2945 ix.
1580 2913 1622 2946 et
1643 2907 1751 2945 med.
1774 2919 1856 2945 om.
1879 2906 1922 2945 B

179 2951 236 3043 gi.
258 2954 370 3045 nge}
389 2967 472 2995 om.
495 2954 533 2992 Β
644 2956 716 2995 xii.
741 2962 782 2995 et
805 2970 902 3009 ung.
923 2976 1005 3000 om.
1025 2959 1065 2997 Β
1175 2959 1260 2998 xiii.
1286 2961 1348 2998 De
1370 2960 1579 3000 medicina
1592 2959 1637 2998 K
1745 2961 1783 2999 V
1803 2960 1842 2999 A
1862 2961 1915 3000 iii.

222 3019 275 3044 uo
