2228 3444
1115 166 1387 216 ISIDORI

373 301 497 349 aliae
531 300 748 349 animam
782 298 1046 362 imaginem
1076 296 1171 346 Dei
1207 305 1416 360 negant:
1453 296 1576 345 aliae
1608 295 1797 345 animas
1823 298 2040 346 converti
2069 297 2119 345 in

375 384 646 432 daemones
667 390 714 430 et
735 380 784 428 in
805 397 1121 444 quacumque
1140 378 1371 428 animalia
1390 377 1696 428 existimant:
1721 378 1845 427 aliae
1865 379 1928 427 de
1947 379 2120 427 mundi

375 473 503 514 statu
523 464 820 514 dissentiunt
840 483 849 512 ε
886 465 1010 512 aliae
1030 461 1414 511 innumerabiles
1434 462 1650 510 mundos
1669 460 1933 524 opinantur
1953 479 1963 509 ι
1998 461 2121 511 aliae

374 565 555 612 aquam
578 550 691 596 Deo
711 555 1025 595 coaeternam
1045 544 1258 594 faciunt:
1295 544 1420 593 aliae
1438 543 1584 593 nudis
1610 543 1821 607 pedibus
1839 543 2118 592 ambulant:

283 647 351 697 70
373 629 498 678 aliae
537 646 650 678 cum
694 627 980 677 hominibus
1023 644 1126 675 non
1169 627 1487 675 manducant.
1561 627 1706 674 Haec
1745 634 1858 674 sunt
1896 627 2121 674 haereses
2146 642 2167 682 5

374 715 606 761 adversus
632 710 927 759 catholicam
953 711 1104 758 fidem
1131 718 1339 768 exortae,
1367 717 1415 757 et
1447 708 1511 756 ab
1537 706 1791 771 Apostolis
1816 715 1864 755 et
1888 723 1917 754 a
1941 707 2121 755 sanctis

376 794 603 843 Patribus
636 794 712 842 vel
750 791 988 843 Conciliis
1020 793 1431 855 praedamnatae:
1471 806 1597 852 quae
1629 790 1750 837 dum
1783 787 1833 835 in
1868 805 1920 838 se
1956 788 2121 837 multis

375 875 618 926 erroribus
667 874 852 924 divisae
901 873 1113 922 invicem
1161 873 1255 922 sibi
1303 871 1608 931 dissentiant,
1654 870 1910 920 communi
1957 880 2122 919 tamen

375 958 580 1008 nomine
611 959 845 1007 adversus
880 955 1155 1005 Ecclesiam
1191 954 1287 1004 Dei
1320 955 1618 1018 conspirant.
1692 954 1791 1002 Sed
1824 962 1872 1002 et
1906 952 2125 1016 quicum·

376 1059 474 1105 que
505 1040 644 1090 aliter
678 1039 977 1103 Scripturam
1012 1047 1233 1087 sanctam
1267 1035 1504 1100 intellegit
1537 1051 1686 1098 quam
1719 1051 1891 1083 sensus
1919 1034 2124 1098 Spiritus
2150 1053 2199 1083 10

376 1122 533 1172 sancti
558 1121 755 1186 flagitat,
783 1138 811 1170 a
831 1138 931 1188 quo
957 1120 1236 1183 conscripta
1261 1128 1348 1180 est,
1370 1118 1484 1167 licet
1509 1119 1572 1167 de
1600 1117 1821 1166 Ecclesia
1846 1133 1948 1165 non
1974 1134 2126 1167 reces-

378 1208 504 1265 serit,
532 1214 698 1254 tamen
724 1203 998 1253 haereticus
1023 1201 1258 1266 appellari
1284 1210 1459 1265 potest.

294 1299 353 1338 Vl
514 1290 598 1336 DE
638 1290 994 1335 PHILOSOPHIS
1032 1300 1287 1334 GENTIVM.
1360 1283 1649 1347 Philosophi
1687 1284 1878 1332 Graeca
1915 1282 2126 1345 appella-

377 1371 512 1421 tione
545 1379 795 1430 vocantur,
824 1369 908 1432 qui
940 1370 1115 1417 Latine
1148 1378 1392 1416 amatores
1429 1365 1697 1429 sapientiae
1730 1365 2122 1428 interpretantur.

379 1457 469 1504 Est
510 1456 643 1503 enim
682 1452 1013 1515 Philosophus
1051 1451 1136 1514 qui
1172 1452 1448 1500 divinarum
1483 1458 1530 1498 et
1563 1450 1889 1497 humanarum
1917 1443 2125 1514 [rerum]
2154 1467 2198 1507 15

378 1536 634 1587 scientiam
683 1536 848 1596 habet,
899 1545 947 1583 et
995 1551 1196 1583 omnem
1247 1534 1375 1582 bene
1421 1530 1617 1580 vivendi
1674 1529 1919 1579 tramitem
1976 1538 2123 1578 tenet.

325 1636 356 1672 2
380 1622 580 1669 Nomen
618 1618 1032 1681 Philosophorum
1076 1617 1289 1680 primum
1325 1632 1354 1663 a
1391 1615 1667 1678 Pythagora
1702 1614 1851 1662 fertur
1887 1620 2124 1660 exortum.

380 1705 510 1752 Nam
537 1703 656 1751 dum
682 1710 829 1750 antea
855 1699 1031 1749 Graeci
1055 1708 1244 1747 veteres
1278 1698 1537 1761 sophistas,
1566 1696 1616 1744 id
1650 1704 1723 1744 est
1757 1693 2016 1758 sapientes,
2045 1701 2128 1741 aut

378 1787 607 1834 doctores
670 1782 938 1847 sapientiae
999 1780 1290 1844 semetipsos
1346 1778 1606 1829 iactantius
1661 1776 1987 1836 nominarent,
2037 1775 2128 1824 iste

379 1868 703 1930 interrogatus
729 1865 849 1928 quid
875 1865 1198 1928 profiteretur,
1221 1862 1504 1911 verecundo
1529 1859 1733 1908 nomine
1757 1858 2124 1922 philosophum,
2153 1877 2203 1905 20

380 1950 430 1999 id
457 1958 530 1998 est
561 1956 833 1997 amatorem
867 1945 1138 2010 sapientiae
1169 1962 1220 1993 se
1246 1961 1353 1993 esse
1382 1941 1650 2006 respondit,
1678 1940 1913 2004 quoniam
1941 1938 2127 2001 sapien-

326 2048 356 2094 3
378 2042 478 2081 tem
504 2031 721 2094 profiteri
745 2029 1198 2092 arrogantissimum
1224 2026 1494 2075 videbatur.
1559 2025 1637 2072 Ita
1660 2024 1896 2085 deinceps
1921 2020 2128 2086 posteris

378 2113 562 2178 placuit
598 2122 663 2172 ut,
705 2110 1012 2175 quantalibet
1053 2111 1116 2159 de
1153 2109 1299 2158 rebus
1341 2109 1405 2156 ad
1442 2105 1734 2170 sapientiam
1770 2102 2129 2168 pertinentibus

379 2195 606 2245 doctrina
637 2193 848 2256 quisque
872 2194 949 2241 vel
982 2191 1076 2240 sibi
1101 2192 1178 2239 vel
1209 2189 1316 2238 aliis
1340 2188 1587 2238 videretur
1622 2188 1872 2246 excellere,
1900 2202 2002 2234 non
2035 2184 2128 2232 nisi

379 2277 706 2342 philosophus
732 2283 998 2324 vocaretur.
1075 2274 1218 2321 Idem
1243 2280 1409 2320 autem
1440 2270 1723 2333 philosophi
1749 2267 1925 2331 triplici
1949 2283 2128 2330 genere
2152 2287 2199 2327 25

381 2360 695 2410 dividuntur:
754 2374 870 2405 nam
918 2366 1002 2405 aut
1052 2356 1246 2418 Physici
1294 2361 1421 2413 sunt,
1456 2361 1541 2400 aut
1590 2349 1767 2410 Ethici,
1809 2358 1893 2398 aut
1941 2348 2122 2412 Logici.

326 2457 357 2503 4
382 2441 577 2505 Physici
603 2440 736 2499 dicti,
764 2438 880 2502 quia
905 2439 967 2487 de
992 2435 1178 2485 naturis
1203 2444 1428 2484 tractant.
1501 2435 1690 2482 Natura
1723 2430 1906 2495 quippe
1938 2432 2127 2481 Graece

329 2526 524 2589 5φύσις
569 2531 783 2571 vocatur.
860 2518 1038 2578 Ethici,
1078 2517 1193 2580 quia
1238 2519 1302 2566 de
1350 2515 1569 2564 moribus
1616 2516 1886 2577 disputant.
1959 2515 2127 2562 Mores

441 2667 457 2692 1
491 2651 741 2703 imaginem]
762 2652 804 2689 in
826 2651 966 2700 ignem
989 2648 1035 2686 K
1157 2648 1237 2686 Dei
1258 2647 1325 2699 n.]
1345 2647 1562 2694 denegant
1582 2645 1623 2683 Β
1814 2658 1838 2683 2
1869 2644 2054 2683 existunt
2077 2641 2127 2681 C¹

382 2722 408 2759 3
441 2706 621 2758 innum.]
637 2707 679 2745 in
697 2705 959 2745 mirabilibus
975 2703 1021 2742 K
1102 2715 1126 2754 5
1158 2702 1279 2742 Haec
1301 2707 1423 2740 erunt
1443 2700 1493 2740 Cl
1577 2702 1603 2738 6
1631 2701 1684 2739 ab
1702 2713 1782 2739 om.
1799 2699 1841 2737 Β
1923 2710 2040 2749 apos.
2058 2696 2126 2735 vel

382 2778 406 2803 a
422 2762 468 2801 K
569 2775 590 2811 7
614 2762 948 2811 praedamnante
966 2758 1039 2799 Cl:
1063 2759 1338 2809 perdamnate
1361 2755 1399 2794 T
1494 2757 1519 2794 8
1542 2755 1797 2794 dissentiunt
1812 2753 1853 2791 Β
1967 2765 2014 2802 14
2034 2757 2128 2803 post

382 2820 666 2868 interpetatur
685 2815 777 2865 (sic)
798 2815 948 2855 iterum
977 2814 1068 2854 hab.
1101 2825 1228 2863 greca
1258 2810 1546 2862 appellatione
1577 2808 1821 2860 philosophi
1850 2812 2054 2846 vocantur
2082 2805 2128 2844 K

385 2875 487 2922 (non
500 2871 563 2924 A)
643 2882 691 2919 15
711 2883 851 2909 rerum
865 2870 959 2908 hab.
977 2870 1098 2921 <post
1110 2867 1170 2914 et)
1187 2867 1229 2905 A
1252 2880 1260 2905 :
1285 2867 1403 2918 (post
1415 2866 1547 2917 hum.)
1563 2862 1707 2903 BCK:
1729 2876 1811 2902 om.
1838 2862 1876 2900 T
1957 2862 2005 2900 18
2026 2867 2126 2900 ante

383 2927 429 2966 K
539 2940 589 2977 19
615 2925 845 2965 iantantius
870 2923 924 2962 T1
1052 2936 1106 2962 20
1133 2920 1422 2973 profeceretur
1442 2919 1511 2959 K:
1531 2919 1756 2970 profitetur
1781 2917 1834 2955 Tl
1973 2928 2022 2954 21
2054 2929 2121 2965 qu.

383 2981 635 3033 sapientiem
657 2978 703 3018 K
842 2992 892 3018 22
920 2978 1164 3028 adrogantis
1186 2976 1308 3015 simul
1330 2973 1381 3013 Cl
1525 2986 1578 3023 23
1607 2973 1661 3012 ad
1681 2985 1762 3011 om.
1787 2971 1838 3011 Ο
1975 2982 2027 3020 24
2055 2970 2123 3009 vel

383 3037 465 3076 sibi
480 3037 572 3076 aliis
587 3036 757 3074 videtur
774 3033 810 3073 C
915 3036 968 3072 26
997 3038 1067 3072 aut
1085 3032 1102 3084 (
1110 3030 1280 3084 prim.)]
1296 3030 1349 3068 ad
1368 3029 1403 3068 C
1405 3030 1419 3055 1
1532 3041 1582 3077 27
1602 3026 1760 3078 quippe
1777 3038 1860 3068 om.
1877 3023 1924 3062 K
1939 3026 2042 3078 (non
2058 3024 2122 3076 A)

386 3094 437 3130 28
463 3091 575 3130 ethis
595 3089 707 3130 codd.
729 3088 872 3142 (etiam
893 3088 957 3140 A)
