2228 3444
431 188 1068 236 ETYMOLOGIARVM
1111 189 1239 236 LIB.
1283 191 1349 237 ΙΙ.
1390 206 1493 249 xxv,
1534 190 1640 238 xxvi

156 321 538 384 significationes
572 322 734 369 omnis
769 336 930 368 sermo
961 321 1224 368 conclusus
1257 329 1343 368 est.
1420 322 1755 371 Instrumenta
1787 332 1912 372 cate·
1934 337 1965 372 2

155 403 398 467 goriarum
434 411 546 451 sunt
576 403 678 460 tria,
709 401 759 450 id
785 410 858 450 est
888 400 1046 464 prima
1074 400 1377 464 aequivoca3
1425 404 1643 451 secunda
1673 406 1912 466 univoca,

155 485 297 534 tertia
312 485 698 535 denominativa.
771 482 1062 547 Aequivoca
1082 493 1208 543 sunt,
1231 485 1434 547 quando
1461 486 1724 534 multarum
1750 503 1911 535 rerum

155 584 340 616 nomen
364 584 519 615 unum
547 575 634 626 est,
655 567 743 614 sed
769 582 870 614 non
897 567 1071 614 eadem
1100 565 1341 626 definitio,
1370 574 1423 614 ut
1448 567 1540 615 leo.
1608 568 1737 615 Nam
1759 585 1910 631 quan-

109 666 130 704 5
154 659 259 697 tum
279 651 342 698 ad
362 666 547 698 nomen
568 647 792 712 pertinet,
812 656 859 696 et
878 663 1019 696 verus
1041 656 1089 696 et
1109 647 1268 710 pictus
1289 656 1337 696 et
1362 647 1585 696 caelestis
1605 650 1684 697 leo
1710 651 1912 710 dicitur,

154 741 394 794 quantum
425 733 488 780 ad
526 731 868 779 definitionem
899 729 1123 792 pertinet,
1159 729 1297 778 aliter
1328 746 1470 778 verus
1501 730 1746 791 definitur,
1775 730 1912 779 aliter

153 813 328 876 pictus,
349 814 487 861 aliter
511 811 748 861 caelestis.
810 811 1035 859 Vnivoca
1055 821 1180 872 sunt,
1204 813 1407 874 quando
1427 813 1635 861 duarum
1661 822 1745 862 aut
1770 813 1912 876 pluri·
1933 821 1963 867 3

154 911 344 943 marum
370 911 529 943 rerum
556 911 710 942 unum
736 909 922 942 nomen
947 903 1020 941 est
1046 903 1094 942 et
1118 893 1355 953 definitio,
1376 903 1428 942 ut
1452 893 1615 943 vestis.
1709 898 1837 944 Nam
1865 906 1911 945 et

155 977 311 1025 birrus
350 986 397 1025 et
435 978 601 1025 tunica
639 986 687 1025 et
717 992 900 1024 nomen
927 975 1074 1024 vestis
1111 985 1319 1039 possunt
1355 975 1579 1040 accipere
1613 986 1659 1025 et
1697 977 1800 1026 eius
1827 980 1911 1027 de-

81 1073 133 1102 10
158 1059 445 1108 finitionem.
508 1062 638 1122 Ergo
662 1060 758 1107 hoc
785 1058 1051 1106 univocum
1088 1059 1138 1105 in
1171 1058 1434 1121 generibus
1468 1075 1574 1107 esse
1600 1058 1908 1122 intellegitur,

155 1141 270 1205 quia
295 1150 342 1190 et
369 1157 551 1190 nomen
578 1150 625 1189 et
651 1139 994 1189 definitionem
1016 1142 1101 1188 dat
1127 1139 1296 1188 formis
1323 1141 1435 1188 suis.
1510 1140 1908 1202 Denominativa,
1932 1165 1965 1211 4

154 1223 204 1273 id
231 1232 302 1272 est
328 1223 607 1283 derivativa,
635 1224 866 1272 dicuntur
892 1238 1238 1285 quaecumque
1263 1222 1327 1270 ab
1361 1221 1528 1284 aliquo
1563 1224 1670 1271 solo
1690 1222 1914 1272 differen-

154 1306 249 1355 tiae
266 1323 382 1354 casu
409 1307 684 1355 secundum
711 1321 897 1354 nomen
923 1304 1109 1353 habent
1135 1303 1533 1367 appellationem,
1558 1314 1611 1352 ut
1636 1321 1664 1352 a
1691 1305 1912 1355 bonitate

154 1384 329 1445 bonus,
359 1394 406 1434 et
431 1402 459 1432 a
484 1383 668 1433 malitia
695 1385 865 1431 malus.
930 1382 1300 1446 Categoriarum
1326 1393 1492 1432 autem
1520 1382 1708 1446 species
1735 1385 1908 1433 decem
1936 1406 1967 1454 5

84 1483 129 1523 15
154 1475 281 1526 sunt,
314 1468 364 1515 id
398 1475 470 1516 est
503 1466 791 1525 substantia,
820 1466 1083 1529 quantitas,
1111 1466 1334 1528 qualitaS‚
1371 1467 1556 1525 relatio,
1590 1465 1724 1525 situs,
1753 1468 1906 1526 locus,

154 1558 362 1611 tempus,
403 1548 614 1607 habitus,
650 1564 793 1611 agere
833 1556 880 1596 et
910 1547 1024 1610 pati.
1099 1545 1385 1595 Substantia
1425 1555 1511 1606 est,
1546 1563 1672 1609 quae
1711 1548 1908 1611 proprie
1931 1555 1966 1602 6

155 1640 201 1678 et
241 1630 573 1694 principaliter
611 1630 802 1690 dicitur,
845 1647 971 1692 quae
1011 1645 1175 1692 neque
1215 1630 1276 1677 de
1319 1628 1544 1677 subiecto
1582 1630 1906 1692 praedicatur,

155 1729 317 1775 neque
350 1712 400 1760 in
443 1712 668 1761 subiecto
699 1721 783 1771 est,
826 1720 878 1759 ut
914 1711 1067 1774 aliqui
1100 1712 1253 1758 homo
1287 1712 1363 1759 vel
1399 1712 1549 1774 aliqui
1585 1728 1755 1774 equus.
1831 1714 1910 1760 Se-

154 1796 347 1843 cundae
377 1804 543 1842 autern
583 1794 887 1842 substantiae
921 1794 1165 1852 dicuntur,
1195 1792 1243 1840 in
1276 1793 1456 1855 quibus
1491 1793 1750 1856 speciebus
1783 1794 1908 1854 illae,

82 1898 133 1926 20
156 1893 283 1939 quae
313 1875 645 1939 principaliter
675 1875 979 1924 substantiae
1012 1876 1171 1939 primo
1206 1876 1368 1923 dictae
1405 1883 1532 1934 sunt,
1561 1874 1728 1924 insunt
1761 1886 1909 1938 atque

155 1960 464 2017 clauduntur,
490 1967 541 2006 ut
567 1957 616 2005 in
654 1957 858 2006 homine
892 1958 1082 2006 Cicero.
1158 1955 1421 2017 Quantitas
1452 1965 1524 2005 est
1555 1973 1796 2017 mensura,
1826 1974 1911 2021 per
1932 1979 1962 2028 7

155 2058 302 2103 quam
320 2039 507 2103 aliquid
524 2041 600 2088 vel
616 2056 848 2102 magnum
871 2040 947 2087 vel
968 2038 1131 2085 minus
1147 2037 1436 2098 ostenditur,
1455 2047 1508 2087 ut
1524 2040 1713 2102 longus,
1732 2039 1906 2088 brevis.

157 2122 381 2184 Qualitas
407 2131 492 2181 est,
524 2131 576 2170 ut
603 2123 760 2183 qualis
785 2120 858 2179 sit,
879 2129 1042 2169 orator
1060 2136 1123 2167 an
1148 2119 1370 2178 rusticus,
1389 2119 1526 2182 niger
1550 2130 1632 2169 aut
1652 2121 1906 2170 candidus.

158 2204 355 2253 Relatio
382 2213 468 2263 est,
497 2220 623 2266 quae
644 2204 847 2251 refertur
871 2203 935 2250 ad
960 2201 1163 2264 aliquid.
1238 2203 1365 2251 Cum
1402 2203 1534 2249 enim
1561 2201 1740 2251 dicitur
1766 2203 1907 2274 filius,

84 2308 103 2335 2
110 2308 131 2347 5
157 2289 521 2336 demonstratur
537 2294 583 2333 et
600 2293 750 2348 pater.
823 2287 967 2333 Haec
983 2283 1183 2331 relativa
1200 2282 1345 2331 simul
1365 2282 1620 2346 incipiunt.
1679 2286 1911 2348 Namque

156 2385 322 2418 servus
348 2385 405 2416 ac
426 2366 658 2416 dominus
681 2383 781 2415 uno
807 2375 1030 2429 tempore
1056 2364 1311 2414 exordium
1339 2364 1554 2413 nominis
1580 2377 1795 2428 sumunt,
1818 2385 1910 2417 nec

155 2449 425 2513 aliquando
462 2450 706 2497 invenitur
741 2446 974 2497 dominus
1013 2446 1142 2510 prior
1168 2463 1320 2505 servo,
1354 2463 1446 2495 nec
1484 2463 1649 2496 servus
1687 2448 1906 2498 domino.

158 2533 381 2581 Alterum
408 2531 541 2580 enim
567 2532 703 2579 alteri
730 2547 955 2594 praeesse
981 2546 1081 2577 non
1109 2538 1288 2592 potest.
1362 2531 1524 2578 Locus
1551 2539 1622 2578 est
1647 2530 1733 2579 ubi
1759 2533 1832 2589 sit,
1859 2531 1908 2579 in
1933 2532 1962 2577 8

213 2675 237 2700 2
268 2662 309 2699 id
328 2667 391 2700 est
407 2674 489 2700 om.
507 2661 552 2698 K
660 2660 863 2709 equivoca
884 2664 949 2697 est
980 2658 1016 2695 T
1162 2670 1187 2706 3
1218 2671 1356 2697 rerum
1381 2672 1463 2697 om.
1498 2658 1534 2696 T
1682 2671 1705 2708 5
1738 2660 1908 2698 nomina

157 2722 264 2767 pert.
293 2715 330 2753 T
432 2729 518 2755 ver.
542 2715 638 2765 pict.
662 2721 704 2752 et
725 2714 799 2753 cel.
819 2719 865 2752 ut
885 2713 952 2752 leo
971 2712 1008 2750 T
1168 2726 1189 2762 7
1222 2714 1291 2752 du.
1310 2713 1409 2751 hinc
1428 2718 1500 2751 aut
1521 2712 1570 2751 C1
1683 2713 1906 2763 plurimum

165 2771 221 2810 T:
243 2771 425 2821 plurium
443 2771 484 2808 Β
566 2770 591 2807 8
612 2768 676 2820 ut]
708 2774 748 2807 et
765 2767 817 2807 C1
898 2781 946 2807 10
967 2767 1083 2818 esse]
1102 2766 1226 2806 estK
1312 2781 1356 2807 11
1380 2769 1483 2806 dant
1502 2767 1625 2807 BCT
1716 2781 1764 2806 12
1784 2769 1823 2806 id
1842 2774 1908 2806 est

157 2827 245 2864 der.
278 2839 363 2865 om.
394 2824 441 2863 K
550 2823 797 2862 diffirentias
832 2822 878 2861 K
1046 2834 1092 2870 13
1123 2821 1241 2874 casu]
1266 2835 1314 2861 ca
1335 2821 1416 2861 Cl:
1457 2835 1537 2861 om.
1574 2823 1620 2860 K
1777 2835 1822 2871 17
1855 2823 1908 2861 de

157 2881 346 2919 subiecto
376 2878 516 2918 BCT:
560 2877 768 2918 subiectio
789 2878 835 2916 K
1010 2877 1058 2914 18
1087 2877 1127 2914 in
1162 2889 1241 2916 om.
1272 2876 1319 2914 K
1453 2877 1581 2927 aliqui
1611 2877 1736 2915 homo
1767 2876 1908 2916 BCT:

157 2934 366 2983 aliquisK
540 2932 630 2983 vel]
651 2946 704 2971 ve
724 2932 770 2969 K
945 2944 994 2981 19
1023 2931 1244 2981 speciebus
1282 2930 1380 2970 illae
1411 2944 1519 2980 quae
1558 2931 1635 2970 BC
1642 2931 1679 2968 T
1689 2945 1698 2969 ε
1742 2931 1910 2980 species

159 2988 256 3028 illae
277 2988 323 3026 K
470 3000 523 3026 20
551 2986 707 3038 primo]
729 2999 806 3036 pro
834 2986 959 3025 modo
980 2985 1026 3023 K
1132 2985 1278 3024 insunt
1304 2999 1386 3026 om.
1418 2985 1454 3023 T
1594 2998 1642 3023 21
1675 2985 1834 3034 Quant.
1855 2986 1908 3024 ad

161 3055 405 3083 mensuram
425 3042 470 3080 K
626 3055 677 3081 22
706 3053 904 3091 magnum
925 3039 1112 3079 ABCT:
1159 3040 1295 3079 maius
1316 3040 1362 3078 K
1498 3053 1548 3089 23
1577 3039 1689 3089 qual.
1711 3045 1777 3079 est
1797 3040 1906 3089 qual.

161 3097 216 3136 sit
227 3110 288 3138 or.
301 3104 372 3137 aut
386 3103 486 3137 rust.
505 3096 551 3135 K
658 3108 710 3145 25
732 3096 834 3135 haec
851 3101 894 3134 et
908 3095 1110 3135 relativus
1123 3094 1203 3134 BC
1310 3096 1363 3134 28
1383 3095 1561 3134 alterum
1575 3091 1653 3131 BC
1660 3093 1716 3132 T:
1742 3093 1851 3133 alter
1867 3094 1912 3132 K
