2176 3424
501 78 1129 127 ETYMOLOGIARVM
1170 77 1299 123 LIB.
1339 77 1428 122 XI.
1469 74 1482 120 i

114 227 259 259 mone
302 227 395 270 aer,
437 211 531 256 hoc
571 218 643 256 est
685 207 880 270 spiritus
912 208 1072 264 fertur,
1111 222 1195 254 seu
1231 206 1367 266 quod
1409 204 1523 252 artis
1558 215 1604 252 et
1641 201 1860 265 angustis

115 291 356 340 meatibus
383 290 606 352 spiritum
632 290 829 337 vitalem
850 287 1105 347 retineant,
1125 287 1259 334 unde
1275 285 1409 334 vocis
1432 301 1580 333 sonos
1597 284 1829 333 emittunt
1851 304 1860 333 ε

112 371 196 434 qui
222 372 331 420 soni
356 387 456 419 uno
482 371 636 418 modo
663 378 907 427 sonarent,
927 368 1021 416 nisi
1040 368 1235 431 linguae
1261 376 1424 415 motus
1451 366 1707 415 distantias
1723 365 1859 414 vocis

112 455 359 502 efficeret«
425 454 574 500 Toles
601 451 791 500 Gallica
815 450 981 514 lingua
1017 449 1261 508 dicuntur,
1290 466 1412 512 quas
1438 451 1584 512 vulgo
1609 465 1695 512 per
1721 449 1859 498 dimi·
1884 460 1946 509 57

66 559 88 598 5
112 533 367 582 nutionem
407 532 593 581 tusillas
624 541 815 590 vocant,
856 548 982 594 quae
1016 531 1064 578 in
1109 530 1332 579 faucibus
1370 539 1645 593 turgescere
1683 533 1856 579 solent.

113 618 342 663 Meritum
369 614 572 673 dictum,
601 615 737 676 quod
763 612 880 661 inde
906 612 1225 660 mandibulae
1251 613 1480 669 oriantur,
1510 613 1586 659 vel
1623 613 1759 673 quod
1790 611 1859 661 ibi

111 698 385 759 iungantur.
462 694 702 757 Gurgulio
727 711 756 742 a
779 702 975 756 gutture
1010 710 1194 741 nomen
1221 692 1382 752 trahit,
1411 692 1550 740 cuius
1578 702 1768 741 meatus
1794 693 1857 740 ad
1884 695 1948 754 58

113 795 167 826 os
193 787 241 826 et
265 793 404 825 nares
431 775 676 839 pertendit
699 795 706 823 :
758 776 947 823 habens
978 774 1107 822 viam
1134 791 1231 837 qua
1255 790 1349 821 vox
1374 775 1438 822 ad
1463 773 1682 837 linguam
1708 783 1859 821 trans-

114 858 332 918 mittitur,
365 867 418 905 ut
452 856 606 919 possit
636 857 785 905 verba
816 856 1080 905 conlidere.
1154 858 1303 904 Vnde
1337 865 1384 903 et
1420 855 1598 918 garrire
1629 855 1855 905 dicimus.

42 962 90 992 10
115 943 312 988 Rumen
354 938 631 1000 proximum
668 937 956 1000 gurgulioni,
999 955 1099 1001 quo
1138 938 1277 986 cibus
1318 946 1364 985 et
1406 936 1544 999 potio
1583 939 1853 987 devoratur.
1882 948 1951 997 59

119 1021 254 1068 Hinc
294 1019 493 1078 bestiae,
540 1036 667 1081 quae
700 1018 868 1067 cibum
900 1028 1132 1067 revocant
1166 1035 1222 1066 ac
1266 1019 1576 1077 remandunt,
1614 1019 1860 1067 ruminare

115 1102 357 1150 dicuntur.
446 1100 789 1163 Sublinguium
832 1102 1118 1163 operculum
1169 1099 1483 1163 gurgulionis,
1526 1100 1666 1162 quasi
1714 1117 1862 1163 parva

114 1183 278 1246 lingua
303 1199 430 1245 quae
450 1184 671 1231 foramen
696 1182 890 1245 linguae
915 1181 1122 1230 recludit
1142 1182 1375 1245 operitve.
1428 1182 1627 1232 Collum
1654 1183 1857 1241 dictum,
1886 1185 1958 1231 60

114 1266 249 1327 quod
287 1264 347 1311 sit
382 1262 592 1326 rigidum
630 1274 677 1312 et
713 1274 838 1312 teres
873 1274 925 1312 ut
959 1265 1205 1322 columna,
1234 1263 1457 1312 baiulans
1495 1273 1642 1327 caput
1679 1273 1726 1312 et
1763 1281 1863 1312 sus-

43 1363 87 1407 15
115 1356 308 1395 tentans
343 1345 482 1407 quasi
508 1346 794 1409 capitolium
818 1365 825 1392 :
863 1345 1002 1393 cuius
1028 1345 1240 1393 anterior
1265 1362 1374 1407 pars
1399 1347 1512 1407 gula
1537 1354 1752 1404 vocatur,
1780 1362 1863 1408 po-

116 1427 286 1476 sterior
325 1426 499 1475 cervix.
574 1427 749 1476 Cervix
788 1436 954 1474 autem
994 1436 1180 1485 vocata,
1229 1428 1365 1489 quod
1396 1443 1481 1489 per
1523 1443 1631 1474 eam
1672 1435 1860 1489 partem
1888 1432 1945 1478 61

116 1508 370 1558 cerebrum
396 1509 459 1556 ad
487 1510 754 1557 medullam
782 1508 952 1571 spinae
978 1508 1211 1570 dirigitur,
1242 1508 1382 1570 quasi
1408 1508 1594 1557 cerebri
1621 1508 1710 1556 via.
1769 1511 1861 1556 Ve-

118 1600 242 1639 teres
273 1598 437 1639 autem
476 1590 648 1653 plurali
679 1598 870 1637 tantum
908 1607 1116 1638 nurnero
1150 1589 1363 1638 cervices
1401 1589 1666 1638 dicebant:
1723 1589 1855 1652 prius

118 1670 416 1720 Hortensius
442 1671 681 1720 cervicem
709 1671 1014 1733 singulariter
1049 1671 1181 1719 dixit.
1209 1696 1213 1698 *
1245 1673 1421 1721 Cervix
1454 1682 1621 1720 autem
1656 1689 1863 1720 numero

42 1774 95 1804 20
117 1753 346 1815 singulari
381 1754 658 1801 membrum
686 1754 830 1816 ipsud
861 1753 1130 1816 significat:
1170 1770 1283 1801 nam
1321 1753 1570 1816 pluraliter
1612 1763 1864 1802 contuma-

118 1836 243 1884 ciam
272 1851 418 1897 saepe
444 1836 763 1884 demonstrat.
837 1834 1013 1885 Cicero
1047 1834 1096 1881 in
1117 1834 1334 1883 Verrinis
1363 1834 1428 1899 (6,
1454 1835 1568 1899 110)
1593 1855 1601 1884 :
1643 1838 1865 1884 ‘Praeto-

117 1934 218 1966 rem
243 1926 296 1965 tu
333 1919 572 1965 accuses?
608 1918 774 1980 frange
799 1916 1042 1965 cervices.'
1113 1916 1284 1965 Vmeri
1310 1916 1444 1976 dicti,
1471 1916 1611 1980 quasi
1636 1916 1773 1976 armi,
1800 1918 1863 1965 ad
1889 1913 1959 1959 62

116 1999 486 2048 distinctionem
521 1997 737 2045 hominis
774 2015 802 2045 a
836 1997 1112 2060 pecudibus
1142 1997 1305 2057 mutis,
1334 2007 1388 2045 ut
1422 1998 1472 2046 hi
1511 2000 1758 2058 humeros,
1795 1999 1862 2046 illi

115 2097 277 2129 armos
303 2080 485 2127 habere
510 2078 749 2127 dicantur.
811 2082 940 2128 Nam
967 2082 1162 2142 proprie
1187 2079 1307 2127 armi
1335 2082 1714 2144 quadrupedum
1733 2091 1860 2131 sunt.

43 2180 94 2220 25
120 2163 214 2211 Ola
241 2160 421 2210 summi
447 2160 638 2208 humeri
664 2177 774 2223 pars
801 2161 1052 2224 posterior.
1128 2162 1683 2211 Brachiaafortitudine
1708 2164 1862 2210 nomi-
1887 2162 1957 2219 63

119 2253 261 2291 nata:
297 2244 422 2306 βαρὺ
439 2241 570 2290 enim
598 2244 786 2291 Graece
811 2260 955 2306 grave
982 2252 1028 2291 et
1055 2245 1178 2292 forte
1195 2243 1508 2306 significatur.
1573 2247 1633 2293 In
1649 2245 1883 2293 brachiis.

119 2327 251 2373 enim
278 2323 369 2372 tori
387 2326 682 2372 lacertorum
709 2333 836 2383 sunt,
855 2334 905 2372 et
931 2324 1120 2387 insigne
1147 2327 1483 2374 musculorum
1511 2328 1660 2376 robur
1687 2327 1860 2376 existit.

176 2467 193 2492 1
225 2453 360 2503 quod]
383 2454 481 2503 quia
505 2453 620 2492 CKB
642 2456 743 2506 (non
764 2453 825 2501 D)
977 2468 1000 2492 2
1031 2460 1207 2492 teneant
1227 2455 1272 2492 K
1291 2457 1396 2501 (non
1417 2456 1477 2505 D)
1604 2459 1799 2496 emittant
1820 2458 1866 2495 K

117 2522 141 2557 3
162 2509 382 2547 distinctas
397 2521 526 2546 voces
544 2508 578 2546 C
681 2523 706 2557 4
726 2509 852 2547 Toles
873 2508 979 2547 BT:
1008 2509 1126 2547 Tolis
1146 2508 1218 2548 K:
1249 2510 1392 2548 Tolles
1416 2510 1539 2549 CDU
1646 2525 1670 2560 5
1701 2513 1862 2551 tusillas

117 2562 190 2601 Bc
203 2562 300 2601 TU:
322 2562 468 2601 tusilas
481 2562 550 2601 K:
579 2563 755 2601 taxellas
772 2563 816 2600 D
926 2565 952 2600 6
974 2564 1132 2601 dictum
1148 2564 1208 2602 bis
1221 2563 1266 2601 K
1347 2566 1485 2605 mand.
1502 2566 1602 2605 inde
1622 2566 1657 2604 C
1675 2568 1777 2618 (non
1796 2568 1858 2615 D>

118 2618 185 2654 vel
208 2647 216 2656 .
242 2647 251 2656 .
274 2647 284 2656 .
307 2618 421 2666 iung.
448 2630 531 2656 om.
551 2617 601 2655 Cl
683 2618 812 2667 quod]
834 2618 931 2667 quia
951 2617 997 2655 K
1015 2619 1119 2668 (non
1134 2617 1199 2669 D)
1313 2632 1334 2668 7
1366 2620 1602 2670 iunguntur
1618 2620 1781 2673 K(non
1796 2621 1858 2670 D)

119 2672 294 2720 Gurguli
315 2671 361 2708 K
447 2673 472 2709 8
502 2672 719 2710 contendit
743 2671 778 2710 C
857 2686 883 2720 9
913 2673 1080 2722 possint
1100 2672 1141 2709 Β
1224 2685 1274 2711 10
1298 2675 1517 2722 proximus
1538 2674 1624 2712 ΚΒ
1643 2680 1737 2714 ante
1754 2689 1855 2715 corr.

118 2727 220 2775 (non
246 2726 299 2774 V)
415 2738 458 2763 11
491 2726 621 2777 best.]
643 2726 837 2764 animalia
861 2726 896 2765 C
1008 2740 1055 2764 12
1087 2726 1448 2775 SublinguumK:
1476 2729 1798 2779 Sublingubium
1827 2730 1865 2768 T

122 2792 168 2829 13
192 2779 324 2830 quae]
343 2780 456 2829 quod
471 2780 516 2818 K
627 2793 672 2828 14
702 2778 834 2831 quod]
857 2781 954 2830 quia
975 2781 1021 2818 K
1102 2788 1215 2820 teres
1239 2781 1329 2819 CTl
1348 2798 1357 2822 ε
1387 2797 1512 2823 erens
1534 2785 1577 2834 (i.
1597 2785 1650 2830 e.)
1674 2784 1856 2823 haerens

121 2833 201 2874 T2:
233 2835 354 2872 heret
377 2835 513 2886 (hae-)
535 2834 698 2872 DKFB
718 2849 727 2873 :
758 2837 984 2875 rotundum
1006 2835 1053 2872 X
1217 2837 1264 2874 16
1293 2837 1427 2888 quod]
1450 2839 1547 2888 quia
1571 2837 1651 2878 CK
1781 2852 1858 2888 per

118 2900 200 2927 om.
225 2887 270 2925 K
407 2901 453 2938 17
483 2888 709 2928 medellam
731 2889 786 2926 Β1
932 2891 979 2928 18
1010 2903 1120 2929 num.
1143 2896 1247 2930 tant.
1272 2891 1307 2930 C
1420 2892 1558 2944 prius]
1581 2893 1742 2942 primus
1762 2893 1854 2933 dett.

120 2954 171 2979 22
193 2955 386 2981 accusses
408 2942 452 2980 K
469 2957 477 2982 :
509 2955 681 2982 accusas
713 2943 752 2981 Β
835 2945 1030 2993 frangere
1052 2944 1097 2982 K
1205 2958 1257 2994 23
1287 2947 1518 2996 pecodibus
1544 2946 1600 2986 T:
1633 2948 1858 2996 pecoribus

123 2995 166 3032 K
272 3010 323 3046 24
354 2997 547 3036 dicuntur
576 2997 669 3037 TC:
699 2999 892 3037 dicantur
913 2998 995 3036 KB
1107 3012 1156 3048 27
1189 3001 1464 3040 masculorum
1491 3000 1538 3038 O
1650 3002 1778 3040 rubor
1801 3002 1846 3040 K
