<?xml version="1.0" encoding="UTF-8"?>
<!DOCTYPE html PUBLIC "-//W3C//DTD XHTML 1.0 Transitional//EN"
    "http://www.w3.org/TR/xhtml1/DTD/xhtml1-transitional.dtd">
<html xmlns="http://www.w3.org/1999/xhtml" xml:lang="en" lang="en">
 <head>
  <title>
</title>
<meta http-equiv="Content-Type" content="text/html;charset=utf-8" />
  <meta name='ocr-system' content='tesseract 3.04.00' />
  <meta name='ocr-capabilities' content='ocr_page ocr_carea ocr_par ocr_line ocrx_word'/>
</head>
<body>
  <div class='ocr_page' id='page_1' title='image "./isidori01isiduoft/isidori01isiduoft_0459.png"; bbox 0 0 2176 3424; ppageno 0'>
   <div class='ocr_carea' id='block_1_1' title="bbox 490 60 1492 119">
    <p class='ocr_par' dir='ltr' id='par_1_1' title="bbox 490 60 1492 119">
     <span class='ocr_line' id='line_1_1' title="bbox 490 60 1492 119; baseline -0.004 -2"><span class='ocrx_word' id='word_1_1' title='bbox 490 68 1122 119; x_wconf 84' lang='lat' dir='ltr'><strong>ETYMOLOGIARVM</strong></span> <span class='ocrx_word' id='word_1_2' title='bbox 1163 69 1290 115; x_wconf 90' lang='lat' dir='ltr'><strong>LIB.</strong></span> <span class='ocrx_word' id='word_1_3' title='bbox 1331 65 1420 114; x_wconf 90' lang='lat' dir='ltr'>XI.</span> <span class='ocrx_word' id='word_1_4' title='bbox 1460 60 1492 112; x_wconf 88' lang='lat' dir='ltr'>ii</span> 
     </span>
    </p>
   </div>
   <div class='ocr_carea' id='block_1_2' title="bbox 37 192 1954 2548">
    <p class='ocr_par' dir='ltr' id='par_1_2' title="bbox 116 192 1862 264">
     <span class='ocr_line' id='line_1_2' title="bbox 116 192 1862 264; baseline -0.006 -15"><span class='ocrx_word' id='word_1_5' title='bbox 116 201 248 250; x_wconf 87' lang='lat' dir='ltr'>enim</span> <span class='ocrx_word' id='word_1_6' title='bbox 289 218 373 264; x_wconf 87' lang='lat' dir='ltr'>per</span> <span class='ocrx_word' id='word_1_7' title='bbox 414 199 616 248; x_wconf 83' lang='lat' dir='ltr'>nimiam</span> <span class='ocrx_word' id='word_1_8' title='bbox 656 207 866 247; x_wconf 89' lang='lat' dir='ltr'>aetatem</span> <span class='ocrx_word' id='word_1_9' title='bbox 909 197 1149 257; x_wconf 80' lang='lat' dir='ltr'>delirant3</span> <span class='ocrx_word' id='word_1_10' title='bbox 1202 196 1339 260; x_wconf 88' lang='lat' dir='ltr'>pueri</span> <span class='ocrx_word' id='word_1_11' title='bbox 1388 212 1473 258; x_wconf 86' lang='lat' dir='ltr'>per</span> <span class='ocrx_word' id='word_1_12' title='bbox 1520 192 1769 242; x_wconf 89' lang='lat' dir='ltr'>lasciviam</span> <span class='ocrx_word' id='word_1_13' title='bbox 1814 201 1862 239; x_wconf 86' lang='lat' dir='ltr'>et</span> 
     </span>
    </p>

    <p class='ocr_par' dir='ltr' id='par_1_3' title="bbox 116 271 1948 345">
     <span class='ocr_line' id='line_1_3' title="bbox 116 271 1948 345; baseline -0.005 -14"><span class='ocrx_word' id='word_1_14' title='bbox 116 283 371 331; x_wconf 85' lang='lat' dir='ltr'>infantiam</span> <span class='ocrx_word' id='word_1_15' title='bbox 395 281 621 345; x_wconf 84' lang='lat' dir='ltr'>ignorant</span> <span class='ocrx_word' id='word_1_16' title='bbox 646 279 766 344; x_wconf 88' lang='lat' dir='ltr'>quid</span> <span class='ocrx_word' id='word_1_17' title='bbox 791 290 950 344; x_wconf 86' lang='lat' dir='ltr'>agant.</span> <span class='ocrx_word' id='word_1_18' title='bbox 1007 282 1165 328; x_wconf 86' lang='lat' dir='ltr'>Senex</span> <span class='ocrx_word' id='word_1_19' title='bbox 1189 287 1354 326; x_wconf 91' lang='lat' dir='ltr'>autem</span> <span class='ocrx_word' id='word_1_20' title='bbox 1383 285 1574 325; x_wconf 90' lang='lat' dir='ltr'>tantum</span> <span class='ocrx_word' id='word_1_21' title='bbox 1602 271 1861 322; x_wconf 82' lang='lat' dir='ltr'>masculini</span> <span class='ocrx_word' id='word_1_22' title='bbox 1885 275 1948 322; x_wconf 89' lang='lat'>28</span> 
     </span>
    </p>

    <p class='ocr_par' dir='ltr' id='par_1_4' title="bbox 116 354 1855 427">
     <span class='ocr_line' id='line_1_4' title="bbox 116 354 1855 427; baseline -0.006 -14"><span class='ocrx_word' id='word_1_23' title='bbox 116 363 306 427; x_wconf 88' lang='lat' dir='ltr'>generis</span> <span class='ocrx_word' id='word_1_24' title='bbox 332 372 417 422; x_wconf 89' lang='lat' dir='ltr'>est,</span> <span class='ocrx_word' id='word_1_25' title='bbox 447 362 571 411; x_wconf 90' lang='lat' dir='ltr'>sicut</span> <span class='ocrx_word' id='word_1_26' title='bbox 596 379 719 410; x_wconf 91' lang='lat' dir='ltr'>anus</span> <span class='ocrx_word' id='word_1_27' title='bbox 747 360 970 410; x_wconf 86' lang='lat' dir='ltr'>feminini</span> <span class='ocrx_word' id='word_1_28' title='bbox 988 380 1000 421; x_wconf 78' lang='lat'><em>3</em></span> <span class='ocrx_word' id='word_1_29' title='bbox 1043 378 1158 409; x_wconf 88' lang='lat' dir='ltr'>nam</span> <span class='ocrx_word' id='word_1_30' title='bbox 1184 376 1307 408; x_wconf 88' lang='lat' dir='ltr'>anus</span> <span class='ocrx_word' id='word_1_31' title='bbox 1334 358 1512 408; x_wconf 88' lang='lat' dir='ltr'>dicitur</span> <span class='ocrx_word' id='word_1_32' title='bbox 1538 358 1642 405; x_wconf 90' lang='lat' dir='ltr'>sola</span> <span class='ocrx_word' id='word_1_33' title='bbox 1668 354 1855 404; x_wconf 87' lang='lat' dir='ltr'>mulier.</span> 
     </span>
    </p>

    <p class='ocr_par' dir='ltr' id='par_1_5' title="bbox 71 435 1862 589">
     <span class='ocr_line' id='line_1_5' title="bbox 119 435 1859 507; baseline -0.006 -13"><span class='ocrx_word' id='word_1_34' title='bbox 119 448 259 495; x_wconf 89' lang='lat' dir='ltr'>Anus</span> <span class='ocrx_word' id='word_1_35' title='bbox 282 454 447 493; x_wconf 88' lang='lat' dir='ltr'>autem</span> <span class='ocrx_word' id='word_1_36' title='bbox 481 445 725 507; x_wconf 87' lang='lat' dir='ltr'>appellata</span> <span class='ocrx_word' id='word_1_37' title='bbox 756 461 785 491; x_wconf 89' lang='lat' dir='ltr'>a</span> <span class='ocrx_word' id='word_1_38' title='bbox 818 442 982 490; x_wconf 88' lang='lat' dir='ltr'>multis</span> <span class='ocrx_word' id='word_1_39' title='bbox 1017 442 1174 501; x_wconf 87' lang='lat' dir='ltr'>annis,</span> <span class='ocrx_word' id='word_1_40' title='bbox 1203 442 1342 504; x_wconf 84' lang='lat' dir='ltr'>quasi</span> <span class='ocrx_word' id='word_1_41' title='bbox 1376 456 1579 488; x_wconf 88' lang='lat' dir='ltr'>annosa.</span> <span class='ocrx_word' id='word_1_42' title='bbox 1654 439 1785 485; x_wconf 87' lang='lat' dir='ltr'>Nam</span> <span class='ocrx_word' id='word_1_43' title='bbox 1821 435 1859 484; x_wconf 89' lang='lat' dir='ltr'>si</span> 
     </span>
     <span class='ocr_line' id='line_1_6' title="bbox 71 517 1862 589; baseline -0.007 -13"><span class='ocrx_word' id='word_1_44' title='bbox 71 544 383 589; x_wconf 85' lang='lat' dir='ltr'>5commune</span> <span class='ocrx_word' id='word_1_45' title='bbox 431 535 559 574; x_wconf 88' lang='lat' dir='ltr'>esset</span> <span class='ocrx_word' id='word_1_46' title='bbox 607 542 804 583; x_wconf 89' lang='lat' dir='ltr'>nomen,</span> <span class='ocrx_word' id='word_1_47' title='bbox 856 541 942 572; x_wconf 88' lang='lat' dir='ltr'>cur</span> <span class='ocrx_word' id='word_1_48' title='bbox 989 522 1172 573; x_wconf 89' lang='lat' dir='ltr'>diceret</span> <span class='ocrx_word' id='word_1_49' title='bbox 1221 521 1482 571; x_wconf 84' lang='lat' dir='ltr'>Terentius</span> <span class='ocrx_word' id='word_1_50' title='bbox 1534 521 1682 583; x_wconf 89' lang='lat' dir='ltr'>(Eun.</span> <span class='ocrx_word' id='word_1_51' title='bbox 1712 517 1862 582; x_wconf 84' lang='lat'>357):</span> 
     </span>
    </p>

    <p class='ocr_par' dir='ltr' id='par_1_6' title="bbox 120 602 1860 669">
     <span class='ocr_line' id='line_1_7' title="bbox 120 602 1860 669; baseline -0.006 -11"><span class='ocrx_word' id='word_1_52' title='bbox 120 613 131 634; x_wconf 91' lang='lat'>‘</span> <span class='ocrx_word' id='word_1_53' title='bbox 147 626 316 658; x_wconf 87' lang='lat' dir='ltr'>senem</span> <span class='ocrx_word' id='word_1_54' title='bbox 343 608 595 657; x_wconf 89' lang='lat' dir='ltr'>mulierem</span> <span class='ocrx_word' id='word_1_55' title='bbox 615 609 661 655; x_wconf 83' lang='lat'>²?</span> <span class='ocrx_word' id='word_1_56' title='bbox 701 606 836 655; x_wconf 91' lang='lat' dir='ltr'>Hinc</span> <span class='ocrx_word' id='word_1_57' title='bbox 862 615 910 654; x_wconf 91' lang='lat' dir='ltr'>et</span> <span class='ocrx_word' id='word_1_58' title='bbox 935 608 1109 665; x_wconf 91' lang='lat' dir='ltr'>vetula,</span> <span class='ocrx_word' id='word_1_59' title='bbox 1140 605 1256 669; x_wconf 89' lang='lat' dir='ltr'>quia</span> <span class='ocrx_word' id='word_1_60' title='bbox 1280 613 1484 653; x_wconf 88' lang='lat' dir='ltr'>vetusta.</span> <span class='ocrx_word' id='word_1_61' title='bbox 1534 602 1668 651; x_wconf 84' lang='lat' dir='ltr'>Sicut</span> <span class='ocrx_word' id='word_1_62' title='bbox 1693 610 1860 649; x_wconf 90' lang='lat' dir='ltr'>autem</span> 
     </span>
    </p>

    <p class='ocr_par' dir='ltr' id='par_1_7' title="bbox 116 680 1954 748">
     <span class='ocr_line' id='line_1_8' title="bbox 116 680 1954 748; baseline -0.004 -9"><span class='ocrx_word' id='word_1_63' title='bbox 116 708 145 739; x_wconf 89' lang='lat' dir='ltr'>a</span> <span class='ocrx_word' id='word_1_64' title='bbox 180 708 298 739; x_wconf 86' lang='lat' dir='ltr'>sene</span> <span class='ocrx_word' id='word_1_65' title='bbox 334 698 574 748; x_wconf 88' lang='lat' dir='ltr'>senectus,</span> <span class='ocrx_word' id='word_1_66' title='bbox 614 688 681 737; x_wconf 89' lang='lat' dir='ltr'>ita</span> <span class='ocrx_word' id='word_1_67' title='bbox 715 689 779 737; x_wconf 91' lang='lat' dir='ltr'>ab</span> <span class='ocrx_word' id='word_1_68' title='bbox 816 705 914 736; x_wconf 92' lang='lat' dir='ltr'>anu</span> <span class='ocrx_word' id='word_1_69' title='bbox 955 687 1149 736; x_wconf 85' lang='lat' dir='ltr'>anilitas</span> <span class='ocrx_word' id='word_1_70' title='bbox 1186 685 1442 736; x_wconf 89' lang='lat' dir='ltr'>nominata</span> <span class='ocrx_word' id='word_1_71' title='bbox 1480 694 1565 734; x_wconf 88' lang='lat' dir='ltr'>est.</span> <span class='ocrx_word' id='word_1_72' title='bbox 1641 680 1860 733; x_wconf 89' lang='lat' dir='ltr'>Canities</span> <span class='ocrx_word' id='word_1_73' title='bbox 1887 698 1954 746; x_wconf 89' lang='lat'>29</span> 
     </span>
    </p>

    <p class='ocr_par' dir='ltr' id='par_1_8' title="bbox 115 764 1862 833">
     <span class='ocr_line' id='line_1_9' title="bbox 115 764 1862 833; baseline -0.005 -13"><span class='ocrx_word' id='word_1_74' title='bbox 115 781 280 822; x_wconf 89' lang='lat' dir='ltr'>autem</span> <span class='ocrx_word' id='word_1_75' title='bbox 323 781 496 820; x_wconf 88' lang='lat' dir='ltr'>vocata</span> <span class='ocrx_word' id='word_1_76' title='bbox 536 788 565 818; x_wconf 90' lang='lat' dir='ltr'>a</span> <span class='ocrx_word' id='word_1_77' title='bbox 607 772 835 829; x_wconf 87' lang='lat' dir='ltr'>candore,</span> <span class='ocrx_word' id='word_1_78' title='bbox 882 769 1021 833; x_wconf 85' lang='lat' dir='ltr'>quasi</span> <span class='ocrx_word' id='word_1_79' title='bbox 1065 769 1318 818; x_wconf 82' lang='lat' dir='ltr'>candities,</span> <span class='ocrx_word' id='word_1_80' title='bbox 1403 768 1550 816; x_wconf 89' lang='lat' dir='ltr'>Vnde</span> <span class='ocrx_word' id='word_1_81' title='bbox 1595 774 1668 814; x_wconf 87' lang='lat' dir='ltr'>est</span> <span class='ocrx_word' id='word_1_82' title='bbox 1710 764 1862 812; x_wconf 84' lang='lat' dir='ltr'>illud:</span> 
     </span>
    </p>

    <p class='ocr_par' dir='ltr' id='par_1_9' title="bbox 119 847 1952 915">
     <span class='ocr_line' id='line_1_10' title="bbox 119 847 1952 915; baseline -0.004 -14"><span class='ocrx_word' id='word_1_83' title='bbox 119 857 129 877; x_wconf 90' lang='lat'>‘</span> <span class='ocrx_word' id='word_1_84' title='bbox 146 853 318 903; x_wconf 90' lang='lat' dir='ltr'>florida</span> <span class='ocrx_word' id='word_1_85' title='bbox 343 853 583 912; x_wconf 89' lang='lat' dir='ltr'>iuventus,</span> <span class='ocrx_word' id='word_1_86' title='bbox 612 854 768 900; x_wconf 90' lang='lat' dir='ltr'>lactea</span> <span class='ocrx_word' id='word_1_87' title='bbox 793 851 1026 911; x_wconf 86' lang='lat' dir='ltr'>canities,&#39;</span> <span class='ocrx_word' id='word_1_88' title='bbox 1052 860 1197 915; x_wconf 87' lang='lat' dir='ltr'>prout</span> <span class='ocrx_word' id='word_1_89' title='bbox 1223 850 1408 900; x_wconf 89' lang='lat' dir='ltr'>diceret</span> <span class='ocrx_word' id='word_1_90' title='bbox 1435 847 1664 897; x_wconf 88' lang='lat' dir='ltr'>candida.</span> <span class='ocrx_word' id='word_1_91' title='bbox 1715 847 1861 895; x_wconf 87' lang='lat' dir='ltr'>Sene-</span> <span class='ocrx_word' id='word_1_92' title='bbox 1885 860 1952 906; x_wconf 91' lang='lat'>30</span> 
     </span>
    </p>

    <p class='ocr_par' dir='ltr' id='par_1_10' title="bbox 46 929 1860 1323">
     <span class='ocr_line' id='line_1_11' title="bbox 46 929 1859 991; baseline -0.003 -10"><span class='ocrx_word' id='word_1_93' title='bbox 46 954 91 982; x_wconf 89' lang='lat'>10</span> <span class='ocrx_word' id='word_1_94' title='bbox 114 946 221 984; x_wconf 93' lang='lat' dir='ltr'>ctus</span> <span class='ocrx_word' id='word_1_95' title='bbox 246 945 411 983; x_wconf 91' lang='lat' dir='ltr'>autem</span> <span class='ocrx_word' id='word_1_96' title='bbox 439 936 592 982; x_wconf 88' lang='lat' dir='ltr'>multa</span> <span class='ocrx_word' id='word_1_97' title='bbox 625 951 793 982; x_wconf 89' lang='lat' dir='ltr'>secum</span> <span class='ocrx_word' id='word_1_98' title='bbox 828 944 876 982; x_wconf 89' lang='lat' dir='ltr'>et</span> <span class='ocrx_word' id='word_1_99' title='bbox 902 934 1036 982; x_wconf 89' lang='lat' dir='ltr'>bona</span> <span class='ocrx_word' id='word_1_100' title='bbox 1068 934 1226 982; x_wconf 88' lang='lat' dir='ltr'>adfert</span> <span class='ocrx_word' id='word_1_101' title='bbox 1261 940 1307 980; x_wconf 91' lang='lat' dir='ltr'>et</span> <span class='ocrx_word' id='word_1_102' title='bbox 1343 933 1482 979; x_wconf 90' lang='lat' dir='ltr'>mala.</span> <span class='ocrx_word' id='word_1_103' title='bbox 1559 933 1713 988; x_wconf 88' lang='lat' dir='ltr'>Bona,</span> <span class='ocrx_word' id='word_1_104' title='bbox 1743 929 1859 991; x_wconf 89' lang='lat' dir='ltr'>quia</span> 
     </span>
     <span class='ocr_line' id='line_1_12' title="bbox 113 1008 1859 1079; baseline -0.005 -14"><span class='ocrx_word' id='word_1_105' title='bbox 113 1034 204 1065; x_wconf 90' lang='lat' dir='ltr'>nos</span> <span class='ocrx_word' id='word_1_106' title='bbox 246 1017 308 1064; x_wconf 89' lang='lat' dir='ltr'>ab</span> <span class='ocrx_word' id='word_1_107' title='bbox 352 1015 758 1079; x_wconf 77' lang='lat' dir='ltr'>impotentissimis</span> <span class='ocrx_word' id='word_1_108' title='bbox 802 1015 1017 1064; x_wconf 88' lang='lat' dir='ltr'>dominis</span> <span class='ocrx_word' id='word_1_109' title='bbox 1061 1014 1245 1073; x_wconf 86' lang='lat' dir='ltr'>liberat,</span> <span class='ocrx_word' id='word_1_110' title='bbox 1289 1013 1622 1075; x_wconf 88' lang='lat' dir='ltr'>voluptatibus</span> <span class='ocrx_word' id='word_1_111' title='bbox 1666 1008 1859 1073; x_wconf 86' lang='lat' dir='ltr'>inponit</span> 
     </span>
     <span class='ocr_line' id='line_1_13' title="bbox 114 1094 1860 1161; baseline -0.003 -16"><span class='ocrx_word' id='word_1_112' title='bbox 114 1100 331 1156; x_wconf 85' lang='lat' dir='ltr'>modum,</span> <span class='ocrx_word' id='word_1_113' title='bbox 373 1097 590 1146; x_wconf 88' lang='lat' dir='ltr'>libidinis</span> <span class='ocrx_word' id='word_1_114' title='bbox 629 1097 804 1161; x_wconf 80' lang='lat' dir='ltr'>frangit</span> <span class='ocrx_word' id='word_1_115' title='bbox 840 1097 1067 1160; x_wconf 82' lang='lat' dir='ltr'>impetuS,</span> <span class='ocrx_word' id='word_1_116' title='bbox 1108 1106 1253 1159; x_wconf 80' lang='lat' dir='ltr'>auget</span> <span class='ocrx_word' id='word_1_117' title='bbox 1292 1095 1599 1158; x_wconf 86' lang='lat' dir='ltr'>sapientiam,</span> <span class='ocrx_word' id='word_1_118' title='bbox 1641 1094 1725 1141; x_wconf 90' lang='lat' dir='ltr'>dat</span> <span class='ocrx_word' id='word_1_119' title='bbox 1764 1108 1860 1140; x_wconf 91' lang='lat' dir='ltr'>ma-</span> 
     </span>
     <span class='ocr_line' id='line_1_14' title="bbox 113 1174 1859 1241; baseline -0.003 -14"><span class='ocrx_word' id='word_1_120' title='bbox 113 1180 291 1228; x_wconf 88' lang='lat' dir='ltr'>turiora</span> <span class='ocrx_word' id='word_1_121' title='bbox 334 1178 550 1228; x_wconf 86' lang='lat' dir='ltr'>consilia.</span> <span class='ocrx_word' id='word_1_122' title='bbox 627 1180 762 1226; x_wconf 88' lang='lat' dir='ltr'>Mala</span> <span class='ocrx_word' id='word_1_123' title='bbox 797 1187 978 1239; x_wconf 89' lang='lat' dir='ltr'>autem,</span> <span class='ocrx_word' id='word_1_124' title='bbox 1019 1178 1134 1241; x_wconf 89' lang='lat' dir='ltr'>quia</span> <span class='ocrx_word' id='word_1_125' title='bbox 1177 1177 1367 1226; x_wconf 87' lang='lat' dir='ltr'>senium</span> <span class='ocrx_word' id='word_1_126' title='bbox 1416 1174 1743 1224; x_wconf 87' lang='lat' dir='ltr'>miserrimum</span> <span class='ocrx_word' id='word_1_127' title='bbox 1786 1184 1859 1222; x_wconf 86' lang='lat' dir='ltr'>est</span> 
     </span>
     <span class='ocr_line' id='line_1_15' title="bbox 112 1254 1858 1323; baseline -0.004 -13"><span class='ocrx_word' id='word_1_128' title='bbox 112 1260 364 1310; x_wconf 90' lang='lat' dir='ltr'>debilitate</span> <span class='ocrx_word' id='word_1_129' title='bbox 392 1270 439 1309; x_wconf 91' lang='lat' dir='ltr'>et</span> <span class='ocrx_word' id='word_1_130' title='bbox 465 1260 596 1309; x_wconf 90' lang='lat' dir='ltr'>odio.</span> <span class='ocrx_word' id='word_1_131' title='bbox 652 1260 930 1309; x_wconf 88' lang='lat' dir='ltr'>‘Subeunt&#39;</span> <span class='ocrx_word' id='word_1_132' title='bbox 957 1260 1088 1309; x_wconf 91' lang='lat' dir='ltr'>enim</span> <span class='ocrx_word' id='word_1_133' title='bbox 1121 1259 1270 1323; x_wconf 83' lang='lat' dir='ltr'>(Virg.</span> <span class='ocrx_word' id='word_1_134' title='bbox 1292 1260 1470 1321; x_wconf 86' lang='lat' dir='ltr'>Georg.</span> <span class='ocrx_word' id='word_1_135' title='bbox 1493 1275 1534 1320; x_wconf 81' lang='lat'>3,</span> <span class='ocrx_word' id='word_1_136' title='bbox 1556 1257 1639 1320; x_wconf 88' lang='lat'>67)</span> <span class='ocrx_word' id='word_1_137' title='bbox 1666 1260 1677 1280; x_wconf 76' lang='lat'><em>‘</em></span> <span class='ocrx_word' id='word_1_138' title='bbox 1699 1254 1858 1304; x_wconf 89' lang='lat' dir='ltr'>morbi</span> 
     </span>
    </p>

    <p class='ocr_par' dir='ltr' id='par_1_11' title="bbox 46 1337 1945 1736">
     <span class='ocr_line' id='line_1_16' title="bbox 46 1337 1857 1406; baseline -0.001 -18"><span class='ocrx_word' id='word_1_139' title='bbox 46 1360 86 1400; x_wconf 86' lang='lat'>15</span> <span class='ocrx_word' id='word_1_140' title='bbox 112 1342 358 1406; x_wconf 88' lang='lat' dir='ltr'>tristisque</span> <span class='ocrx_word' id='word_1_141' title='bbox 383 1352 608 1391; x_wconf 89' lang='lat' dir='ltr'>senectus</span> <span class='ocrx_word' id='word_1_142' title='bbox 627 1344 650 1390; x_wconf 90' lang='lat'>’.</span> <span class='ocrx_word' id='word_1_143' title='bbox 703 1344 832 1391; x_wconf 91' lang='lat' dir='ltr'>Nam</span> <span class='ocrx_word' id='word_1_144' title='bbox 859 1343 960 1391; x_wconf 92' lang='lat' dir='ltr'>duo</span> <span class='ocrx_word' id='word_1_145' title='bbox 986 1352 1099 1391; x_wconf 89' lang='lat' dir='ltr'>sunt</span> <span class='ocrx_word' id='word_1_146' title='bbox 1126 1341 1306 1404; x_wconf 90' lang='lat' dir='ltr'>quibus</span> <span class='ocrx_word' id='word_1_147' title='bbox 1326 1340 1615 1388; x_wconf 90' lang='lat' dir='ltr'>minuuntur</span> <span class='ocrx_word' id='word_1_148' title='bbox 1641 1337 1857 1401; x_wconf 90' lang='lat' dir='ltr'>corporis</span> 
     </span>
     <span class='ocr_line' id='line_1_17' title="bbox 110 1421 1935 1485; baseline -0.002 -14"><span class='ocrx_word' id='word_1_149' title='bbox 110 1424 246 1483; x_wconf 85' lang='lat' dir='ltr'>vires,</span> <span class='ocrx_word' id='word_1_150' title='bbox 276 1434 502 1473; x_wconf 90' lang='lat' dir='ltr'>senectus</span> <span class='ocrx_word' id='word_1_151' title='bbox 537 1434 584 1472; x_wconf 90' lang='lat' dir='ltr'>et</span> <span class='ocrx_word' id='word_1_152' title='bbox 620 1424 834 1473; x_wconf 86' lang='lat' dir='ltr'>morbus.</span> <span class='ocrx_word' id='word_1_153' title='bbox 910 1427 1049 1472; x_wconf 89' lang='lat' dir='ltr'>Mors</span> <span class='ocrx_word' id='word_1_154' title='bbox 1084 1423 1229 1483; x_wconf 89' lang='lat' dir='ltr'>dicta,</span> <span class='ocrx_word' id='word_1_155' title='bbox 1257 1424 1392 1485; x_wconf 91' lang='lat' dir='ltr'>quod</span> <span class='ocrx_word' id='word_1_156' title='bbox 1419 1421 1479 1469; x_wconf 91' lang='lat' dir='ltr'>sit</span> <span class='ocrx_word' id='word_1_157' title='bbox 1511 1438 1689 1479; x_wconf 91' lang='lat' dir='ltr'>amara,</span> <span class='ocrx_word' id='word_1_158' title='bbox 1719 1421 1794 1468; x_wconf 89' lang='lat' dir='ltr'>vel</span> <span class='ocrx_word' id='word_1_159' title='bbox 1828 1437 1857 1467; x_wconf 93' lang='lat' dir='ltr'>a</span> <span class='ocrx_word' id='word_1_160' title='bbox 1880 1434 1935 1480; x_wconf 88' lang='lat'>31</span> 
     </span>
     <span class='ocr_line' id='line_1_18' title="bbox 110 1500 1855 1572; baseline -0.003 -18"><span class='ocrx_word' id='word_1_161' title='bbox 110 1508 284 1566; x_wconf 89' lang='lat' dir='ltr'>Marte,</span> <span class='ocrx_word' id='word_1_162' title='bbox 322 1506 406 1569; x_wconf 90' lang='lat' dir='ltr'>qui</span> <span class='ocrx_word' id='word_1_163' title='bbox 441 1515 513 1555; x_wconf 87' lang='lat' dir='ltr'>est</span> <span class='ocrx_word' id='word_1_164' title='bbox 547 1507 746 1554; x_wconf 85' lang='lat' dir='ltr'>effector</span> <span class='ocrx_word' id='word_1_165' title='bbox 781 1505 1011 1554; x_wconf 91' lang='lat' dir='ltr'>mortium</span> <span class='ocrx_word' id='word_1_166' title='bbox 1048 1504 1171 1572; x_wconf 88' lang='lat' dir='ltr'>[sive</span> <span class='ocrx_word' id='word_1_167' title='bbox 1209 1522 1338 1553; x_wconf 88' lang='lat' dir='ltr'>mors</span> <span class='ocrx_word' id='word_1_168' title='bbox 1376 1521 1405 1551; x_wconf 92' lang='lat' dir='ltr'>a</span> <span class='ocrx_word' id='word_1_169' title='bbox 1440 1519 1605 1558; x_wconf 84' lang='lat' dir='ltr'>morsu</span> <span class='ocrx_word' id='word_1_170' title='bbox 1639 1500 1855 1551; x_wconf 88' lang='lat' dir='ltr'>hominis</span> 
     </span>
     <span class='ocr_line' id='line_1_19' title="bbox 110 1581 1855 1651; baseline -0.003 -16"><span class='ocrx_word' id='word_1_171' title='bbox 110 1587 266 1650; x_wconf 88' lang='lat' dir='ltr'>primi,</span> <span class='ocrx_word' id='word_1_172' title='bbox 295 1589 431 1651; x_wconf 88' lang='lat' dir='ltr'>quod</span> <span class='ocrx_word' id='word_1_173' title='bbox 458 1586 636 1636; x_wconf 88' lang='lat' dir='ltr'>vetitae</span> <span class='ocrx_word' id='word_1_174' title='bbox 662 1586 847 1635; x_wconf 86' lang='lat' dir='ltr'>arboris</span> <span class='ocrx_word' id='word_1_175' title='bbox 874 1604 1078 1650; x_wconf 91' lang='lat' dir='ltr'>pomum</span> <span class='ocrx_word' id='word_1_176' title='bbox 1108 1587 1340 1634; x_wconf 87' lang='lat' dir='ltr'>mordens</span> <span class='ocrx_word' id='word_1_177' title='bbox 1378 1593 1586 1633; x_wconf 89' lang='lat' dir='ltr'>mortem</span> <span class='ocrx_word' id='word_1_178' title='bbox 1614 1581 1855 1650; x_wconf 89' lang='lat' dir='ltr'>incurrit].</span> 
     </span>
     <span class='ocr_line' id='line_1_20' title="bbox 110 1665 1945 1736; baseline -0.003 -19"><span class='ocrx_word' id='word_1_179' title='bbox 110 1668 375 1736; x_wconf 85' lang='lat' dir='ltr'>Triasunt</span> <span class='ocrx_word' id='word_1_180' title='bbox 410 1678 576 1717; x_wconf 89' lang='lat' dir='ltr'>autem</span> <span class='ocrx_word' id='word_1_181' title='bbox 613 1686 791 1732; x_wconf 86' lang='lat' dir='ltr'>genera</span> <span class='ocrx_word' id='word_1_182' title='bbox 829 1668 1026 1717; x_wconf 87' lang='lat' dir='ltr'>mortis:</span> <span class='ocrx_word' id='word_1_183' title='bbox 1079 1668 1270 1727; x_wconf 88' lang='lat' dir='ltr'>acerba,</span> <span class='ocrx_word' id='word_1_184' title='bbox 1309 1667 1567 1726; x_wconf 89' lang='lat' dir='ltr'>inmatura,</span> <span class='ocrx_word' id='word_1_185' title='bbox 1607 1665 1853 1714; x_wconf 87' lang='lat' dir='ltr'>naturalis.</span> <span class='ocrx_word' id='word_1_186' title='bbox 1880 1676 1945 1724; x_wconf 87' lang='lat'>32</span> 
     </span>
    </p>

    <p class='ocr_par' dir='ltr' id='par_1_12' title="bbox 40 1747 1944 2140">
     <span class='ocr_line' id='line_1_21' title="bbox 40 1747 1854 1810; baseline -0.003 -11"><span class='ocrx_word' id='word_1_187' title='bbox 40 1771 88 1800; x_wconf 81' lang='lat'>20</span> <span class='ocrx_word' id='word_1_188' title='bbox 110 1752 305 1799; x_wconf 86' lang='lat' dir='ltr'>Acerba</span> <span class='ocrx_word' id='word_1_189' title='bbox 340 1750 596 1810; x_wconf 89' lang='lat' dir='ltr'>infantum,</span> <span class='ocrx_word' id='word_1_190' title='bbox 627 1750 869 1799; x_wconf 89' lang='lat' dir='ltr'>inmatura</span> <span class='ocrx_word' id='word_1_191' title='bbox 907 1750 1152 1810; x_wconf 90' lang='lat' dir='ltr'>iuvenum,</span> <span class='ocrx_word' id='word_1_192' title='bbox 1187 1751 1377 1809; x_wconf 86' lang='lat' dir='ltr'>merita,</span> <span class='ocrx_word' id='word_1_193' title='bbox 1411 1750 1461 1797; x_wconf 90' lang='lat' dir='ltr'>id</span> <span class='ocrx_word' id='word_1_194' title='bbox 1498 1757 1570 1796; x_wconf 90' lang='lat' dir='ltr'>est</span> <span class='ocrx_word' id='word_1_195' title='bbox 1607 1747 1854 1806; x_wconf 89' lang='lat' dir='ltr'>naturalis,</span> 
     </span>
     <span class='ocr_line' id='line_1_22' title="bbox 110 1830 1944 1896; baseline -0.002 -16"><span class='ocrx_word' id='word_1_196' title='bbox 110 1849 299 1881; x_wconf 88' lang='lat' dir='ltr'>senum.</span> <span class='ocrx_word' id='word_1_197' title='bbox 373 1835 602 1881; x_wconf 88' lang='lat' dir='ltr'>Mortuus</span> <span class='ocrx_word' id='word_1_198' title='bbox 650 1843 813 1881; x_wconf 89' lang='lat' dir='ltr'>autem</span> <span class='ocrx_word' id='word_1_199' title='bbox 864 1850 920 1881; x_wconf 86' lang='lat' dir='ltr'>ex</span> <span class='ocrx_word' id='word_1_200' title='bbox 969 1850 1066 1896; x_wconf 89' lang='lat' dir='ltr'>qua</span> <span class='ocrx_word' id='word_1_201' title='bbox 1114 1841 1249 1896; x_wconf 87' lang='lat' dir='ltr'>parte</span> <span class='ocrx_word' id='word_1_202' title='bbox 1299 1830 1532 1880; x_wconf 87' lang='lat' dir='ltr'>orationis</span> <span class='ocrx_word' id='word_1_203' title='bbox 1581 1831 1856 1878; x_wconf 90' lang='lat' dir='ltr'>declinetur</span> <span class='ocrx_word' id='word_1_204' title='bbox 1881 1839 1944 1887; x_wconf 88' lang='lat'>33</span> 
     </span>
     <span class='ocr_line' id='line_1_23' title="bbox 108 1910 1855 1975; baseline -0.002 -14"><span class='ocrx_word' id='word_1_205' title='bbox 108 1915 346 1963; x_wconf 88' lang='lat' dir='ltr'>incertum</span> <span class='ocrx_word' id='word_1_206' title='bbox 384 1923 470 1962; x_wconf 88' lang='lat' dir='ltr'>est.</span> <span class='ocrx_word' id='word_1_207' title='bbox 544 1916 673 1962; x_wconf 90' lang='lat' dir='ltr'>Nam</span> <span class='ocrx_word' id='word_1_208' title='bbox 705 1914 829 1962; x_wconf 90' lang='lat' dir='ltr'>sicut</span> <span class='ocrx_word' id='word_1_209' title='bbox 865 1914 932 1962; x_wconf 93' lang='lat' dir='ltr'>ait</span> <span class='ocrx_word' id='word_1_210' title='bbox 970 1916 1163 1974; x_wconf 88' lang='lat' dir='ltr'>Caesar,</span> <span class='ocrx_word' id='word_1_211' title='bbox 1192 1914 1255 1962; x_wconf 91' lang='lat' dir='ltr'>ab</span> <span class='ocrx_word' id='word_1_212' title='bbox 1294 1931 1353 1961; x_wconf 91' lang='lat' dir='ltr'>eo</span> <span class='ocrx_word' id='word_1_213' title='bbox 1391 1913 1527 1975; x_wconf 91' lang='lat' dir='ltr'>quod</span> <span class='ocrx_word' id='word_1_214' title='bbox 1565 1921 1637 1959; x_wconf 89' lang='lat' dir='ltr'>est</span> <span class='ocrx_word' id='word_1_215' title='bbox 1675 1910 1855 1959; x_wconf 89' lang='lat' dir='ltr'>morior</span> 
     </span>
     <span class='ocr_line' id='line_1_24' title="bbox 108 1993 1851 2058; baseline -0.001 -16"><span class='ocrx_word' id='word_1_216' title='bbox 108 1994 156 2043; x_wconf 90' lang='lat' dir='ltr'>in</span> <span class='ocrx_word' id='word_1_217' title='bbox 182 1995 437 2058; x_wconf 91' lang='lat' dir='ltr'>participio</span> <span class='ocrx_word' id='word_1_218' title='bbox 464 1995 708 2058; x_wconf 88' lang='lat' dir='ltr'>praeteriti</span> <span class='ocrx_word' id='word_1_219' title='bbox 734 1994 967 2058; x_wconf 87' lang='lat' dir='ltr'>temporis</span> <span class='ocrx_word' id='word_1_220' title='bbox 994 1997 1044 2043; x_wconf 90' lang='lat' dir='ltr'>in</span> <span class='ocrx_word' id='word_1_221' title='bbox 1073 1996 1203 2043; x_wconf 84' lang='lat' dir='ltr'>‘tus’</span> <span class='ocrx_word' id='word_1_222' title='bbox 1225 1994 1353 2043; x_wconf 85' lang='lat' dir='ltr'>exire</span> <span class='ocrx_word' id='word_1_223' title='bbox 1379 1993 1564 2053; x_wconf 90' lang='lat' dir='ltr'>debuit,</span> <span class='ocrx_word' id='word_1_224' title='bbox 1586 2010 1672 2055; x_wconf 84' lang='lat' dir='ltr'>per</span> <span class='ocrx_word' id='word_1_225' title='bbox 1697 2010 1851 2041; x_wconf 90' lang='lat' dir='ltr'>unum</span> 
     </span>
     <span class='ocr_line' id='line_1_25' title="bbox 108 2074 1854 2140; baseline -0.002 -15"><span class='ocrx_word' id='word_1_226' title='bbox 108 2077 292 2126; x_wconf 90' lang='lat' dir='ltr'>scilicet</span> <span class='ocrx_word' id='word_1_227' title='bbox 313 2079 375 2136; x_wconf 90' lang='lat' dir='ltr'>U,</span> <span class='ocrx_word' id='word_1_228' title='bbox 397 2094 498 2126; x_wconf 92' lang='lat' dir='ltr'>non</span> <span class='ocrx_word' id='word_1_229' title='bbox 523 2094 608 2140; x_wconf 91' lang='lat' dir='ltr'>per</span> <span class='ocrx_word' id='word_1_230' title='bbox 633 2078 748 2125; x_wconf 92' lang='lat' dir='ltr'>duo.</span> <span class='ocrx_word' id='word_1_231' title='bbox 801 2079 931 2125; x_wconf 89' lang='lat' dir='ltr'>Nam</span> <span class='ocrx_word' id='word_1_232' title='bbox 958 2076 1043 2125; x_wconf 91' lang='lat' dir='ltr'>ubi</span> <span class='ocrx_word' id='word_1_233' title='bbox 1068 2076 1316 2139; x_wconf 88' lang='lat' dir='ltr'>geminata</span> <span class='ocrx_word' id='word_1_234' title='bbox 1341 2085 1414 2124; x_wconf 89' lang='lat' dir='ltr'>est</span> <span class='ocrx_word' id='word_1_235' title='bbox 1439 2074 1597 2123; x_wconf 87' lang='lat' dir='ltr'>littera</span> <span class='ocrx_word' id='word_1_236' title='bbox 1616 2077 1679 2134; x_wconf 91' lang='lat' dir='ltr'>U,</span> <span class='ocrx_word' id='word_1_237' title='bbox 1701 2076 1854 2122; x_wconf 89' lang='lat' dir='ltr'>nomi-</span> 
     </span>
    </p>

    <p class='ocr_par' dir='ltr' id='par_1_13' title="bbox 37 2155 1938 2548">
     <span class='ocr_line' id='line_1_26' title="bbox 37 2155 1853 2221; baseline -0.003 -12"><span class='ocrx_word' id='word_1_238' title='bbox 37 2179 85 2218; x_wconf 82' lang='lat'>25</span> <span class='ocrx_word' id='word_1_239' title='bbox 108 2158 299 2208; x_wconf 90' lang='lat' dir='ltr'>nativus</span> <span class='ocrx_word' id='word_1_240' title='bbox 330 2169 415 2219; x_wconf 88' lang='lat' dir='ltr'>est,</span> <span class='ocrx_word' id='word_1_241' title='bbox 446 2175 545 2207; x_wconf 90' lang='lat' dir='ltr'>non</span> <span class='ocrx_word' id='word_1_242' title='bbox 579 2157 902 2221; x_wconf 88' lang='lat' dir='ltr'>participium,</span> <span class='ocrx_word' id='word_1_243' title='bbox 932 2168 985 2207; x_wconf 90' lang='lat' dir='ltr'>ut</span> <span class='ocrx_word' id='word_1_244' title='bbox 1010 2160 1186 2218; x_wconf 87' lang='lat' dir='ltr'>fatuus,</span> <span class='ocrx_word' id='word_1_245' title='bbox 1214 2159 1409 2206; x_wconf 87' lang='lat' dir='ltr'>arduus.</span> <span class='ocrx_word' id='word_1_246' title='bbox 1485 2155 1853 2207; x_wconf 89' lang='lat' dir='ltr'>Convenienter</span> 
     </span>
     <span class='ocr_line' id='line_1_27' title="bbox 107 2237 1849 2303; baseline 0 -16"><span class='ocrx_word' id='word_1_247' title='bbox 107 2237 272 2303; x_wconf 88' lang='lat' dir='ltr'>itaque</span> <span class='ocrx_word' id='word_1_248' title='bbox 297 2242 480 2288; x_wconf 90' lang='lat' dir='ltr'>factum</span> <span class='ocrx_word' id='word_1_249' title='bbox 508 2250 561 2288; x_wconf 93' lang='lat' dir='ltr'>ut</span> <span class='ocrx_word' id='word_1_250' title='bbox 587 2241 1013 2303; x_wconf 88' lang='lat' dir='ltr'>quemadmodum</span> <span class='ocrx_word' id='word_1_251' title='bbox 1039 2239 1103 2300; x_wconf 91' lang='lat' dir='ltr'>id,</span> <span class='ocrx_word' id='word_1_252' title='bbox 1124 2241 1259 2302; x_wconf 88' lang='lat' dir='ltr'>quod</span> <span class='ocrx_word' id='word_1_253' title='bbox 1287 2239 1540 2302; x_wconf 87' lang='lat' dir='ltr'>significat,</span> <span class='ocrx_word' id='word_1_254' title='bbox 1561 2256 1663 2287; x_wconf 90' lang='lat' dir='ltr'>non</span> <span class='ocrx_word' id='word_1_255' title='bbox 1689 2247 1849 2301; x_wconf 89' lang='lat' dir='ltr'>potest</span> 
     </span>
     <span class='ocr_line' id='line_1_28' title="bbox 105 2319 1846 2385; baseline -0.001 -15"><span class='ocrx_word' id='word_1_256' title='bbox 105 2323 312 2385; x_wconf 87' lang='lat' dir='ltr'>agendo,</span> <span class='ocrx_word' id='word_1_257' title='bbox 354 2321 421 2370; x_wconf 87' lang='lat' dir='ltr'>ita</span> <span class='ocrx_word' id='word_1_258' title='bbox 463 2331 510 2370; x_wconf 89' lang='lat' dir='ltr'>et</span> <span class='ocrx_word' id='word_1_259' title='bbox 552 2321 696 2384; x_wconf 90' lang='lat' dir='ltr'>ipsud</span> <span class='ocrx_word' id='word_1_260' title='bbox 736 2339 919 2371; x_wconf 89' lang='lat' dir='ltr'>nomen</span> <span class='ocrx_word' id='word_1_261' title='bbox 960 2339 1060 2370; x_wconf 92' lang='lat' dir='ltr'>non</span> <span class='ocrx_word' id='word_1_262' title='bbox 1103 2321 1258 2384; x_wconf 87' lang='lat' dir='ltr'>possit</span> <span class='ocrx_word' id='word_1_263' title='bbox 1300 2320 1554 2385; x_wconf 91' lang='lat' dir='ltr'>loquendo</span> <span class='ocrx_word' id='word_1_264' title='bbox 1597 2319 1846 2370; x_wconf 86' lang='lat' dir='ltr'>declinari.</span> 
     </span>
     <span class='ocr_line' id='line_1_29' title="bbox 108 2403 1938 2466; baseline -0.001 -14"><span class='ocrx_word' id='word_1_265' title='bbox 108 2403 283 2453; x_wconf 91' lang='lat' dir='ltr'>Omnis</span> <span class='ocrx_word' id='word_1_266' title='bbox 307 2412 471 2452; x_wconf 91' lang='lat' dir='ltr'>autem</span> <span class='ocrx_word' id='word_1_267' title='bbox 502 2413 720 2452; x_wconf 89' lang='lat' dir='ltr'>mortuus</span> <span class='ocrx_word' id='word_1_268' title='bbox 746 2413 830 2452; x_wconf 90' lang='lat' dir='ltr'>aut</span> <span class='ocrx_word' id='word_1_269' title='bbox 855 2405 1002 2452; x_wconf 89' lang='lat' dir='ltr'>funus</span> <span class='ocrx_word' id='word_1_270' title='bbox 1028 2414 1114 2463; x_wconf 88' lang='lat' dir='ltr'>est,</span> <span class='ocrx_word' id='word_1_271' title='bbox 1143 2413 1226 2451; x_wconf 91' lang='lat' dir='ltr'>aut</span> <span class='ocrx_word' id='word_1_272' title='bbox 1259 2404 1482 2452; x_wconf 88' lang='lat' dir='ltr'>cadaver.</span> <span class='ocrx_word' id='word_1_273' title='bbox 1556 2405 1725 2451; x_wconf 90' lang='lat' dir='ltr'>Funus</span> <span class='ocrx_word' id='word_1_274' title='bbox 1760 2412 1846 2461; x_wconf 90' lang='lat' dir='ltr'>est,</span> <span class='ocrx_word' id='word_1_275' title='bbox 1874 2418 1938 2466; x_wconf 89' lang='lat'>34</span> 
     </span>
     <span class='ocr_line' id='line_1_30' title="bbox 106 2483 1849 2548; baseline 0 -16"><span class='ocrx_word' id='word_1_276' title='bbox 106 2483 145 2532; x_wconf 87' lang='lat' dir='ltr'>si</span> <span class='ocrx_word' id='word_1_277' title='bbox 178 2485 453 2548; x_wconf 85' lang='lat' dir='ltr'>sepeliatur.</span> <span class='ocrx_word' id='word_1_278' title='bbox 530 2488 592 2533; x_wconf 91' lang='lat' dir='ltr'>Et</span> <span class='ocrx_word' id='word_1_279' title='bbox 626 2485 814 2534; x_wconf 90' lang='lat' dir='ltr'>dictum</span> <span class='ocrx_word' id='word_1_280' title='bbox 840 2487 986 2534; x_wconf 89' lang='lat' dir='ltr'>funus</span> <span class='ocrx_word' id='word_1_281' title='bbox 1020 2502 1048 2533; x_wconf 92' lang='lat' dir='ltr'>a</span> <span class='ocrx_word' id='word_1_282' title='bbox 1072 2485 1272 2534; x_wconf 90' lang='lat' dir='ltr'>funibus</span> <span class='ocrx_word' id='word_1_283' title='bbox 1307 2484 1543 2546; x_wconf 85' lang='lat' dir='ltr'>accensis,</span> <span class='ocrx_word' id='word_1_284' title='bbox 1575 2501 1700 2547; x_wconf 87' lang='lat' dir='ltr'>quos</span> <span class='ocrx_word' id='word_1_285' title='bbox 1734 2494 1849 2533; x_wconf 87' lang='lat' dir='ltr'>ante</span> 
     </span>
    </p>
   </div>
   <div class='ocr_carea' id='block_1_3' title="bbox 103 2610 1856 3098">
    <p class='ocr_par' dir='ltr' id='par_1_14' title="bbox 103 2610 1856 3098">
     <span class='ocr_line' id='line_1_31' title="bbox 162 2610 1847 2662; baseline 0 -12"><span class='ocrx_word' id='word_1_286' title='bbox 162 2623 177 2650; x_wconf 90' lang='lat'>1</span> <span class='ocrx_word' id='word_1_287' title='bbox 213 2624 292 2662; x_wconf 86' lang='lat' dir='ltr'>pro</span> <span class='ocrx_word' id='word_1_288' title='bbox 313 2611 441 2650; x_wconf 90' lang='lat' dir='ltr'>nimia</span> <span class='ocrx_word' id='word_1_289' title='bbox 459 2617 598 2651; x_wconf 87' lang='lat' dir='ltr'>aetate</span> <span class='ocrx_word' id='word_1_290' title='bbox 614 2612 700 2650; x_wconf 86' lang='grc' dir='ltr'>ΒΚ</span> <span class='ocrx_word' id='word_1_291' title='bbox 812 2625 888 2661; x_wconf 87' lang='lat' dir='ltr'>pro</span> <span class='ocrx_word' id='word_1_292' title='bbox 912 2613 1079 2651; x_wconf 83' lang='lat' dir='ltr'>lascivia</span> <span class='ocrx_word' id='word_1_293' title='bbox 1101 2618 1142 2652; x_wconf 86' lang='lat' dir='ltr'>et</span> <span class='ocrx_word' id='word_1_294' title='bbox 1156 2612 1330 2651; x_wconf 85' lang='lat' dir='ltr'>infantia</span> <span class='ocrx_word' id='word_1_295' title='bbox 1351 2612 1391 2650; x_wconf 90' lang='grc' dir='ltr'><em>Β</em></span> <span class='ocrx_word' id='word_1_296' title='bbox 1555 2625 1579 2661; x_wconf 86' lang='grc'>3</span> <span class='ocrx_word' id='word_1_297' title='bbox 1609 2618 1672 2651; x_wconf 85' lang='lat' dir='ltr'>est</span> <span class='ocrx_word' id='word_1_298' title='bbox 1693 2625 1773 2651; x_wconf 81' lang='lat' dir='ltr'>om.</span> <span class='ocrx_word' id='word_1_299' title='bbox 1798 2610 1847 2650; x_wconf 85' lang='lat' dir='ltr'>C1</span> 
     </span>
     <span class='ocr_line' id='line_1_32' title="bbox 106 2665 1847 2718; baseline 0 -15"><span class='ocrx_word' id='word_1_300' title='bbox 106 2665 282 2706; x_wconf 84' lang='lat' dir='ltr'>femenei</span> <span class='ocrx_word' id='word_1_301' title='bbox 305 2666 356 2705; x_wconf 81' lang='lat' dir='ltr'>Cl</span> <span class='ocrx_word' id='word_1_302' title='bbox 376 2666 593 2716; x_wconf 78' lang='lat' dir='ltr'>(-min-C2)</span> <span class='ocrx_word' id='word_1_303' title='bbox 704 2668 730 2704; x_wconf 90' lang='lat'><strong>6</strong></span> <span class='ocrx_word' id='word_1_304' title='bbox 759 2666 874 2717; x_wconf 86' lang='lat' dir='ltr'>quia]</span> <span class='ocrx_word' id='word_1_305' title='bbox 897 2667 1015 2717; x_wconf 89' lang='lat' dir='ltr'>quasi</span> <span class='ocrx_word' id='word_1_306' title='bbox 1037 2667 1077 2705; x_wconf 90' lang='grc' dir='ltr'><em>Β</em></span> <span class='ocrx_word' id='word_1_307' title='bbox 1186 2667 1351 2718; x_wconf 85' lang='lat' dir='ltr'>autem]</span> <span class='ocrx_word' id='word_1_308' title='bbox 1366 2666 1478 2705; x_wconf 90' lang='lat' dir='ltr'>enim</span> <span class='ocrx_word' id='word_1_309' title='bbox 1503 2667 1538 2706; x_wconf 89' lang='lat' dir='ltr'>C</span> <span class='ocrx_word' id='word_1_310' title='bbox 1658 2681 1678 2717; x_wconf 93' lang='lat'><strong>7</strong></span> <span class='ocrx_word' id='word_1_311' title='bbox 1711 2666 1847 2705; x_wconf 84' lang='lat' dir='ltr'>auitas</span> 
     </span>
     <span class='ocr_line' id='line_1_33' title="bbox 106 2719 1847 2762; baseline 0 -4"><span class='ocrx_word' id='word_1_312' title='bbox 106 2719 154 2758; x_wconf 85' lang='lat' dir='ltr'>C1</span> <span class='ocrx_word' id='word_1_313' title='bbox 236 2721 310 2760; x_wconf 86' lang='lat' dir='ltr'>lac.</span> <span class='ocrx_word' id='word_1_314' title='bbox 337 2721 463 2759; x_wconf 89' lang='lat' dir='ltr'>nities</span> <span class='ocrx_word' id='word_1_315' title='bbox 484 2720 541 2759; x_wconf 91' lang='grc' dir='ltr'>Β1</span> <span class='ocrx_word' id='word_1_316' title='bbox 644 2734 693 2759; x_wconf 91' lang='lat'>10</span> <span class='ocrx_word' id='word_1_317' title='bbox 713 2727 756 2760; x_wconf 87' lang='lat' dir='ltr'>et</span> <span class='ocrx_word' id='word_1_318' title='bbox 775 2721 883 2760; x_wconf 87' lang='lat' dir='ltr'>mala</span> <span class='ocrx_word' id='word_1_319' title='bbox 899 2723 982 2761; x_wconf 87' lang='lat' dir='ltr'>ads.</span> <span class='ocrx_word' id='word_1_320' title='bbox 1004 2728 1046 2761; x_wconf 89' lang='lat' dir='ltr'>et</span> <span class='ocrx_word' id='word_1_321' title='bbox 1062 2722 1172 2760; x_wconf 87' lang='lat' dir='ltr'>bona</span> <span class='ocrx_word' id='word_1_322' title='bbox 1189 2722 1229 2760; x_wconf 90' lang='grc' dir='ltr'><em>Β</em></span> <span class='ocrx_word' id='word_1_323' title='bbox 1249 2736 1257 2760; x_wconf 87' lang='lat'>:</span> <span class='ocrx_word' id='word_1_324' title='bbox 1278 2723 1347 2761; x_wconf 90' lang='lat' dir='ltr'>bo.</span> <span class='ocrx_word' id='word_1_325' title='bbox 1366 2722 1434 2762; x_wconf 84' lang='lat' dir='ltr'>aff.</span> <span class='ocrx_word' id='word_1_326' title='bbox 1453 2727 1494 2760; x_wconf 90' lang='lat' dir='ltr'>et</span> <span class='ocrx_word' id='word_1_327' title='bbox 1516 2735 1594 2760; x_wconf 86' lang='lat' dir='ltr'>ma.</span> <span class='ocrx_word' id='word_1_328' title='bbox 1629 2721 1664 2758; x_wconf 94' lang='lat' dir='ltr'><em>T</em></span> <span class='ocrx_word' id='word_1_329' title='bbox 1758 2734 1799 2758; x_wconf 92' lang='lat'>11</span> <span class='ocrx_word' id='word_1_330' title='bbox 1824 2735 1847 2759; x_wconf 86' lang='lat' dir='ltr'>a</span> 
     </span>
     <span class='ocr_line' id='line_1_34' title="bbox 104 2774 1851 2826; baseline 0 -13"><span class='ocrx_word' id='word_1_331' title='bbox 104 2776 404 2824; x_wconf 85' lang='lat' dir='ltr'>potentissimis</span> <span class='ocrx_word' id='word_1_332' title='bbox 417 2775 540 2814; x_wconf 85' lang='lat' dir='ltr'>BCK</span> <span class='ocrx_word' id='word_1_333' title='bbox 636 2776 833 2815; x_wconf 86' lang='lat' dir='ltr'>dominiis</span> <span class='ocrx_word' id='word_1_334' title='bbox 846 2776 892 2814; x_wconf 90' lang='lat' dir='ltr'><em>K</em></span> <span class='ocrx_word' id='word_1_335' title='bbox 1004 2789 1052 2815; x_wconf 88' lang='lat'>12</span> <span class='ocrx_word' id='word_1_336' title='bbox 1073 2778 1171 2826; x_wconf 89' lang='lat' dir='ltr'>imp.</span> <span class='ocrx_word' id='word_1_337' title='bbox 1188 2777 1356 2826; x_wconf 85' lang='lat' dir='ltr'>franget</span> <span class='ocrx_word' id='word_1_338' title='bbox 1368 2775 1414 2814; x_wconf 92' lang='lat' dir='ltr'><em>K</em></span> <span class='ocrx_word' id='word_1_339' title='bbox 1528 2790 1540 2813; x_wconf 86' lang='lat'>1</span> <span class='ocrx_word' id='word_1_340' title='bbox 1551 2790 1574 2825; x_wconf 82' lang='lat'><strong>3</strong></span> <span class='ocrx_word' id='word_1_341' title='bbox 1597 2776 1695 2824; x_wconf 84' lang='lat' dir='ltr'>quia</span> <span class='ocrx_word' id='word_1_342' title='bbox 1709 2789 1789 2815; x_wconf 86' lang='lat' dir='ltr'>om.</span> <span class='ocrx_word' id='word_1_343' title='bbox 1805 2774 1851 2813; x_wconf 89' lang='lat' dir='ltr'><em>K</em></span> 
     </span>
     <span class='ocr_line' id='line_1_35' title="bbox 108 2829 1843 2877; baseline 0 -10"><span class='ocrx_word' id='word_1_344' title='bbox 108 2841 154 2877; x_wconf 94' lang='lat'>17</span> <span class='ocrx_word' id='word_1_345' title='bbox 185 2831 252 2870; x_wconf 84' lang='lat' dir='ltr'>eff.</span> <span class='ocrx_word' id='word_1_346' title='bbox 271 2836 527 2869; x_wconf 88' lang='lat' dir='ltr'>mortuorum</span> <span class='ocrx_word' id='word_1_347' title='bbox 550 2831 590 2868; x_wconf 86' lang='grc' dir='ltr'><em>Β</em></span> <span class='ocrx_word' id='word_1_348' title='bbox 674 2830 762 2869; x_wconf 87' lang='lat' dir='ltr'>sive</span> <span class='ocrx_word' id='word_1_349' title='bbox 780 2861 790 2870; x_wconf 93' lang='lat'>.</span> <span class='ocrx_word' id='word_1_350' title='bbox 807 2860 816 2869; x_wconf 87' lang='lat'>.</span> <span class='ocrx_word' id='word_1_351' title='bbox 841 2861 850 2870; x_wconf 92' lang='lat'>.</span> <span class='ocrx_word' id='word_1_352' title='bbox 866 2831 1041 2870; x_wconf 87' lang='lat' dir='ltr'>incurrit</span> <span class='ocrx_word' id='word_1_353' title='bbox 1062 2845 1144 2869; x_wconf 80' lang='lat' dir='ltr'>om.</span> <span class='ocrx_word' id='word_1_354' title='bbox 1167 2830 1421 2869; x_wconf 87' lang='lat' dir='ltr'><em>BCDFKM</em></span> <span class='ocrx_word' id='word_1_355' title='bbox 1438 2845 1447 2870; x_wconf 79' lang='lat' dir='ltr'>t</span> <span class='ocrx_word' id='word_1_356' title='bbox 1477 2831 1570 2869; x_wconf 77' lang='lat' dir='ltr'>hab.</span> <span class='ocrx_word' id='word_1_357' title='bbox 1597 2829 1709 2869; x_wconf 86' lang='lat' dir='ltr'>TUG</span> <span class='ocrx_word' id='word_1_358' title='bbox 1730 2829 1843 2868; x_wconf 89' lang='lat' dir='ltr'>Mon.</span> 
     </span>
     <span class='ocr_line' id='line_1_36' title="bbox 107 2883 1854 2936; baseline 0.001 -15"><span class='ocrx_word' id='word_1_359' title='bbox 107 2884 156 2921; x_wconf 89' lang='lat'>18</span> <span class='ocrx_word' id='word_1_360' title='bbox 184 2885 315 2936; x_wconf 91' lang='lat' dir='ltr'>quod]</span> <span class='ocrx_word' id='word_1_361' title='bbox 339 2884 408 2935; x_wconf 88' lang='lat' dir='ltr'>qui</span> <span class='ocrx_word' id='word_1_362' title='bbox 431 2885 466 2923; x_wconf 89' lang='lat' dir='ltr'><strong><em>G</em></strong></span> <span class='ocrx_word' id='word_1_363' title='bbox 597 2884 728 2923; x_wconf 87' lang='lat' dir='ltr'>vetita</span> <span class='ocrx_word' id='word_1_364' title='bbox 756 2884 793 2922; x_wconf 90' lang='lat' dir='ltr'><em>T</em></span> <span class='ocrx_word' id='word_1_365' title='bbox 953 2899 1001 2936; x_wconf 92' lang='lat'>19</span> <span class='ocrx_word' id='word_1_366' title='bbox 1030 2893 1168 2925; x_wconf 88' lang='lat' dir='ltr'>autem</span> <span class='ocrx_word' id='word_1_367' title='bbox 1190 2899 1274 2925; x_wconf 86' lang='lat' dir='ltr'>om.</span> <span class='ocrx_word' id='word_1_368' title='bbox 1304 2884 1340 2922; x_wconf 92' lang='lat' dir='ltr'><em>T</em></span> <span class='ocrx_word' id='word_1_369' title='bbox 1495 2898 1549 2923; x_wconf 89' lang='lat'>20</span> <span class='ocrx_word' id='word_1_370' title='bbox 1579 2890 1645 2923; x_wconf 87' lang='lat' dir='ltr'>est</span> <span class='ocrx_word' id='word_1_371' title='bbox 1665 2897 1747 2922; x_wconf 85' lang='lat' dir='ltr'>om.</span> <span class='ocrx_word' id='word_1_372' title='bbox 1777 2883 1854 2922; x_wconf 90' lang='lat' dir='ltr'>TU</span> 
     </span>
     <span class='ocr_line' id='line_1_37' title="bbox 103 2938 1848 2988; baseline 0.001 -13"><span class='ocrx_word' id='word_1_373' title='bbox 103 2950 154 2975; x_wconf 79' lang='lat'>22</span> <span class='ocrx_word' id='word_1_374' title='bbox 182 2939 292 2979; x_wconf 86' lang='lat' dir='ltr'>sicut</span> <span class='ocrx_word' id='word_1_375' title='bbox 313 2952 396 2978; x_wconf 87' lang='lat' dir='ltr'>om.</span> <span class='ocrx_word' id='word_1_376' title='bbox 418 2939 457 2977; x_wconf 89' lang='grc' dir='ltr'><em>Β</em></span> <span class='ocrx_word' id='word_1_377' title='bbox 621 2952 672 2988; x_wconf 87' lang='lat'>24</span> <span class='ocrx_word' id='word_1_378' title='bbox 703 2940 809 2979; x_wconf 85' lang='lat' dir='ltr'>duas</span> <span class='ocrx_word' id='word_1_379' title='bbox 827 2938 874 2978; x_wconf 90' lang='lat' dir='ltr'><em>K</em></span> <span class='ocrx_word' id='word_1_380' title='bbox 1020 2941 1263 2979; x_wconf 86' lang='lat' dir='ltr'>nominatus</span> <span class='ocrx_word' id='word_1_381' title='bbox 1281 2939 1335 2977; x_wconf 89' lang='grc' dir='ltr'>Β1</span> <span class='ocrx_word' id='word_1_382' title='bbox 1353 2953 1361 2980; x_wconf 73' lang='lat' dir='ltr'>t</span> <span class='ocrx_word' id='word_1_383' title='bbox 1393 2951 1551 2978; x_wconf 88' lang='lat' dir='ltr'>nomen</span> <span class='ocrx_word' id='word_1_384' title='bbox 1573 2938 1618 2987; x_wconf 87' lang='lat' dir='ltr'>C,</span> <span class='ocrx_word' id='word_1_385' title='bbox 1627 2939 1730 2987; x_wconf 85' lang='lat' dir='ltr'>sort.</span> <span class='ocrx_word' id='word_1_386' title='bbox 1755 2942 1848 2977; x_wconf 81' lang='lat' dir='ltr'>recte</span> 
     </span>
     <span class='ocr_line' id='line_1_38' title="bbox 104 2992 1856 3044; baseline 0.002 -16"><span class='ocrx_word' id='word_1_387' title='bbox 104 3003 154 3040; x_wconf 85' lang='lat'>25</span> <span class='ocrx_word' id='word_1_388' title='bbox 184 2998 250 3031; x_wconf 87' lang='lat' dir='ltr'>est</span> <span class='ocrx_word' id='word_1_389' title='bbox 269 3006 350 3033; x_wconf 86' lang='lat' dir='ltr'>om.</span> <span class='ocrx_word' id='word_1_390' title='bbox 380 2992 457 3031; x_wconf 88' lang='lat' dir='ltr'>TU</span> <span class='ocrx_word' id='word_1_391' title='bbox 615 2995 668 3032; x_wconf 83' lang='lat'>26</span> <span class='ocrx_word' id='word_1_392' title='bbox 696 2993 772 3034; x_wconf 89' lang='lat' dir='ltr'>fac.</span> <span class='ocrx_word' id='word_1_393' title='bbox 791 3000 855 3032; x_wconf 87' lang='lat' dir='ltr'>est</span> <span class='ocrx_word' id='word_1_394' title='bbox 877 3000 920 3033; x_wconf 86' lang='lat' dir='ltr'>ut</span> <span class='ocrx_word' id='word_1_395' title='bbox 944 2994 979 3034; x_wconf 88' lang='lat' dir='ltr'>C</span> <span class='ocrx_word' id='word_1_396' title='bbox 1152 3007 1201 3044; x_wconf 87' lang='lat'>27</span> <span class='ocrx_word' id='word_1_397' title='bbox 1235 2999 1378 3044; x_wconf 87' lang='lat' dir='ltr'>posset</span> <span class='ocrx_word' id='word_1_398' title='bbox 1401 2993 1479 3032; x_wconf 91' lang='lat' dir='ltr'>CT</span> <span class='ocrx_word' id='word_1_399' title='bbox 1592 2993 1794 3042; x_wconf 83' lang='lat' dir='ltr'>loquendi</span> <span class='ocrx_word' id='word_1_400' title='bbox 1819 2992 1856 3031; x_wconf 95' lang='lat' dir='ltr'><em>T</em></span> 
     </span>
     <span class='ocr_line' id='line_1_39' title="bbox 103 3046 810 3098; baseline 0.004 -15"><span class='ocrx_word' id='word_1_401' title='bbox 103 3047 155 3084; x_wconf 85' lang='lat'>28</span> <span class='ocrx_word' id='word_1_402' title='bbox 185 3051 228 3085; x_wconf 88' lang='lat' dir='ltr'>ut</span> <span class='ocrx_word' id='word_1_403' title='bbox 250 3048 338 3087; x_wconf 89' lang='lat' dir='ltr'>cad.</span> <span class='ocrx_word' id='word_1_404' title='bbox 357 3046 407 3087; x_wconf 87' lang='lat' dir='ltr'>C1</span> <span class='ocrx_word' id='word_1_405' title='bbox 517 3059 570 3098; x_wconf 81' lang='lat'>29</span> <span class='ocrx_word' id='word_1_406' title='bbox 599 3055 641 3087; x_wconf 87' lang='lat' dir='ltr'>et</span> <span class='ocrx_word' id='word_1_407' title='bbox 661 3060 741 3088; x_wconf 83' lang='lat' dir='ltr'>om.</span> <span class='ocrx_word' id='word_1_408' title='bbox 773 3046 810 3086; x_wconf 92' lang='lat' dir='ltr'><em>T</em></span> 
     </span>
    </p>
   </div>
  </div>
 </body>
</html>
