2228 3444
235 265 290 308 xii

213 337 288 380 xiii

650 142 1001 190 CAPITVLA
1052 142 1120 190 LI
1131 144 1169 190 B
1179 143 1373 191 RORV
1382 147 1437 192 M

298 299 306 308 .
337 266 408 307 De
432 263 584 307 variis.

295 371 303 380 .
330 339 402 379 De
425 335 712 392 crystallinis.

221 410 308 453 xiv.
336 412 406 453 De
428 409 595 453 aureis.

235 498 316 526 xv..
334 483 408 526 De
431 482 560 526 vitro.

217 555 289 599 xvi

200 628 288 671 xvii

184 700 289 744 xviii

219 773 291 816 xix

234 861 288 888 xx

218 918 287 961 xxi

296 588 305 599 .
330 556 404 598 De
427 554 639 598 metallis.

294 662 303 671 .
330 629 404 672 De
426 642 554 671 auro.

296 733 305 744 .
333 702 404 744 De
427 707 633 755 argento.

296 807 305 816 .
331 775 403 816 De
425 787 542 816 aere.

293 879 302 888 .
328 847 402 888 De
423 845 557 888 ferre.

294 951 303 961 .
329 920 401 961 De
423 918 628 974 plumbo.

207 991 310 1035 xxii.
334 993 408 1034 De
432 999 611 1035 stanno.

188 1064 307 1110 xxiii.
334 1066 407 1107 De
430 1065 615 1109 electro.

188 1138 289 1180 xxiv

203 1227 287 1254 xxv

188 1284 286 1327 xxvi

275 1480 285 1522 i

260 1626 286 1668 i}

242 1698 287 1741 iii

295 1171 303 1180 .
331 1139 404 1182 De
427 1139 721 1194 ponderibus.

292 1246 300 1255 .
329 1213 401 1254 De
425 1212 662 1255 mensuris.

295 1318 303 1327 .
331 1287 402 1327 De
426 1284 570 1339 signis
594 1285 865 1340 ponderum.

498 1401 636 1442 XVII

292 1511 302 1522 .
329 1481 399 1522 De
429 1479 695 1522 auctoribus
726 1493 875 1523 rerum
912 1494 983 1522 ru·
1027 1507 1029 1533 ζ

386 1552 619 1596 sticarum.

294 1660 302 1669 .
331 1627 402 1669 De
425 1628 603 1669 cultura
625 1640 852 1681 agrorum.

293 1734 302 1743 .
328 1701 400 1742 De
423 1699 677 1742 frumentis.

246 1771 302 1814 iv,
329 1772 401 1815 De
424 1771 746 1826 leguminibus.

259 1860 284 1886 V

291 1877 300 1887 .
328 1846 400 1889 De
422 1844 603 1889 vitibus.

247 1918 307 1963 vi.
333 1920 405 1962 De
427 1918 684 1962 arboribus.

226 1991 300 2035 vii.
328 1993 400 2035 De
459 1991 657 2048 propriis
716 1991 982 2036 nominibus
1023 1978 1026 2031 l

210 2137 298 2181 viii.
325 2138 397 2180 De
420 2137 660 2180 arboribus
683 2138 962 2181 aromaticis.
1023 2126 1025 2129 ¹

200 2244 202 2249 ,
244 2210 297 2253 ix.
325 2212 396 2254 De
419 2210 574 2253 herbis
598 2210 864 2255 aromaticis
888 2211 981 2254 sive

385 2066 614 2109 arborum.

387 2283 726 2326 communibus.

268 2372 306 2399 x.
333 2358 405 2399 De
428 2356 643 2399 oleribus.

250 2430 305 2473 xi.
332 2430 405 2472 De
429 2429 636 2473 odoratis
659 2429 875 2473 oleribus.

272 2618 284 2660 i

256 2691 303 2736 ii.
326 2693 400 2736 De
434 2691 752 2736 instrumentis
785 2690 976 2744 bellicis,
1021 2680 1024 2757 l

204 2852 277 2890 xii.

149 2905 272 2946 XVII

479 2538 644 2580 XVIII

291 2650 300 2660 .
326 2619 397 2661 De
419 2617 568 2663 belliS.

385 2764 588 2821 capitula
613 2765 706 2808 XII
729 2779 740 2808 :

303 2852 368 2891 De
389 2865 476 2891 var.
497 2851 677 2900 gemmis
699 2850 743 2888 K

309 2919 390 2945 non
430 2906 587 2945 contuli
615 2905 695 2943 BC

1257 278 1292 310 1.

1326 267 1383 309 de
1408 267 1564 322 signis.

1323 339 1382 382 cle
1403 340 1595 385 bucinis.

1330 413 1388 455 de
1411 413 1566 456 armis.

1251 424 1291 537 Ξ.
1325 485 1382 529 de
1403 485 1586 541 gladiis.

1259 568 1293 612 5.

1251 630 1279 673 6

1254 714 1277 755 7

1252 778 1276 819 8

1327 559 1384 602 de
1408 558 1570 602 hastis.

1285 664 1294 674 .
1327 631 1385 675 de
1408 632 1604 687 sagittis.

1283 737 1292 748 .
1326 703 1384 747 de
1407 705 1647 760 pharetris

1282 809 1290 819 .
1325 777 1382 819 de
1404 776 1571 821 fundis.

1252 861 1292 903 9.

1228 934 1292 965 10.

1226 1008 1291 1038 11.

1227 1081 1291 1112 12.

1030 1159 1031 1167 ¹
1107 1141 1165 1184 iii.
1191 1142 1264 1185 De
1286 1142 1395 1185 foro.

1326 850 1383 893 de
1406 850 1560 894 ariete.

1325 923 1383 966 de
1410 923 1597 980 clypeis.

1325 996 1382 1040 de
1406 996 1573 1040 loricis.

1326 1069 1383 1112 de
1405 1070 1563 1124 galeis.

1110 1214 1164 1256 iv.
1193 1216 1264 1257 De
1288 1215 1579 1270 spectaculis,
1603 1215 1807 1273 capitula
1832 1219 1899 1262 X:

1255 1300 1290 1331 Ι.

1251 1373 1290 1403 2.

1118 2113 1158 2139 v.
1186 2098 1258 2138 De

1247 2692 1286 2736 7.

1244 2754 1283 2797 8.

924 2850 1131 2888 xxi—xxv.
1153 2861 1233 2887 om.
1258 2847 1302 2885 I<

781 2905 805 2943 i.
846 2905 1155 2943 rusticanorum
1188 2901 1234 2940 K

1246 1521 1288 1920 wsswsm

1243 2255 1284 2650 9³1¹÷0⁴SQY⁴

1324 1288 1382 1331 de
1408 1289 1516 1331 ludo
1537 1289 1767 1344 gymnico.

1326 1362 1383 1405 de
1404 1361 1650 1416 generibus
1667 1364 1908 1419 gymnico-

1306 1449 1421 1478 rum.

1281 1541 1289 1550 .
1323 1509 1380 1551 de
1405 1509 1536 1551 Saltu.

1324 1581 1380 1624 de
1403 1595 1551 1624 cursu.

1321 1655 1379 1699 de
1402 1655 1538 1699 iactu.

1321 1729 1378 1772 de
1402 1728 1581 1773 virtute.

1322 1803 1380 1845 de
1404 1802 1670 1846 luctatione.

1279 1911 1287 1920 .
1322 1877 1378 1920 de
1401 1877 1648 1933 palaestra.

1247 1963 1286 2005 9.

1221 2036 1286 2067 10.

1320 1951 1377 1993 de
1401 1963 1562 2005 agone.

1320 2023 1378 2066 de
1400 2022 1645 2078 generibus
1669 2036 1888 2077 agonum.

1301 2097 1410 2138 ludo
1453 2095 1658 2149 circensi,
1703 2095 1904 2152 capitula

1304 2169 1419 2211 XV:

1321 2243 1376 2285 de
1400 2240 1520 2284 ludis
1543 2240 1842 2285 circensibus.

1320 2316 1377 2358 de
1401 2314 1536 2358 circo.

1276 2421 1285 2431 .
1319 2388 1376 2431 de
1398 2387 1684 2430 ornamentis
1707 2386 1828 2431 circi.

1319 2461 1376 2504 de
1398 2460 1568 2503 metris.

1319 2534 1376 2577 de
1399 2532 1614 2576 obelisco.

1319 2606 1376 2650 de
1399 2604 1675 2649 carceribus.

1320 2679 1378 2722 de
1401 2677 1587 2733 aurigis.

1316 2753 1373 2796 de
1396 2750 1646 2808 quadrigis.

1458 2847 1560 2885 xxii.
1598 2853 1748 2895 stagno
1787 2844 1898 2884 codd.

1317 2902 1356 2940 ii.
1380 2901 1554 2940 culturis
1582 2899 1619 2937 T
1703 2899 1852 2938 XVIII
1874 2901 1900 2938 i.

151 2960 215 2999 De
235 2960 356 3000 bellis
377 2966 420 3000 et
440 2960 662 3010 triumphis
685 2958 752 2997 K:
782 2958 806 2997 i.
831 2959 896 2996 De
917 2958 1049 2999 bellis.
1111 2957 1150 2996 ii.
1176 2957 1241 2994 De
1263 2956 1445 2994 triumfis
1473 2954 1510 2993 T
1578 2955 1616 2993 ii.
1639 2953 1752 3005 cap.]
1774 2966 1847 2993 era
1872 2953 1910 2992 T

149 3015 205 3066 (et
221 3015 279 3054 ita

307 3016 351 3054 in
371 3015 497 3066 seqq.)

149 3081 170 3118 7
210 3069 395 3117 auguriis
414 3068 454 3106 B

659 3013 714 3052 iii.
737 3026 817 3052 om.
841 3012 886 3050 K

1012 3026 1050 3052 v.
1073 3024 1097 3061 3
1128 3015 1378 3050 ornamento
1398 3009 1486 3047 ΒΚ

1647 3020 1671 3057 5
1700 3007 1838 3048 obolis
1858 3007 1904 3046 K
