2176 3424
461 138 1091 185 ETYMOLOGIARVM
1133 139 1259 184 LIB.
1301 138 1410 183 XV.
1450 135 1480 182 ii

99 285 128 315 a
161 266 362 315 circuitu
399 283 657 329 equorum,
694 284 753 316 eo
789 268 924 329 quod
961 266 1029 315 ibi
1066 266 1249 315 circum
1288 277 1442 314 metas
1480 268 1593 329 equi
1628 275 1837 314 currant.

101 349 370 397 Theatrum
405 358 571 397 autem
607 348 671 396 ab
709 350 991 412 spectaculo
1028 347 1352 407 nominatum,
1393 349 1485 397 ἀπὸ
1520 351 1601 411 τῆς
1638 349 1840 412 θεωρίας,
1862 362 1928 411 34

98 432 234 493 quod
259 432 308 479 in
328 448 387 480 eo
407 432 617 494 populus
643 440 775 479 stans
796 432 1007 493 desuper
1024 440 1172 494 atque
1199 439 1425 494 spectans
1454 431 1596 480 ludos
1617 430 1840 479 scenicos

97 514 522 575 contemplaretur.
584 511 1018 576 Amphitheatrum
1037 529 1151 561 vero
1169 522 1395 561 vocaturn
1414 513 1550 575 quod
1570 529 1627 561 ex
1643 512 1840 561 duobus
1864 528 1927 576 35

51 619 73 658 5
97 594 157 643 sit
194 593 392 643 theatris
422 593 751 657 conpositum.
824 596 955 643 Nam
992 595 1410 657 amphitheatrum
1441 595 1710 643 rotundum
1748 603 1835 653 est,

97 677 339 724 theatrum
367 692 480 724 vero
500 692 558 724 ex
584 675 750 725 medio
769 675 1187 739 amphitheatrum
1209 684 1298 737 est,
1315 676 1608 725 semicirculi
1634 678 1838 740 figuram

98 758 299 806 habens.
376 758 703 820 Labyrinthus
720 767 792 807 est
817 758 1057 822 perplexis
1078 757 1343 821 parietibus
1363 758 1659 819 aedificium,
1683 758 1841 822 qualis
1865 762 1934 820 36

99 849 171 888 est
195 841 328 902 apud
345 839 543 889 Cretam
559 856 588 887 a
606 841 831 888 Daedalo
851 842 1020 899 factus,
1043 839 1128 888 ubi
1148 839 1238 888 fuit
1260 839 1572 889 Minotaurus
1597 840 1815 890 inclusus
1828 859 1841 901 3

95 918 144 966 in
170 937 270 983 quo
296 920 335 969 si
361 922 468 983 quis
495 921 731 969 introierit
765 921 869 970 sine
901 923 1118 984 glomere
1148 921 1248 981 lini,
1276 921 1459 970 exitum
1493 921 1712 971 invenire
1737 940 1838 972 non

26 1023 73 1052 10
94 1002 235 1050 valet.
309 1001 463 1051 Cuius
493 1001 704 1051 aedificii
731 1002 839 1051 talis
865 1012 937 1052 est
963 1002 1083 1051 situs
1121 1012 1174 1051 ut
1204 1003 1537 1067 aperientibus
1563 1004 1690 1051 fores
1717 1001 1839 1050 toni-

96 1091 257 1131 truum
275 1082 405 1132 intus
431 1083 642 1132 terribile
666 1084 892 1133 audiatur
915 1103 923 1133 :
961 1086 1277 1134 descenditur
1297 1084 1517 1135 centenis
1543 1086 1667 1134 ultra
1684 1083 1839 1148 gradi-

93 1164 184 1213 bus
203 1183 215 1226 3
254 1164 384 1214 intus
411 1164 670 1214 simulacra
694 1175 742 1215 et
773 1165 1105 1215 monstrificae
1131 1168 1330 1231 effigies,
1355 1167 1406 1215 in
1435 1175 1595 1230 partes
1622 1167 1836 1216 diversas

93 1246 322 1295 transitus
347 1247 591 1296 innumeri
616 1264 702 1311 per
726 1249 972 1308 tenebras,
992 1258 1039 1297 et
1059 1258 1221 1298 cetera
1244 1251 1309 1299 ad
1327 1266 1537 1299 errorem
1564 1250 1837 1312 ingredien-

91 1326 213 1376 tium
240 1329 379 1388 facta‚
407 1328 473 1377 ita
498 1339 551 1377 ut
584 1331 647 1378 de
682 1329 896 1379 tenebris
929 1329 1031 1379 eius
1065 1332 1129 1379 ad
1159 1332 1321 1380 lucem
1347 1331 1513 1380 venire
1547 1331 1837 1394 inpossibile

10 1432 65 1472 ·15
90 1408 334 1458 videatur.r
396 1413 644 1472 Quattuor
660 1422 773 1459 sunt
790 1409 1003 1478 [autern]
1026 1411 1286 1474 labyrinthi
1300 1431 1311 1472 3
1348 1412 1532 1475 primus
1549 1411 1838 1476 Aegyptius,

91 1493 338 1540 secundus
360 1491 596 1553 Creticus,
626 1493 794 1542 tertius
832 1494 881 1540 in
910 1495 1119 1553 Lemno,
1144 1504 1344 1556 quartus
1371 1494 1421 1542 in
1450 1495 1591 1542 Italia
1612 1513 1624 1555 3
1662 1510 1835 1542 omnes

90 1571 155 1620 ita
191 1573 458 1622 constructi
496 1584 547 1623 ut
585 1576 851 1623 dissolvere
895 1592 978 1623 eos
1019 1592 1112 1623 nec
1155 1578 1350 1624 saecula
1387 1575 1590 1638 quidem
1627 1575 1832 1639 possint.

90 1656 268 1702 Farum
295 1654 435 1704 turris
469 1666 541 1705 est
568 1658 780 1704 maxima
806 1674 955 1719 quam
990 1656 1167 1706 Graeci
1201 1674 1258 1706 ac
1297 1657 1459 1706 Latini
1490 1657 1539 1705 in
1565 1674 1834 1706 commune
1858 1673 1920 1722 37

89 1752 148 1783 ex
171 1735 323 1798 ipsius
358 1736 424 1786 rei
454 1754 544 1786 usu
570 1739 726 1786 farum
756 1740 1137 1801 appellaverunt,
1167 1756 1226 1788 eo
1260 1741 1397 1802 quod
1427 1741 1737 1789 flammarum
1767 1739 1835 1788 in-

0 1839 66 1868 ²20
89 1816 221 1866 dicio
245 1819 390 1882 longe
424 1819 644 1868 videatur
675 1838 703 1868 a
732 1820 1090 1884 navigantibus,
1119 1823 1315 1885 qualem
1350 1824 1668 1872 Ptolomaeus
1703 1824 1836 1871 iuxta

90 1900 437 1949 Alexandriam
476 1902 804 1952 construxisse
841 1904 1136 1967 octingentis
1175 1904 1370 1953 talentis
1410 1906 1628 1954 traditur.
1702 1908 1834 1953 Vsus

88 1982 191 2030 eius
208 1992 281 2030 est
295 1994 538 2031 nocturno
556 1984 753 2032 navium
774 2002 918 2033 cursu
938 1985 1073 2048 ignes
1089 1988 1364 2045 ostendere,
1383 1989 1446 2035 ad
1466 1986 1832 2050 pronuntianda

86 2065 210 2112 vada
249 2074 516 2128 portusque
563 2065 802 2127 introitus,
846 2084 910 2115 ne
949 2068 1145 2131 decepti
1184 2068 1398 2117 tenebris
1445 2069 1731 2132 navigantes
1780 2069 1830 2117 in

85 2147 315 2208 scopulos
342 2145 593 2208 incidant3
646 2165 760 2196 nam
786 2150 1084 2198 Alexandria
1108 2149 1362 2198 fallacibus
1398 2150 1534 2206 vadis
1564 2150 1829 2200 insidiosos

0 2247 62 2288 ⁵²5
85 2243 310 2276 accessus
352 2228 515 2277 habet.
590 2229 726 2278 Hinc
769 2229 912 2293 igitur
947 2230 998 2278 in
1034 2232 1274 2294 portubus
1313 2231 1567 2280 machinas
1603 2234 1667 2282 ad
1698 2249 1831 2295 prae·

0 2460 43 2609 ᾗ.

84 2309 283 2358 lucendi
320 2309 643 2359 ministerium
681 2312 938 2361 fabricatas
972 2314 1152 2376 pharos
1189 2316 1376 2363 dicunt.
1450 2317 1581 2363 Nam
1619 2320 1719 2377 φῶς
1747 2318 1829 2363 lux

84 2400 168 2450 est,
198 2394 303 2455 ὅρος
331 2391 453 2440 visio
483 2391 671 2441 dicitur.
745 2395 892 2443 Vnde
930 2403 977 2443 et
1013 2397 1208 2444 Lucifer
1238 2397 1426 2446 Graece
1455 2399 1716 2460 Φωσφόρος
1747 2414 1827 2460 ap-

137 2533 161 2558 2
191 2522 467 2571 expectaculo
487 2522 530 2560 Κ
618 2521 695 2560 ἀπὸ
713 2523 784 2572 τῆς
804 2526 860 2563 θε.
884 2537 967 2564 om.
989 2525 1035 2562 K
1141 2538 1166 2573 3
1197 2539 1266 2575 qu.
1289 2539 1343 2564 ex
1364 2540 1414 2566 eo
1437 2527 1592 2577 popolo
1614 2526 1660 2563 K
1767 2534 1820 2567 at.

83 2582 360 2626 prospectans
387 2575 433 2613 K
611 2579 637 2614 6
669 2577 906 2630 theatrum]
935 2580 1100 2617 theatro
1129 2578 1175 2616 K
1355 2583 1464 2622 med.
1497 2582 1718 2621 anfiteatro
1755 2581 1828 2622 TC

81 2630 345 2670 semicirculo
368 2632 501 2682 figura
523 2631 568 2669 K
718 2646 739 2682 7
776 2633 1059 2672 Laberinthus
1082 2634 1206 2687 <-tus)
1230 2634 1340 2675 codd.
1363 2637 1504 2687 <dmm
1520 2636 1580 2689 D)
1722 2649 1821 2675 con-

84 2685 220 2734 plexis
241 2684 288 2722 K
306 2688 405 2736 (non
426 2686 488 2736 D)
641 2688 665 2724 8
696 2689 747 2725 ad
768 2687 866 2726 italo
888 2688 964 2727 fac.
987 2687 1032 2724 K
1178 2703 1204 2739 9
1234 2689 1425 2730 introerit
1444 2691 1490 2729 K
1637 2691 1676 2732 li.
1700 2692 1819 2729 exire

82 2750 165 2778 non
187 2738 232 2776 K
249 2746 351 2788 (non
373 2740 433 2793 D)
569 2753 611 2777 11
644 2741 772 2794 intus]
792 2742 835 2780 in
858 2742 909 2781 Cl
1045 2743 1294 2783 discinditur
1313 2745 1359 2783 K
1496 2758 1545 2794 13
1575 2751 1659 2785 ten.
1683 2751 1764 2785 cet..
1789 2746 1824 2784 C

87 2805 134 2842 14
153 2795 242 2844 inp.
259 2807 356 2834 esse
369 2795 418 2833 vi.
439 2795 475 2834 C
549 2806 596 2843 15
627 2802 723 2834 sunt
738 2810 804 2837 au.
826 2797 929 2835 BC:
958 2811 1022 2837 au.
1041 2805 1138 2837 sunt
1153 2799 1222 2837 K:
1251 2805 1349 2838 sunt
1370 2798 1408 2838 T
1481 2801 1709 2839 laberinthi
1730 2801 1816 2853 (-ti)

84 2847 191 2887 codd.
308 2853 357 2888 16
386 2849 555 2889 tertium
581 2849 629 2888 C¹
743 2863 789 2899 17
820 2852 920 2904 nec]
943 2865 998 2891 ne
1030 2851 1088 2891 T:
1116 2865 1195 2892 nec
1216 2854 1298 2893 ulla
1321 2853 1356 2893 C
1467 2856 1515 2893 18
1543 2856 1604 2896 zze.
1631 2855 1817 2893 Pharum

87 2913 135 2953 19
162 2915 264 2943 usus
283 2903 325 2942 B
495 2917 546 2942 22
577 2904 629 2944 ei.
654 2910 696 2943 et
715 2918 805 2945 noc.
834 2905 891 2945 T:
922 2907 973 2946 ei.
996 2920 1092 2946 noc.
1114 2913 1180 2946 est
1197 2907 1286 2946 ΒΚ
1458 2911 1626 2948 navium
1646 2909 1757 2949 codd.
1775 2909 1818 2948 in

84 2953 180 2996 XX.
202 2970 241 2998 x,
269 2971 345 2998 10:
377 2959 585 3009 navigium
605 2958 708 2999 BT:
739 2961 1028 3010 navigantium
1050 2962 1108 3001 C:
1138 2963 1430 3003 navicantibus
1458 2963 1495 3001 T
1683 2978 1734 3014 23
1764 2977 1817 3003 ne

83 3011 193 3050 decti
221 3011 272 3050 Τι
429 3027 480 3063 24
511 3015 711 3053 incedant
730 3013 776 3053 K
929 3016 1172 3055 fallentibus
1193 3015 1239 3054 K
1399 3031 1450 3067 25
1482 3019 1674 3068 portibus
1693 3019 1783 3060 dett.
1809 3033 1817 3058 :

83 3066 310 3114 porticibus
330 3067 442 3108 codd.
554 3070 606 3107 26
635 3069 836 3108 fabricato
854 3069 895 3108 Β
