2176 3424
424 136 1055 185 ETYMOLOGIARVM
1098 137 1227 183 LIB.
1265 137 1403 183 XIX.
1446 134 1504 192 iv,
1533 153 1560 182 v

394 268 624 328 Tumque
661 283 821 314 remos
860 265 998 314 iussit
1035 265 1236 329 religare
1275 265 1502 329 struppis.

125 347 426 410 Catapirates
452 346 581 396 linea
607 364 720 395 cum
756 363 917 396 massa
942 348 1190 410 plumbea,
1220 364 1318 410 qua
1348 348 1493 395 maris
1523 346 1734 395 altitudo
1760 355 1878 395 tem·
1903 359 1963 392 10

123 437 262 477 tatur.
338 427 555 477 Lucilius
583 428 629 492 (Ι
645 428 758 494 191)
781 449 788 478 :

325 512 479 559 Hunc
517 510 834 573 catapiratem
872 526 995 573 puer
1031 511 1210 559 eodem
1248 512 1451 560 devoret
1489 519 1695 559 unctum

72 614 94 654 5
322 591 513 655 plumbi
551 591 817 655 paucillum
856 593 1007 640 rudus
1044 591 1260 654 lineique
1298 601 1556 640 mataxam.

259 675 340 720 DE
378 688 608 721 RETIBvs.
685 675 836 722 Retes
879 682 1084 722 vocatae
1128 673 1229 722 sive
1266 690 1294 721 a
1331 673 1600 722 retinendis
1641 672 1873 736 piscibus,
1899 674 1937 712 V

122 754 222 802 sive
247 772 275 802 a
291 754 499 804 restibus
520 754 700 817 quibus
718 756 1003 803 tenduntur.
1068 754 1238 805 Minus
1254 763 1419 803 autem
1438 764 1540 803 rete
1566 754 1875 818 synplagium

121 835 299 884 dicitur
323 853 350 884 a
369 835 522 899 plagis
542 854 554 895 3
591 853 704 884 nam
726 835 920 899 proprie
945 838 1111 899 plagas
1132 836 1228 884 dici
1255 838 1397 885 funes
1423 836 1532 884 illos
1558 835 1738 898 quibus
1759 835 1879 884 retia

122 919 391 967 tenduntur
427 917 554 965 circa
592 919 740 965 imam
780 927 826 966 et
861 934 1106 966 summam
1139 928 1343 981 partem.
1419 919 1595 966 Funda
1625 935 1779 981 genus
1806 927 1879 966 est
1903 925 1932 959 2

53 1018 101 1047 10
122 995 411 1058 piscatoriae
435 995 563 1055 retis,
592 997 722 1044 dicta
749 996 811 1044 ab
846 1013 905 1045 eo
931 997 1066 1058 quod
1103 995 1153 1043 in
1180 998 1389 1045 fundum
1426 997 1657 1045 mittatur.
1733 997 1875 1045 Idem

122 1077 269 1125 etiam
295 1094 324 1125 a
348 1077 579 1126 iactando
604 1076 818 1125 iaculum
845 1078 1036 1126 dicitur.
1114 1079 1316 1126 Plautus
1346 1078 1482 1142 (frag.
1517 1092 1571 1139 17
1581 1076 1631 1141 5)
1656 1097 1664 1126 z

459 1160 651 1207 Probus
689 1158 890 1222 quidem
929 1169 1075 1208 antea
1112 1161 1347 1208 iaculator
1385 1177 1502 1208 eras.

123 1241 337 1303 Tragum
375 1257 529 1303 genus
564 1240 677 1289 retis
715 1240 778 1288 ab
814 1257 891 1300 eo,
918 1242 1054 1303 quod
1084 1241 1301 1301 trahitur,
1331 1250 1687 1304 nuncupatum.
1764 1244 1879 1304 Ipsa
1904 1258 1933 1302 3

125 1331 197 1370 est
233 1332 280 1370 et
316 1321 639 1382 verriculum3
689 1339 876 1371 verrere
914 1322 1044 1371 enim
1080 1325 1269 1372 trahere
1300 1333 1387 1372 est.
1461 1326 1634 1372 Nassa.
1710 1323 1875 1373 Cassis
1897 1337 1930 1383 4

52 1425 99 1466 15
123 1420 277 1466 genus
303 1405 581 1452 venatoriae
616 1403 742 1463 retis,
772 1405 908 1466 quod
934 1403 1106 1467 capiat.
1184 1404 1321 1453 Hinc
1347 1414 1418 1453 est
1453 1406 1589 1468 quod
1628 1405 1875 1454 incassum

124 1484 347 1544 dicimus,
387 1484 436 1533 id
475 1495 547 1533 est
585 1485 688 1534 sine
726 1502 871 1534 causa
891 1504 902 1545 3
952 1488 1090 1548 quasi
1135 1486 1239 1535 sine
1282 1487 1515 1546 cassibus,
1556 1486 1660 1536 sine
1697 1486 1877 1549 quibus

123 1566 318 1615 venatio
342 1566 500 1615 inanis
527 1576 612 1615 est.
689 1567 972 1632 Conopium
999 1568 1119 1616 retia
1145 1586 1242 1631 qua
1267 1568 1448 1617 culices
1475 1570 1803 1618 excluduntur
1828 1568 1878 1616 in
1902 1576 1932 1623 5

125 1649 330 1696 modum
362 1648 558 1696 tentorii
577 1666 589 1709 3
640 1666 739 1711 quo
775 1648 928 1712 magis
965 1649 1287 1698 Alexandrini
1318 1659 1535 1710 utuntur,
1566 1650 1681 1713 quia
1718 1650 1786 1698 ibi
1821 1668 1877 1698 ex

126 1728 244 1777 Nilo
282 1729 462 1778 culices
500 1729 688 1793 copiosi
727 1740 1007 1780 nascuntur.
1081 1733 1229 1780 Vnde
1267 1742 1313 1780 et
1351 1749 1631 1794 conopeum
1669 1731 1878 1792 dicitu13

54 1831 105 1859 20
126 1827 239 1859 nam
267 1811 503 1874 Canopea
528 1814 780 1874 Aegyptus
806 1822 891 1861 est.

185 1955 200 1979 1
235 1947 408 1992 tumque
428 1941 734 1980 BDEFKMN
749 1941 882 1980 Mon.:
912 1948 1097 1991 tuncque
1127 1941 1248 1979 TUV
1438 1955 1578 1982 remus
1600 1942 1882 1982 DE1KMNP

129 1997 230 2039 (non
250 1996 309 2045 F)
451 1996 524 2035 rel.
546 1995 841 2034 BDEFKNP
853 1996 991 2036 Mon.:
1022 1997 1101 2035 del.
1133 1995 1274 2035 TUV:
1305 1996 1449 2046 legare
1471 1996 1524 2034 M
1720 1999 1877 2048 strupis

127 2050 262 2088 KMP
280 2051 411 2090 Mon.1
437 2053 536 2097 (non
558 2050 835 2100 NDEFUV)
975 2064 999 2088 2
1030 2051 1294 2099 Catapirates
1322 2050 1464 2090 TUV:
1495 2052 1788 2102 Catapiorates
1810 2053 1874 2092 B:

128 2106 406 2144 Catafiorates
426 2104 535 2144 FM:
567 2105 854 2144 Catasiorates
875 2104 982 2144 KP:
1013 2105 1344 2145 Catamsiorates
1363 2105 1416 2145 N.
1434 2106 1549 2145 Illud
1564 2107 1691 2157 -pior-
1705 2108 1764 2146 ad
1776 2108 1877 2157 -pir-

126 2173 222 2198 corr.
247 2159 315 2209 (ex
332 2159 358 2199 l.
382 2161 424 2208 4)
449 2172 564 2208 ·por-
587 2159 839 2210 referendum
862 2159 1025 2198 videtur
1131 2173 1255 2209 quam
1277 2160 1405 2198 KNP
1544 2175 1569 2211 3
1600 2162 1780 2201 lucidius
1806 2162 1886 2200 TV

126 2228 150 2263 4
181 2215 291 2252 hunc
313 2213 466 2252 KUV:
499 2216 611 2253 hunc
632 2228 688 2252 an
709 2215 813 2252 hanc
835 2214 970 2254 incert.
1002 2215 1063 2253 T:
1093 2214 1202 2253 hanc
1223 2214 1521 2253 BDEFMNP
1709 2224 1877 2266 catapo-

129 2274 260 2308 ratem
281 2268 513 2307 DETUV:
543 2274 804 2319 cataportem
826 2268 1023 2307 FKMN:
1056 2275 1346 2318 cantaportem
1367 2269 1422 2307 131
1653 2273 1773 2320 pueri
1795 2271 1880 2309 DE

128 2325 230 2374 (non
249 2323 304 2371 F)
525 2324 840 2362 devoretactum
864 2324 1088 2362 Caesenas:
1121 2324 1285 2362 deforet
1306 2331 1476 2362 unctum
1500 2324 1684 2364 FKPT:
1713 2326 1877 2364 desorte

129 2379 305 2417 tinctum
326 2378 366 2415 Β
387 2392 395 2416 :
426 2378 590 2416 deforet
609 2378 766 2415 victum
786 2378 854 2416 N:
885 2378 1031 2416 defore
1058 2378 1258 2416 hunctum
1285 2378 1343 2416 V:
1377 2380 1428 2417 de
1456 2380 1546 2418 foro
1568 2381 1680 2418 hunc
1709 2387 1795 2419 tum
1818 2381 1876 2420 U:

127 2432 274 2471 defore
297 2445 390 2470 eum
413 2432 514 2469 DE1
533 2434 617 2479 (de.
642 2438 727 2470 tum
749 2432 822 2482 E2)
841 2447 849 2471 :
879 2432 1042 2471 deseret
1064 2439 1234 2471 unctum
1256 2433 1307 2471 M
1326 2434 1391 2482 (cf.
1416 2433 1544 2474 Clas&
1570 2434 1718 2483 Quart.
1742 2447 1780 2484 5,
1803 2435 1875 2485 97)

128 2499 151 2535 5
183 2487 409 2536 paucillum
439 2486 841 2525 BDEFMNPTV:
879 2487 1089 2535 paucilum
1116 2487 1177 2526 U:
1219 2488 1451 2537 pauxillum
1483 2488 1528 2525 K
1556 2490 1666 2540 (leste
1695 2489 1878 2540 Kleim'o)

130 2542 246 2580 rudis
285 2541 321 2579 T
344 2546 437 2580 ante
466 2555 565 2581 corr.
603 2542 642 2580 U
669 2547 764 2579 ante
791 2554 889 2581 corr.
927 2543 1030 2592 (non
1069 2541 1321 2580 VDEMNP
1346 2542 1482 2595 Mon.)
1706 2545 1878 2593 lineque

127 2595 449 2635 FKMNPUV:
479 2596 638 2645 linique
652 2595 821 2633 BDET
954 2602 1123 2634 mataxa
1147 2596 1287 2636 TUV:
1318 2602 1530 2635 mataxum
1546 2597 1623 2638 M:
1653 2611 1878 2637 maxaxum

129 2650 197 2689 N:
227 2656 479 2688 mactacsum
499 2650 564 2689 P:
595 2656 782 2689 metaxat
802 2650 917 2688 Mon.
941 2651 1043 2701 <non
1063 2650 1206 2700 DEF)
1392 2665 1413 2700 7
1446 2653 1632 2691 minores
1651 2667 1716 2692 au.
1742 2659 1879 2692 restes

130 2705 359 2755 inplagium
380 2706 578 2744 dicuntur
594 2704 685 2742 KN
835 2706 860 2742 8
891 2718 914 2743 a
935 2705 1088 2754 plagiis
1108 2705 1258 2743 B1KN
1404 2720 1430 2756 9
1462 2707 1608 2746 Funda
1632 2720 1705 2746 cus
1727 2714 1791 2746 est
1811 2707 1874 2748 K:

133 2759 360 2808 Fundagus
381 2766 445 2797 est
464 2759 510 2796 N
661 2771 711 2797 ιο
741 2759 965 2808 piscatoria
986 2759 1032 2796 K
1152 2760 1250 2798 item
1273 2759 1319 2798 K
1470 2775 1484 2799 1
1498 2774 1514 2798 ι
1547 2763 1737 2811 plaustus
1755 2761 1875 2801 B1F:

132 2814 296 2862 plustus
316 2813 418 2851 DE¹
552 2827 594 2851 12
626 2814 781 2862 probus
800 2813 1111 2852 BDEFTUV:
1141 2827 1217 2863 pro
1239 2814 1391 2864 quibus
1412 2814 1591 2853 KMNP
1708 2817 1876 2865 quidam

132 2867 428 2906 DEFKMNP
440 2867 575 2908 Mon.:
605 2868 675 2917 qui
697 2869 750 2906 de
774 2868 840 2907 U:
869 2868 970 2917 quid
997 2867 1069 2906 TV
1258 2875 1346 2908 erat
1361 2867 1421 2907 D1
1445 2872 1549 2922 (non
1569 2869 1878 2919 EFMNPUV)

139 2935 186 2971 13
214 2922 364 2974 nunc.]
403 2935 514 2961 nunc
553 2929 804 2972 occupatum
853 2922 890 2960 T
1087 2923 1179 2972 ipse
1218 2923 1307 2961 KN
1538 2937 1583 2973 14
1614 2931 1679 2964 est
1716 2938 1801 2964 om.
1849 2925 1886 2963 T

134 2989 255 3016 verre
274 2977 386 3016 enim
417 2976 454 3014 T
601 2989 649 3026 15
679 2978 791 3026 quod
808 2983 849 3015 et
871 2977 951 3016 inc.
976 2978 1017 3015 Β
1185 2980 1233 3016 18
1262 2977 1490 3017 temtatorii
1520 2978 1575 3016 T:
1608 2980 1772 3018 testorii
1793 2979 1883 3018 KN

135 3045 217 3081 qua
255 3044 333 3071 ma.
372 3030 457 3069 BT
585 3031 852 3071 alaxandrini
892 3031 929 3069 T
1060 3032 1156 3080 quia
1196 3045 1278 3073 om.
1320 3031 1409 3072 KN
1598 3046 1647 3084 19
1676 3035 1807 3074 nihilo
1840 3034 1881 3073 Β

137 3099 189 3125 20
218 3098 312 3124 nam
335 3099 520 3135 canopae
541 3085 582 3122 Β
603 3100 611 3124 1
642 3099 735 3124 narn
759 3099 922 3136 canope
939 3085 984 3123 K
