2176 3424
442 149 1071 198 ETYMOLOGIARVM
1113 150 1242 197 LIB.
1282 153 1403 197 XII.
1444 168 1485 210 v,
1525 151 1570 198 vi

137 275 491 340 hippopotami,
510 279 606 326 hoc
630 287 704 327 est
728 278 843 342 equi
859 277 1093 327 fluviales.
1169 278 1437 328 Pecoribus
1458 289 1625 329 autem
1645 289 1694 328 et
1713 279 1882 329 bestiis
1905 293 1938 339 4

135 367 182 406 et
208 358 486 407 volatilibus
505 369 650 409 antea
671 359 897 409 homines
915 359 1118 408 nomina
1137 359 1461 424 inposuerunt
1478 378 1628 424 quam
1646 361 1879 424 piscibus,

135 441 250 501 quia
274 440 405 503 prius
430 442 532 490 visa
558 450 606 490 et
631 443 828 505 cognita
852 451 982 490 sunt.
1056 441 1272 490 Piscium
1299 459 1413 492 vero
1440 452 1612 506 postea
1645 442 1882 506 paulatim

134 521 641 585 cognitis'generibus
680 522 883 572 nomina
922 523 1144 572 instituta
1187 533 1301 572 sunt
1339 533 1424 573 aut
1465 542 1523 573 ex
1562 524 1884 574 similitudine

86 629 109 669 5
134 605 430 652 terrestrium
455 604 758 664 animalium,
785 615 869 654 aut
895 622 953 654 ex
978 607 1142 669 specie
1168 605 1361 669 propria
1389 608 1490 656 sive
1515 607 1736 656 moribus
1775 604 1882 672 [seu

134 687 309 746 colore,
339 688 416 734 vel
452 688 617 749 figura,
645 696 729 735 aut
758 684 913 752 sexu}
988 689 1062 734 Ex
1099 686 1420 737 similitudine
1458 688 1759 737 terrestrium
1785 707 1794 736 :
1831 699 1884 737 ut
1908 707 1938 753 5

133 784 279 816 ranae
304 777 351 817 et
376 767 514 816 vituli
540 777 588 817 et
613 770 782 818 leones
809 778 856 817 et
882 768 1006 832 nigri
1032 771 1206 818 meruli
1244 779 1291 818 et
1328 770 1441 833 pavi
1480 770 1675 820 diverso
1701 772 1880 831 colore,

133 851 281 899 dorso
307 860 354 899 et
379 851 507 899 collo
527 849 659 912 picti,
688 860 736 899 et
761 852 889 899 turdi
915 851 1030 899 albo
1056 850 1189 909 varii,
1219 860 1266 900 et
1293 861 1454 901 cetera
1480 869 1607 916 quae
1634 853 1725 901 sibi
1753 854 1885 900 iuxta

134 934 320 996 species
346 931 645 981 terrestrium
672 931 960 980 animalium
980 932 1184 982 nomina
1200 932 1587 983 vindicaverunt.
1638 937 1713 982 Ex
1739 935 1885 983 mori-

63 1034 111 1063 10
134 1015 224 1063 bus
251 1013 548 1063 terrestrium
574 1033 582 1062 :
622 1024 674 1062 ut
694 1031 842 1063 canes
868 1014 918 1062 in
947 1014 1066 1062 mari
1091 1031 1120 1062 a
1145 1014 1348 1064 terrenis
1366 1016 1572 1065 canibus
1594 1016 1880 1079 nuncupati,

132 1098 267 1159 quod
294 1098 587 1156 mordeant3
625 1105 671 1144 et
708 1098 823 1160 lupi,
853 1098 989 1159 quod
1027 1097 1236 1159 inproba
1264 1099 1530 1146 voracitate
1566 1098 1689 1147 alios
1726 1114 1885 1160 perse-

133 1188 358 1241 quantur.
431 1180 477 1226 A
502 1179 700 1226 colore:
738 1188 790 1226 ut
818 1179 1035 1239 umbrae,
1066 1180 1180 1241 quia
1207 1180 1373 1227 colore
1410 1180 1617 1230 umbrae
1654 1190 1799 1241 sunt3
1837 1190 1885 1229 et
1909 1185 1944 1231 6

132 1270 340 1319 auratae,
370 1261 484 1322 quia
503 1259 553 1307 in
576 1261 735 1323 capite
761 1259 864 1308 auri
890 1262 1108 1309 colorem
1129 1260 1314 1309 habent
1335 1280 1348 1322 3
1385 1271 1432 1310 et
1453 1261 1569 1310 varii
1586 1279 1615 1310 a
1635 1263 1880 1322 varietate,

132 1358 256 1403 quos
282 1343 426 1404 vulgo
452 1351 634 1390 tructas
660 1351 852 1390 vocant.
927 1344 973 1390 A
1000 1344 1179 1405 figura:
1218 1352 1272 1391 ut
1311 1343 1458 1404 orbis,
1488 1345 1603 1407 quia
1641 1345 1883 1393 rotundus

43 1428 107 1491 515
132 1434 204 1472 est
229 1433 462 1486 totusque
487 1423 537 1471 in
565 1423 724 1487 capite
751 1432 945 1473 constat
967 1442 980 1484 3
1018 1434 1069 1473 ut
1097 1426 1243 1485 solea,
1274 1427 1410 1488 quod
1438 1425 1499 1473 sit
1526 1428 1678 1475 instar
1713 1426 1883 1475 calcia-

135 1514 414 1554 mentorum
455 1505 618 1554 soleis.
691 1508 737 1553 A
780 1523 896 1554 sexu
922 1525 931 1553 1
969 1515 1022 1553 ut
1066 1508 1332 1566 musculus,
1376 1509 1512 1569 quod
1555 1509 1616 1556 sit
1660 1509 1884 1558 ballenae

134 1589 378 1636 masculus
398 1605 411 1648 3
448 1587 552 1636 eius
579 1587 711 1636 enim
749 1589 882 1636 coitu
921 1587 1182 1651 concipere
1220 1589 1342 1637 haec
1382 1589 1547 1637 bellua
1583 1589 1880 1653 perhibetur.

137 1671 270 1716 Hinc
295 1677 344 1717 et
368 1669 579 1717 musculi
615 1671 908 1729 coclearum,
938 1686 1149 1732 quorum
1187 1671 1312 1718 lacte
1349 1672 1638 1734 concipiunt
1677 1681 1883 1721 ostreae.

136 1752 367 1799 Ballenae
391 1759 558 1799 autem
586 1760 699 1799 sunt
724 1750 980 1799 inmensae
1018 1750 1373 1815 magnitudinis
1411 1752 1616 1815 bestiae,
1642 1754 1705 1802 ab
1744 1757 1883 1804 emit·
1908 1770 1936 1820 7

59 1858 111 1887 20
134 1833 285 1881 tendo
324 1842 372 1881 et
410 1833 667 1881 fundendo
705 1849 858 1896 aquas
894 1842 1098 1882 vocatae
1118 1852 1130 1893 3
1165 1835 1338 1882 ceteris
1373 1833 1506 1883 enim
1541 1834 1710 1884 bestiis
1738 1838 1883 1885 maris

130 1915 274 1961 altius
318 1914 502 1961 iaciunt
545 1915 733 1975 undas3
770 1916 977 1977 βάλλειν
1015 1914 1147 1963 enim
1191 1917 1380 1964 Graece
1423 1918 1647 1966 emittere
1689 1917 1879 1967 dicitur.

132 1995 254 2044 Ccte
280 1994 412 2044 dicta
435 1997 488 2044 τὸ
515 2000 651 2059 κῆτος
676 1998 751 2045 καὶ
775 2000 836 2045 τὰ
861 1998 990 2060 κήτη,
1013 1998 1110 2046 hoc
1136 2006 1209 2046 est
1236 1998 1301 2047 ob
1329 2000 1685 2048 inmanitatem.
1760 2003 1884 2049 Sunt
1908 2008 1937 2055 8

134 2076 266 2125 enim
293 2079 511 2140 ingentia
535 2095 713 2140 genera
739 2078 996 2127 beluarum
1036 2089 1083 2127 et
1119 2081 1344 2142 aequalia
1376 2082 1621 2129 montium
1647 2099 1854 2146 corpora
1871 2102 1886 2144 3

0 2152 54 2227 ’ξι
134 2160 290 2221 qualis
328 2168 466 2208 cetus
505 2162 696 2224 excepit
738 2162 929 2220 Ionam,
972 2160 1110 2209 cuius
1150 2163 1286 2210 alvus
1326 2172 1492 2211 tantae
1529 2163 1883 2227 magnitudinis

63 2265 109 2306 25
133 2239 222 2288 fuit
259 2250 312 2288 ut
343 2243 495 2290 instar
533 2242 778 2292 obtineret
812 2242 1002 2303 inferni,
1039 2242 1236 2292 dicente
1275 2246 1524 2308 Propheta
1550 2245 1619 2310 (2,
1638 2247 1686 2311 3)
1714 2266 1722 2294 z
1765 2250 1882 2295 ‘Ex-

132 2321 319 2371 audivit
343 2339 424 2372 me
450 2325 512 2372 de
538 2334 707 2373 ventre
732 2325 940 2374 inferni.'
1017 2324 1147 2388 Equi
1174 2325 1367 2387 marini,
1393 2328 1531 2389 quod
1564 2328 1721 2391 prima
1746 2338 1882 2392 parte
1909 2355 1943 2401 9

133 2405 246 2466 equi
283 2414 410 2465 sunt,
441 2414 688 2468 postrema
726 2408 982 2455 solvuntur
1013 2407 1062 2453 in
1096 2408 1300 2469 piscem.
1373 2410 1533 2457 Bocas
1570 2411 1742 2458 dicunt
1776 2428 1883 2460 esse

133 2486 284 2535 boves
325 2490 553 2548 marinos,
595 2488 735 2551 quasi
778 2489 973 2538 boacas.
1070 2490 1295 2538 Caerulei
1338 2507 1367 2538 a
1408 2493 1573 2540 colore
1614 2493 1846 2556 appellati
1869 2513 1881 2555 3
1905 2507 1963 2541 10

187 2622 210 2646 2
241 2610 450 2650 volatibus
469 2610 556 2648 ΒΚ
692 2618 790 2652 ante
811 2612 858 2650 K
1019 2624 1044 2660 4
1076 2611 1282 2660 cognities
1297 2612 1344 2650 K
1478 2613 1600 2665 inst.]
1624 2615 1821 2665 imposita
1840 2617 1880 2654 Β

8 2666 17 2667 ”
51 2671 68 2728 3
131 2665 222 2715 aut]
241 2665 323 2703 alia
342 2664 456 2704 KO:
487 2673 532 2705 ut
561 2667 598 2705 T
758 2678 782 2716 5
813 2667 905 2718 aut]
927 2666 1009 2704 alia
1029 2665 1113 2704 ΚΟ
1236 2680 1292 2704 ex
1307 2680 1388 2705 om.
1421 2668 1458 2706 T
1565 2682 1640 2708 seu
1665 2699 1673 2709 .
1697 2700 1706 2709 .
1734 2699 1744 2709 .
1768 2684 1878 2709 sexu

11 2736 14 2737 ⁷
46 2725 65 2755 λ’
133 2719 223 2757 hab.
252 2719 399 2758 TUX:
420 2734 501 2760 om.
521 2721 682 2760 BCKO
794 2734 815 2770 7
849 2734 990 2760 ramae
1010 2719 1081 2758 K:
1111 2733 1240 2759 arene
1258 2735 1356 2761 corr.
1372 2734 1499 2762 arane
1520 2724 1613 2775 T(z'.
1628 2738 1658 2763 e.
1674 2726 1877 2778 araneae)

133 2773 262 2824 nigri]
293 2774 389 2824 tigri
423 2773 458 2813 C
566 2789 667 2814 mer.
697 2789 762 2825 pa.
796 2775 831 2814 C
993 2777 1018 2812 8
1048 2774 1177 2825 00110]
1210 2776 1349 2824 capilli
1388 2777 1425 2815 T
1529 2779 1609 2818 alb.
1646 2785 1689 2818 et
1719 2793 1804 2819 var.
1836 2781 1882 2818 K

133 2841 160 2878 9
178 2828 446 2868 vindicarunt
463 2830 508 2867 K
619 2843 668 2869 10
688 2830 959 2869 terrestribus
984 2829 1032 2868 Cl
1147 2841 1191 2867 11
1216 2831 1313 2879 quia
1327 2831 1413 2882 inp.
1429 2831 1487 2869 ΒῙ
1602 2846 1650 2871 12
1682 2834 1747 2884 ut]
1769 2840 1812 2872 et
1834 2833 1880 2872 K

138 2894 185 2932 15
215 2889 414 2922 constant
437 2884 471 2923 C
604 2886 713 2934 quod
734 2885 770 2923 si
790 2885 836 2922 K
970 2884 1068 2923 calc.
1090 2898 1114 2922 a
1143 2885 1259 2923 soliis
1282 2885 1399 2938 (-le-)
1421 2887 1501 2927 BC
1667 2891 1717 2926 16
1746 2889 1876 2928 soleis

131 2949 183 2975 ex
199 2937 406 2978 solensK
544 2953 590 2989 17
623 2940 716 2979 eius
749 2952 831 2979 om.
854 2940 900 2978 K
1047 2939 1095 2976 18
1126 2939 1299 2978 masculi
1334 2939 1384 2979 C1
1508 2942 1802 2994 concipiuntur
1833 2943 1880 2982 K

141 3004 190 3041 19
218 3004 252 3031 s.
287 3006 354 3033 au.
387 2994 422 3032 C
595 3008 648 3033 20
678 2995 880 3032 findendo
917 2993 954 3032 T
1124 3006 1172 3032 21
1205 2993 1400 3047 βάλλειν]
1435 2996 1515 3034 bali
1550 2996 1650 3035 CT:
1695 2997 1760 3036 bal
1790 2997 1879 3037 ΒΚ

137 3059 187 3084 22
209 3047 344 3086 dictae
363 3047 475 3087 codd.
489 3052 526 3087 et
529 3050 634 3098 fort.
651 3049 752 3088 Isid.
837 3048 1138 3087 humanitatem
1153 3048 1194 3086 Β
1301 3061 1352 3097 25
1373 3050 1534 3089 audivit
1549 3050 1595 3088 K
1702 3053 1755 3090 26
1777 3053 1874 3102 quia

137 3099 178 3137 Β
286 3108 404 3151 parte
434 3116 515 3141 om.
540 3103 580 3141 Β
690 3115 739 3152 27
772 3110 985 3152 postremo
1007 3101 1052 3139 K
1161 3102 1193 3141 F
1196 3115 1294 3143 ocas
1318 3102 1396 3142 CT

964 3170 1041 3203 E2
