2176 3424
1052 112 1322 160 ISIDORI

314 255 368 287 se
396 241 599 302 quando
637 241 789 304 spinis
822 239 921 289 suis
955 241 1212 300 clauditur,
1241 240 1422 304 quibus
1457 241 1677 306 undique
1710 250 1959 306 protectus
1986 250 2059 291 est

313 329 485 370 contra
503 320 720 371 insidias.
793 325 923 371 Nam
959 322 1120 371 statim
1159 331 1212 371 ut
1246 322 1434 387 aliquid
1471 324 1805 388 praesenserit,
1846 324 2057 389 primurn

312 418 365 451 se
390 403 607 468 subrigit,
635 414 784 468 atque
810 403 859 452 in
884 405 1086 468 globum
1104 421 1369 454 conversus
1390 406 1440 454 in
1466 422 1553 455 sua
1571 423 1623 456 se
1647 424 1782 456 arma
1806 406 2055 471 recolligit.

314 484 481 535 Huius
507 486 769 551 prudentia
799 488 1044 550 quaedam
1081 496 1153 536 est
1169 505 1183 549 3
1219 504 1331 536 nam
1369 489 1488 537 dum
1523 488 1788 539 absciderit
1817 506 1962 537 uvam
1993 489 2056 538 de

309 564 420 627 vite,
448 568 653 632 supinus
688 585 794 618 sese
821 570 1007 618 volutat
1041 585 1187 633 super
1220 586 1342 630 eam,
1373 578 1420 619 et
1451 571 1519 619 sic
1557 587 1665 620 eam
1704 570 1900 620 exhibet
1929 569 2055 620 natis
2081 599 2102 640 5

255 653 284 700 8
308 648 420 698 suis.
497 651 692 714 Gryllus
725 667 908 699 nomen
934 667 962 699 a
989 667 1113 700 sono
1139 650 1273 700 vocis
1299 651 1463 701 habet.
1538 654 1639 701 Hic
1666 662 1793 702 retro
1816 653 2051 711 ambulat,

308 740 483 780 terram
527 733 752 793 terebrat,
799 731 970 782 stridet
1013 732 1256 782 noctibus.
1344 733 1643 801 Vena<n>tur
1691 752 1802 784 eum
1853 735 2055 784 formica

307 814 642 878 circumligata
679 814 859 878 capillo
902 814 951 862 in
988 831 1246 864 cavernam
1292 815 1395 864 eius
1435 816 1672 877 coniecta,
1715 819 1878 866 afflato
1921 817 2053 881 prius

305 896 503 956 pulvere
543 913 606 945 ne
648 913 699 945 se
739 896 1048 957 abscondat,
1103 896 1168 945 ita
1204 897 1437 947 formicae
1474 898 1795 963 conplexibus
1833 899 2048 948 trahitur.

245 988 279 1034 9
306 976 533 1026 Formica
566 977 712 1038 dicta,
741 978 805 1026 ab
836 995 896 1027 eo
927 980 1063 1041 quod
1098 980 1218 1027 ferat
1253 979 1405 1028 micas
1436 980 1583 1029 farris.
1658 980 1813 1031 Cuius
1840 981 2051 1031 sollertia
2078 1007 2128 1036 10

303 1059 459 1107 multa
476 1077 489 1120 3
538 1059 764 1123 providet
802 1059 934 1109 enim
972 1060 1023 1108 in
1060 1061 1291 1121 futurum,
1321 1071 1369 1110 et
1405 1073 1658 1126 praeparat
1695 1072 1878 1113 aestate
1915 1066 2050 1127 quod

301 1139 465 1190 hieme
491 1144 723 1190 comedat
740 1161 753 1203 3
791 1142 841 1190 in
869 1159 1028 1192 messe
1061 1153 1227 1192 autem
1258 1143 1392 1207 eligit
1423 1143 1652 1206 triticum,
1681 1147 1922 1195 hordeum
1949 1163 2051 1195 non

299 1221 452 1284 tangit
468 1238 479 1280 ;
521 1223 642 1271 dum
668 1222 792 1285 pluit
819 1224 863 1272 ei
890 1240 1036 1287 super
1065 1226 1381 1285 frumentum,
1411 1234 1572 1275 totum
1604 1225 1730 1275 eicit.
1805 1226 2052 1276 Dicuntur

296 1302 346 1351 in
367 1304 637 1368 Aethiopia
662 1322 770 1354 esse
791 1307 1025 1354 formicae
1043 1308 1108 1356 ad
1129 1308 1336 1356 formam
1368 1307 1504 1357 canis
1530 1325 1657 1372 quae
1681 1325 1853 1358 arenas
1878 1325 2048 1358 aureas

293 1384 505 1448 pedibus
523 1397 712 1447 eruunt,
732 1404 852 1451 quas
874 1388 1159 1438 custodiunt
1175 1406 1238 1438 ne
1255 1389 1364 1453 quis
1396 1391 1595 1450 auferat,
1615 1400 1969 1455 captantesque
1984 1394 2048 1442 ad
2077 1414 2122 1455 15

211 1482 271 1517 10
296 1483 470 1517 necem
508 1479 884 1533 persequuntur.
961 1470 1311 1520 Formicoleon
1344 1472 1412 1521 ob
1446 1473 1541 1521 hoc
1575 1482 1791 1533 vocatus,
1829 1474 1943 1537 quia
1975 1484 2048 1524 est

299 1551 374 1598 vel
409 1550 724 1599 formicarum
755 1553 834 1600 leo
865 1554 942 1601 vel
968 1562 1100 1602 certe
1125 1552 1330 1602 formica
1355 1555 1534 1617 pariter
1560 1564 1606 1603 et
1632 1557 1723 1604 leo.
1800 1558 1889 1605 Est
1914 1556 2045 1606 enim

297 1631 479 1681 animal
505 1651 707 1697 parvum
736 1634 951 1683 formicis
979 1637 1094 1684 satis
1120 1635 1366 1696 infestum,
1396 1638 1532 1699 quod
1567 1653 1617 1685 se
1644 1639 1693 1685 in
1719 1640 1915 1700 pulvere
1941 1639 2047 1688 abs-

297 1714 482 1775 condit,
507 1725 553 1764 et
570 1715 798 1765 formicas
815 1718 1059 1766 frumenta
1077 1726 1325 1781 gestantes
1342 1717 1582 1767 interficit.
1647 1719 1861 1769 Proinde
1880 1731 2044 1770 autem

297 1797 375 1844 leo
402 1807 450 1845 et
471 1798 673 1846 formica
693 1807 910 1859 vocatur,
939 1798 1054 1861 quia
1079 1798 1184 1848 aliis
1214 1799 1511 1849 animalibus
1537 1811 1589 1849 ut
1615 1802 1816 1850 formica
1842 1811 1927 1863 est,
1956 1804 2045 1851 for·
2070 1822 2120 1850 20

300 1877 440 1926 micis
468 1888 634 1928 autem
662 1889 714 1927 ut
740 1882 818 1929 leo
846 1890 931 1929 est.

231 1968 269 2007 V
432 1963 514 2008 DE
543 1976 907 2011 sERPEN'i‘IBvs.
966 1962 1155 2027 Anguis
1177 1964 1473 2012 vocabulum
1499 1963 1722 2014 omnium
1742 1966 2042 2028 serpentium

293 2057 448 2103 genus
485 2045 621 2105 quod
658 2042 827 2106 plicari
855 2053 902 2093 et
936 2044 1197 2108 contorqui
1235 2054 1396 2108 potest
1414 2064 1426 2106 3
1469 2055 1516 2094 et
1550 2045 1666 2095 inde
1700 2049 1872 2111 anguis
1907 2051 2042 2112 quod

296 2127 565 2187 angulosus
627 2125 687 2174 sit
742 2137 789 2174 et
850 2144 1122 2190 numquam
1173 2137 1348 2176 rectus.
1437 2130 1640 2192 Angues
1691 2139 1856 2178 autern
1909 2133 2041 2195 apud

289 2206 495 2268 gentiles
531 2225 619 2270 pro
652 2207 808 2271 geniis
843 2210 1064 2257 locorum
1096 2218 1231 2257 erant
1263 2208 1418 2257 habiti
1448 2226 1654 2273 semper,
1683 2212 1816 2260 unde
1847 2211 2039 2261 Persius
2066 2231 2113 2271 25

292 2287 526 2352 <1‚113>=

546 2370 701 2434 Pinge
742 2373 868 2420 duos
905 2388 1118 2436 angues:
1158 2371 1311 2435 pueri,
1350 2389 1485 2421 sacer
1522 2383 1594 2422 est
1632 2375 1783 2422 locus.

236 2466 266 2501 2
293 2452 567 2502 Colubrum
593 2454 656 2502 ab
684 2471 743 2503 eo
770 2455 972 2514 dictum,
1002 2455 1138 2517 quod
1165 2455 1293 2503 colat
1319 2455 1531 2514 umbras,
1556 2457 1630 2505 vel
1657 2458 1792 2519 quod
1819 2458 1867 2504 in
1894 2457 2034 2506 lubri-

349 2595 363 2618 1
400 2582 451 2622 cl.
476 2595 500 2620 a
521 2596 590 2632 qu.
617 2584 651 2621 C
761 2591 1004 2633 praetectus
1027 2583 1158 2636 (pre-)
1182 2584 1271 2622 ΚΤ
1376 2591 1438 2623 est
1461 2599 1544 2624 om.
1569 2586 1618 2624 C1
1747 2600 1772 2635 3
1801 2587 1958 2637 subigit
1977 2588 2031 2626 Β1

290 2636 451 2686 colligit
480 2636 517 2674 T
675 2652 698 2686 4
731 2639 999 2688 providentia
1019 2639 1059 2676 Β
1158 2667 1163 2671 -
1235 2653 1260 2689 5
1290 2639 1444 2678 vitibus
1465 2640 1512 2677 K
1686 2643 1712 2679 6
1742 2642 1899 2681 Grillus
1919 2643 2032 2683 codd.

289 2705 314 2729 a
335 2704 395 2730 50.
419 2705 484 2731 vo.
507 2705 577 2731 no.
603 2693 670 2732 ha.
702 2692 739 2731 T
917 2707 938 2742 7
970 2694 1159 2732 terrebat
1180 2694 1238 2732 Bl
1362 2700 1570 2733 venantur
1590 2694 1700 2734 Plin.
1723 2695 1850 2736 N.H.
1872 2710 1939 2748 29,
1956 2699 2032 2746 138

289 2746 314 2783 8
345 2746 564 2786 cumlicata
582 2747 628 2785 K
735 2748 875 2786 efflato
891 2747 1002 2787 Pt'z'n.
1115 2762 1142 2799 9
1171 2748 1279 2800 pul.]
1298 2750 1473 2787 vulnere
1488 2749 1529 2787 Β
1642 2763 1691 2789 1o
1718 2751 1851 2802 quod]
1869 2752 1966 2801 quia
1982 2751 2032 2790 C¹

293 2813 338 2839 11
372 2807 578 2841 aestatem
599 2802 646 2839 K
789 2815 837 2840 12
867 2804 1050 2841 hiemem
1072 2803 1118 2840 K
1224 2803 1315 2855 au.]
1339 2804 1451 2841 enim
1475 2802 1509 2841 C
1655 2817 1703 2854 13
1733 2804 1852 2856 dum]
1874 2819 1966 2844 cum
1988 2806 2035 2844 K

289 2855 354 2894 eis
373 2856 415 2894 Β
601 2869 648 2905 14
680 2855 820 2895 inesse
840 2857 887 2895 K
1071 2859 1122 2896 16
1151 2857 1226 2910 ob]
1249 2859 1299 2896 ab
1320 2858 1389 2897 B:
1427 2859 1479 2897 ad
1501 2859 1548 2897 K
1681 2859 1799 2910 quia]
1822 2861 1933 2908 quod
1954 2860 2034 2900 BC

291 2912 340 2948 18
369 2911 504 2963 quod]
530 2911 628 2961 quia
647 2911 720 2950 K:
749 2924 855 2964 quae
877 2912 916 2949 Β
1011 2913 1226 2962 pulberem
1255 2912 1293 2950 T
1405 2926 1454 2962 19
1482 2913 1735 2951 frumentum
1757 2920 1977 2963 portantes
1998 2915 2037 2953 T

285 2977 339 3003 20
368 2965 651 3005 animantibus
671 2965 707 3004 C
810 2978 860 3015 25
893 2967 1126 3016 progenies
1143 2967 1230 3005 ΒΚ
1233 2966 1296 3006 0:
1325 2980 1401 3017 pro
1422 2968 1548 3017 genio
1571 2966 1606 3006 C
1710 2968 1895 3008 lucorum
1917 2968 2007 3006 ΒΧ
2018 2984 2027 3008 :

282 3020 478 3069 luporum
495 3020 581 3060 ΚΟ
691 3020 844 3071 habiti]
858 3021 970 3060 avidi
983 3021 1052 3060 K:
1081 3022 1203 3061 avida
1219 3022 1257 3061 Ο
1367 3035 1433 3061 un.
1456 3028 1499 3060 et
1512 3021 1628 3061 Pers.
1646 3022 1682 3062 C
1788 3036 1838 3073 27
1869 3023 2026 3074 pingue

279 3073 431 3113 BK1T
534 3075 678 3125 pueris
699 3081 764 3115 est
786 3075 841 3113 Β1
955 3076 1072 3115 lucus
1094 3076 1140 3115 K
1275 3077 1328 3114 28
1356 3077 1418 3116 ab.
1441 3090 1523 3116 om.
1550 3076 1596 3115 K
