2228 3444
389 147 1022 195 ETYMOLOGIARVM
1061 146 1192 192 LIB.
1232 146 1291 191 V.
1331 142 1628 191 xxxii-xxxiv

135 289 267 339 natu,
306 272 391 342 qui
433 286 570 327 erant
614 276 858 340 principes
902 275 1214 339 reipublicae.
1300 277 1431 324 Nam
1474 276 1609 323 hunc
1653 289 1876 323 mensem

133 359 414 419 maioribus,
442 368 732 422 sequentem
759 374 874 407 vero
905 357 1177 406 minoribus
1205 356 1423 406 Romani
1448 364 1871 406 consecraverunt.

132 443 281 491 Vnde
329 450 376 491 et
413 440 587 490 Iunius
625 440 814 489 dicitur.
909 443 1073 489 Antea
1110 439 1242 490 enirn
1279 440 1493 503 populus
1537 437 1588 485 in
1633 437 1876 487 centurias
1902 448 1936 494 9

132 523 381 573 seniorum
418 532 466 572 et
502 523 749 572 iuniorum
785 521 970 571 divisus
1007 531 1121 570 erat.
1198 520 1352 570 Iulius
1389 536 1504 569 vero
1541 529 1588 569 et
1625 522 1877 583 Augustus
1901 530 1960 564 10

84 628 105 668 5
132 606 195 654 de
219 605 491 654 honoribus
524 604 798 664 hominum,
829 603 942 652 Iulii
972 612 1020 652 et
1050 603 1261 667 Augusti
1296 604 1579 661 Caesarum,
1607 604 1879 665 nuncupati

133 696 259 736 sunt.
333 689 463 735 Nam
498 686 630 751 prius
668 685 902 748 Quintilis
940 694 988 734 et
1026 685 1217 734 Sextilis
1254 684 1587 734 vocabantur:
1628 682 1876 746 Quintilis,

133 768 248 832 quia
284 769 485 832 quintus
523 779 623 818 erat
659 786 687 816 a
732 767 929 828 Martio,
969 784 1118 830 quem
1162 765 1437 831 principem
1481 765 1599 814 anni
1642 774 1881 814 testantur

133 868 240 900 esse
262 850 478 900 Romani
494 869 508 913 3
534 850 725 900 Sextilis
747 849 980 910 similiter,
1003 851 1138 913 quod
1160 858 1336 898 sextus.
1384 848 1676 912 September
1695 864 1881 896 nomen
1906 859 1950 892 11

134 933 283 981 habet
308 950 336 981 a
357 949 563 982 numero
589 941 636 981 et
661 931 832 993 imbre,
862 931 977 995 quia
1003 931 1242 995 septimus
1269 940 1342 980 est
1366 948 1396 979 a
1423 930 1605 979 Martio
1627 939 1674 979 et
1700 929 1882 978 imbres

63 1039 112 1067 10
135 1016 296 1064 habet.
372 1015 450 1064 Sic
477 1024 525 1064 et
552 1015 785 1075 October,
816 1015 1102 1063 November
1122 1023 1271 1078 atque
1293 1014 1575 1063 December
1596 1030 1654 1061 ex
1679 1028 1887 1060 numero

134 1105 182 1145 et
207 1095 446 1145 imbribus
472 1105 770 1160 acceperunt
788 1098 1031 1145 vocabula
1049 1114 1062 1157 3
1088 1113 1237 1160 quem
1258 1113 1520 1144 numerum
1542 1096 1886 1145 decurrentem

135 1178 415 1227 December
452 1178 572 1237 finit,
602 1195 690 1241 pro
726 1195 787 1227 eo
823 1179 959 1242 quod
996 1177 1226 1227 denarius
1263 1194 1497 1227 numerus
1531 1177 1885 1241 praecedentes

134 1276 366 1309 numeros
387 1260 584 1310 claudit.
636 1262 892 1310 Kalendas
908 1269 1090 1320 autem,
1115 1262 1286 1309 Nonas
1308 1269 1355 1308 et
1378 1261 1498 1309 Idus
1518 1268 1717 1324 propter
1733 1260 1884 1307 festos
1909 1269 1964 1303 12

136 1342 240 1392 dies
261 1344 478 1391 Romani
499 1342 815 1391 instituerunt
834 1362 846 1404 3
879 1344 955 1392 vel
976 1351 1173 1406 propter
1193 1341 1353 1391 officia
1372 1341 1759 1406 magistratuum.
1824 1342 1885 1388 In

65 1449 109 1489 15
135 1424 210 1472 his
247 1426 381 1473 enim
418 1424 594 1474 diebus
640 1424 1026 1474 conveniebatur
1069 1424 1119 1472 in
1164 1424 1383 1474 urbibus.
1463 1423 1682 1486 Quidam
1719 1431 1885 1471 autem
1911 1436 1966 1482 13

139 1507 393 1555 Kalendas
423 1524 452 1554 a
481 1508 695 1555 colendo
727 1506 962 1570 appellari
993 1505 1286 1555 existimant.
1361 1507 1512 1569 Apud
1539 1514 1726 1554 veteres
1753 1503 1886 1554 enim

137 1587 360 1638 omnium
377 1605 641 1637 mensuum
657 1587 897 1652 principia
917 1588 1219 1647 colebantur,
1241 1587 1366 1637 sicut
1387 1597 1434 1637 et
1453 1589 1587 1652 apud
1610 1587 1884 1635 Hebraeos.

142 1672 262 1720 Idus
281 1679 446 1719 autem
466 1670 687 1734 plerique
709 1669 998 1719 Latinorum
1017 1670 1081 1719 ab
1103 1671 1302 1719 edendo
1327 1669 1517 1720 dictum
1542 1678 1730 1733 putant,
1751 1668 1887 1731 quod

141 1753 192 1801 hi
241 1752 345 1803 dies
385 1754 518 1816 apud
562 1761 750 1801 veteres
793 1753 1048 1816 epularum
1094 1761 1271 1802 essent.
1356 1754 1534 1802 Nonae
1581 1768 1609 1799 a
1651 1748 1888 1799 nundinis
1913 1761 1970 1807 14

67 1853 118 1881 20
141 1844 358 1884 vocatae.
446 1833 714 1884 Nundinae
758 1833 890 1883 enirn
935 1843 1048 1883 sunt
1100 1834 1328 1898 publicae
1381 1833 1737 1884 conventiones
1789 1831 1889 1881 sive

142 1917 475 1967 mercimonia.

277 2002 360 2048 DE
387 2014 664 2048 SOLSTITns
692 2013 755 2046 ET
781 2013 1165 2054 AEQVINOCTns.
1238 1998 1512 2047 Solstitium
1535 1997 1722 2046 dictum
1750 1996 1889 2060 quasi
1914 2002 2106 2041 XXXIV

142 2081 257 2131 solis
294 2081 453 2141 statio,
493 2082 629 2144 quod
666 2090 784 2128 tunc
821 2082 924 2129 sole
968 2089 1131 2129 stante
1170 2089 1394 2128 crescant
1433 2079 1538 2128 dies
1583 2080 1659 2127 vel
1703 2086 1889 2127 noctes.

143 2159 530 2223 Aequinoctium
580 2160 881 2222 appellatum
934 2160 1069 2221 quod
1113 2168 1231 2207 tunc
1275 2158 1380 2207 dies
1424 2167 1472 2207 et
1517 2174 1616 2205 nox
1659 2158 1890 2205 horarum

71 2262 117 2303 25
144 2242 303 2306 spatio
339 2240 532 2305 aequali
569 2239 860 2290 consistunt.
951 2242 1068 2288 Duo
1105 2249 1219 2288 sunt
1255 2249 1420 2289 autem
1460 2238 1693 2288 solstitia:
1735 2255 1890 2286 unum
1913 2249 1944 2284 2

143 2323 397 2383 aestivum,
442 2339 535 2371 vm
586 2325 698 2372 Kal.
754 2324 861 2382 Iul,
907 2324 970 2371 de
1018 2339 1118 2385 quo
1166 2331 1391 2386 tempore
1438 2338 1655 2370 remeare
1705 2322 1777 2369 sol
1825 2322 1890 2368 ad

144 2405 395 2455 inferiores
431 2404 603 2469 incipit
640 2403 848 2453 circulos
867 2422 880 2465 3
926 2403 1061 2452 aliud
1099 2403 1324 2464 hiemale,
1354 2419 1448 2451 V111
1485 2404 1596 2452 Kal.
1636 2404 1756 2462 Ian.‚
1791 2418 1891 2464 quo

147 2494 368 2548 tempore
405 2485 478 2533 sol
514 2482 710 2532 altiores
754 2482 926 2546 incipit
962 2481 1171 2531 circulos
1215 2491 1395 2545 petere.
1482 2482 1630 2530 Vnde
1667 2478 1892 2528 hiemalis

146 2565 339 2615 solstitii
374 2564 479 2615 dies
510 2564 758 2624 minimus,
792 2565 918 2613 sicut
950 2563 1121 2613 aestivi
1155 2565 1395 2613 maximus
1429 2562 1689 2612 invenitur.
1765 2564 1892 2610 Item
1916 2571 1946 2617 3

202 2708 227 2744 3
257 2701 355 2734 ante
380 2693 457 2734 CT
470 2707 518 2734 ex
537 2708 636 2734 corr.
776 2694 968 2732 centuria
990 2691 1068 2732 CK
1075 2692 1112 2732 T
1299 2706 1323 2741 4
1353 2693 1435 2731 div.
1462 2697 1527 2730 est
1545 2689 1591 2728 K
1746 2695 1786 2729 et
1808 2703 1889 2728 om.

152 2750 200 2789 Cl
376 2751 402 2788 8
433 2749 617 2789 romanis
641 2748 689 2788 C1
829 2749 942 2799 quod
962 2747 1018 2787 sit
1037 2761 1098 2787 se.
1123 2746 1168 2784 K
1339 2761 1366 2795 9
1394 2752 1437 2785 et
1456 2745 1555 2785 imb.
1575 2745 1642 2784 ha.
1666 2745 1726 2784 sic
1749 2750 1791 2783 et
1811 2757 1890 2782 om.

149 2804 195 2841 K
214 2804 318 2856 (non
338 2804 399 2854 A)
570 2817 615 2842 11
649 2805 902 2843 decurrente
923 2803 1147 2842 decembre
1168 2800 1214 2839 K
1378 2813 1426 2839 12
1455 2813 1569 2841 num.
1594 2813 1730 2849 praec.
1752 2812 1832 2837 om.
1862 2797 1900 2835 T

154 2860 202 2897 18
233 2859 369 2899 dictos
388 2858 435 2897 K
612 2872 661 2908 19
690 2860 824 2911 apud]
847 2858 960 2908 quod
980 2858 1021 2896 Β
1196 2856 1342 2894 Nonas
1361 2854 1429 2893 K:
1457 2868 1541 2894 non
1566 2854 1680 2903 (del.)
1703 2866 1753 2892 ea
1776 2852 1893 2904 (del.)

151 2926 289 2952 nonae
308 2912 343 2952 C
449 2926 497 2951 21
522 2914 794 2952 metcimonia
811 2913 856 2952 C¹
967 2925 1019 2962 23
1049 2911 1222 2951 statium
1242 2909 1288 2948 K
1368 2917 1534 2949 crescat
1555 2909 1590 2948 C
1605 2923 1614 2948 z
1636 2913 1832 2947 crescunt

151 2980 203 3016 24
234 2967 340 3018 nox]
361 2973 509 3008 noctes
530 2967 618 3006 ΚΤ
632 2973 726 3008 ante
744 2982 844 3008 corr.
1039 2977 1090 3016 25
1121 2965 1256 3016 spatia
1274 2965 1466 3015 aequalia
1485 2964 1531 3002 K
1668 2962 1815 3001 solicia
1834 2960 1895 2998 Kl

153 3024 205 3060 26
226 3027 391 3061 estuum
408 3022 458 3061 C¹
478 3037 487 3062 ι
509 3029 575 3063 est
590 3024 750 3062 iunium
772 3021 809 3061 T
914 3023 966 3060 de
982 3035 1065 3062 om.
1083 3019 1130 3058 K
1237 3021 1288 3059 28
1309 3026 1435 3069 temp.
1453 3019 1523 3058 alt.
1540 3017 1586 3054 K
1693 3016 1895 3056 hiemales

153 3104 162 3114 .
189 3103 198 3115 .
225 3103 234 3114 .
260 3077 444 3116 minores
465 3106 474 3116 .
503 3107 511 3116 .
532 3105 541 3117 .
565 3077 751 3117 maiores
770 3076 1046 3116 inveniuntur
1067 3073 1111 3112 K
1275 3087 1327 3123 29
1355 3073 1527 3113 solistiis
1556 3071 1592 3110 T
