2228 3444
452 149 1082 197 ETYMOLOGIARVM
1122 151 1251 196 LIB.
1293 150 1440 196 VIII.
1480 149 1596 198 ii-iv

155 280 373 328 delerant
399 287 445 327 et
471 287 629 326 errant
655 276 999 341 superstitione
1024 279 1254 340 quadam,
1282 277 1559 327 nescientes
1585 296 1711 341 quae
1737 289 1900 329 vetera

155 362 319 408 colant
354 369 438 408 aut
471 376 597 422 quae
630 369 850 408 veterum
887 359 1039 422 ignari
1074 360 1365 410 adsciscant.
1439 360 1694 410 Lucretius
1730 371 1897 411 autem
1922 378 1951 427 7

151 441 551 506 superstitionem
584 441 702 490 dicit
736 432 1116 506 superstantium
1151 460 1324 503 rerum,
1354 442 1405 492 id
1435 453 1507 492 est
1538 444 1823 493 caelestium
1851 455 1899 494 et

154 523 431 573 divinorum
471 541 596 586 quae
636 540 780 586 super
818 541 907 573 nos
947 534 1107 584 stant3
1154 527 1241 574 sed
1285 527 1412 574 male
1450 525 1582 574 dicit.
1677 527 1899 576 Haereti-

107 623 128 662 5
153 622 322 653 corum
354 614 520 654 autern
546 606 778 668 dogmata
810 615 863 654 ut
895 605 1036 655 facile
1067 608 1256 669 possint
1286 607 1500 670 agnosci,
1529 625 1700 657 causas
1726 625 1896 658 eorum

153 688 228 735 vel
254 687 457 735 nomina
481 688 817 736 demonstrare
842 687 1075 750 oportuit.

290 772 372 816 DE
415 784 734 817 HAERESIBVS
775 772 1108 819 IVDAEORVM.
1183 770 1357 820 Iudaei
1406 773 1713 821 confessores
1756 771 1900 821 inter·
1926 784 1982 823 IV

152 860 414 914 pretantur.
491 852 678 899 Multos
712 850 844 900 enim
877 869 936 901 ex
966 852 1040 901 his
1071 852 1289 915 sequitur
1314 853 1573 912 confessio,
1603 870 1728 916 quos
1753 863 1900 903 antea

152 932 356 996 perfidia
370 932 668 996 possidebat.
729 933 949 983 Hebraei
966 934 1249 988 transitores,
1264 934 1507 983 dicuntur.
1561 936 1678 996 Quo
1694 935 1898 985 nomine
1922 950 1953 985 2

83 1033 131 1062 10
151 1017 480 1064 admonentur
511 1024 564 1062 ut
597 1016 660 1063 de
694 1014 942 1077 peioribus
976 1018 1040 1065 ad
1070 1016 1272 1066 meliora
1297 1026 1559 1078 transeant,
1590 1026 1637 1066 et
1667 1017 1898 1081 pristinos

150 1113 333 1146 errores
376 1096 668 1159 relinquant.
741 1098 989 1148 Pharisaei
1032 1096 1235 1164 [negant
1276 1099 1527 1150 Christum
1571 1099 1763 1150 venisse
1804 1117 1898 1150 nec
1923 1116 1953 1162 3

150 1181 284 1228 nulla
316 1178 365 1226 in
399 1179 544 1228 rebus
574 1178 835 1241 praedictis
862 1180 1254 1248 communicant]
1285 1179 1556 1248 [Pharisaei
1582 1191 1630 1231 et
1656 1181 1898 1233 Saducaei

149 1261 273 1310 inter
299 1278 349 1309 se
374 1259 601 1309 contrarii
628 1271 756 1309 sunt.
813 1264 943 1310 Nam
970 1263 1218 1312 Pharisaei
1245 1281 1303 1312 ex
1330 1264 1567 1313 Hebraeo
1593 1263 1643 1312 in
1664 1265 1895 1314 Latinum

148 1342 524 1406 interpretantur
558 1341 729 1402 Divisi,
767 1359 827 1392 eo
864 1346 1000 1407 quod
1039 1345 1358 1394 traditionum
1395 1355 1443 1396 et
1480 1346 1895 1406 observationum,

79 1441 124 1482 1¹5
150 1439 270 1484 quas
290 1422 358 1471 illi
378 1424 664 1488 δευτερήσεις
682 1434 874 1486 vocant,
899 1426 1132 1475 iustitiam
1159 1429 1452 1490 praeferunt.
1506 1430 1655 1477 Vnde
1681 1438 1729 1477 et
1754 1428 1897 1478 divisi

148 1515 385 1553 vocantur
404 1523 432 1553 a
451 1508 650 1570 populo,
671 1506 810 1569 quasi
830 1524 916 1570 per
934 1506 1212 1575 iustitiam.]
1264 1509 1506 1558 Saducaei
1525 1507 1730 1576 [negant
1746 1529 1898 1560 resur-
1920 1524 1951 1570 4

149 1586 431 1646 rectionem,
471 1587 692 1637 dicentes
730 1590 918 1637 dictum
956 1607 1063 1639 esse
1099 1590 1149 1639 in
1185 1591 1368 1640 Genesi
1400 1590 1602 1657 (3,19):
1658 1595 1896 1642 ‘Dudum

151 1677 274 1716 terra
309 1686 374 1729 es,
414 1679 461 1719 et
498 1672 548 1718 in
585 1679 761 1719 terram
795 1670 939 1737 ibis.']
1015 1671 1314 1738 [Sadducaei
1351 1673 1731 1738 interpretantur
1767 1675 1893 1725 iusti.

150 1749 418 1800 Vindicant
458 1751 590 1800 enim
630 1752 722 1800 sibi
759 1754 894 1815 quod
930 1770 1031 1802 non
1069 1764 1195 1814 sunt,
1236 1755 1452 1818 corporis
1489 1757 1895 1808 resurrectionem

76 1851 126 1879 20
148 1842 342 1894 negant,
364 1842 412 1882 et
431 1832 647 1882 animam
664 1833 859 1883 interire
879 1852 993 1884 cum
1011 1852 1213 1900 corpore
1228 1837 1528 1900 praedicant.
1587 1839 1659 1886 Hi
1675 1840 1896 1903 quinque

148 1923 338 1963 tantum
364 1914 514 1964 libros
536 1915 679 1979 Legis
704 1916 959 1980 recipiunt,
983 1921 1341 1982 Prophetarum
1361 1919 1590 1969 vaticinia
1614 1921 1893 1989 respuunt]

149 1996 288 2045 Essei
327 1997 499 2046 dicunt
541 1997 703 2060 ipsum
747 2016 852 2047 esse
894 2000 1145 2048 Christum
1195 2001 1279 2063 qui
1327 2002 1497 2050 docuit
1538 2002 1647 2052 illos
1690 2021 1891 2054 omnem
1915 2013 1947 2063 5

147 2075 509 2124 abstinentiam.
569 2074 797 2141 [Galilaei
817 2077 989 2126 dicunt
1006 2079 1258 2128 Christum
1278 2080 1471 2130 venisse
1491 2090 1539 2131 et
1559 2083 1788 2133 docuisse
1808 2101 1893 2134 eos

148 2174 210 2206 ne
236 2156 454 2206 dicerent
480 2158 738 2207 dominum
767 2158 1030 2209 Caesarem
1055 2178 1218 2224 neque
1244 2161 1348 2211 eius
1375 2165 1575 2213 monitis
1600 2164 1892 2234 uterentur.]

75 2254 122 2295 25
150 2239 434 2287 Masbothei
475 2239 647 2289 dicunt
695 2240 856 2303 ipsum
900 2259 1006 2291 esse
1049 2243 1301 2293 Christum
1350 2244 1435 2308 qui
1478 2246 1648 2296 docuit
1691 2247 1800 2297 illos
1842 2248 1892 2297 in
1918 2255 1952 2302 6

147 2322 283 2369 omni
309 2338 359 2369 re
385 2321 698 2371 sabbatizare.
755 2325 992 2373 Genistae
1014 2322 1355 2390 [praesumunt
1375 2329 1612 2390 quoniam
1633 2330 1696 2378 de
1715 2347 1893 2393 genere
1918 2348 1946 2397 7

207 2463 223 2487 1
257 2463 356 2488 vera
377 2449 432 2488 31
600 2465 624 2489 2
655 2452 797 2491 colunt
818 2452 864 2490 K
999 2454 1240 2495 adsciscunt
1261 2454 1307 2493 K
1446 2470 1472 2506 3
1504 2462 1836 2510 superstantiam
1859 2462 1893 2501 C

147 2516 171 2553 5
202 2504 354 2554 dogma
374 2504 442 2543 K:
474 2505 621 2544 docma
649 2505 687 2543 T
791 2507 926 2558 possit
946 2507 1026 2547 BC
1133 2512 1308 2560 agnosci
1331 2525 1411 2553 om.
1435 2512 1483 2551 K
1611 2517 1655 2562 Q
1683 2529 1758 2554 1——2
1789 2530 1888 2566 om„

147 2560 278 2598 ceteris
295 2560 350 2598 sic
367 2559 584 2610 dispositis,
607 2573 645 2611 5,
668 2563 707 2611 6,
732 2575 771 2611 3,
794 2576 831 2612 4,
858 2575 963 2612 7-10
984 2562 1082 2601 ΚΜ
1099 2566 1203 2615 (non
1222 2566 1286 2618 A)
1457 2569 1482 2606 8
1513 2576 1714 2619 sequetur
1732 2571 1777 2609 D
1797 2577 1891 2610 ante

147 2627 246 2653 corr.
359 2627 385 2663 9
413 2628 521 2664 quae
542 2614 583 2652 Β
602 2617 707 2668 (non
722 2616 870 2670 ADG)
986 2631 1030 2656 11
1063 2626 1222 2668 negant
1239 2652 1248 2661 .
1266 2651 1274 2660 .
1291 2650 1301 2661 .
1322 2623 1633 2662 communicant
1647 2625 1740 2665 hab.
1762 2625 1886 2664 KM:

147 2680 230 2709 om.
253 2667 505 2708 ABCDGT
613 2683 660 2708 12
690 2677 732 2710 et
753 2672 852 2710 Sad.
876 2703 885 2712 .
910 2701 919 2711 .
945 2702 954 2711 .
977 2686 1054 2723 per
1069 2674 1270 2714 iustitiam
1289 2677 1384 2716 hab.
1399 2677 1673 2718 ABCDGT:
1694 2694 1776 2719 om.
1796 2679 1895 2718 ΚΜ

151 2735 198 2771 13
220 2723 328 2761 intra
344 2723 391 2762 O
405 2723 510 2774 (non
525 2723 582 2776 D)
674 2738 722 2774 14
743 2727 1008 2766 traditionem
1023 2734 1065 2767 et
1081 2728 1424 2770 observationem
1440 2732 1483 2770 D
1579 2745 1626 2783 15
1649 2735 1887 2773 deuteresis

147 2776 300 2816 BDT:
330 2778 566 2818 deuterosis
588 2778 624 2818 C
778 2783 828 2819 16
855 2789 1014 2830 negant
1045 2813 1054 2822 .
1086 2813 1095 2822 .
1130 2812 1140 2822 .
1176 2785 1255 2824 ibis
1274 2786 1366 2825 lzab.
1386 2785 1502 2826 KM:
1534 2801 1615 2827 om.
1641 2788 1893 2828 ABCDGT

151 2833 200 2870 18
229 2833 383 2882 interp.
409 2865 417 2874 .
441 2865 448 2873 .
473 2865 483 2874 .
505 2840 712 2885 respuunt
730 2835 820 2876 hab.
845 2836 1118 2876 ABCDGT:
1148 2851 1232 2879 om.
1250 2839 1348 2878 ΚΜ
1459 2855 1509 2892 19
1537 2845 1623 2882 sint
1641 2843 1683 2880 A
1704 2844 1807 2891 <non
1821 2843 1884 2894 D)

149 2898 202 2925 2ο
220 2887 373 2937 quique
391 2888 440 2926 Cl
461 2901 470 2926 z
491 2889 561 2938 qui
574 2889 618 2927 D
712 2902 760 2928 21
784 2891 1007 2930 vatitionio
1019 2893 1063 2931 D
1156 2907 1207 2932 22
1229 2895 1372 2934 Prima
1388 2896 1502 2936 efnei
1520 2899 1559 2937 d.
1574 2898 1674 2936 Chr.
1691 2898 1884 2938 docuisse

149 2939 174 2979 i.
193 2953 230 2979 o.
270 2971 278 2980 .
295 2941 455 2994 K(non
469 2943 578 2997 AD)
653 2944 768 2984 efnei
783 2945 1080 2987 BKTUMon.
1098 2961 1106 2986 :
1129 2949 1286 2998 ephnei
1301 2949 1444 2991 Rem.:
1468 2952 1588 2991 esnei
1605 2951 1670 2990 D:
1691 2953 1837 2992 esenei
1855 2953 1890 2992 C

151 3006 202 3042 23
232 3036 234 3041 ,
272 2997 322 3035 al.
345 3024 356 3036 .
382 3028 390 3037 .
412 3027 421 3036 .
443 3003 549 3037 uter.
579 2998 671 3040 hab.
703 2998 823 3040 KM:
854 3014 934 3040 om.
957 3001 1252 3042 ABCDGTU
1438 3018 1489 3055 25
1519 3006 1738 3045 Masbonei
1766 3007 1885 3046 AK:

152 3047 370 3090 Marbonei
390 3051 599 3092 BCDTU
759 3056 811 3092 26
841 3068 976 3106 praes.
1001 3087 1008 3094 .
1030 3086 1039 3096 .
1065 3087 1074 3096 .
1098 3063 1197 3096 sunt
1216 3059 1308 3099 hab.
1330 3058 1446 3099 KM:
1479 3073 1561 3099 om.
1582 3059 1839 3101 ABCDTU

968 3153 1055 3187 X2
