2228 3444
1094 195 1370 244 ISIDORI

732 324 826 376 Cui
863 328 1000 376 dono
1036 325 1256 389 lepidum
1296 343 1479 375 novum
1516 327 1736 376 libellum

730 406 869 457 arido
907 409 1060 458 modo
1097 407 1295 472 pumice
1331 410 1637 472 expolitum?

227 497 334 536 X111
498 490 580 536 DE
607 503 879 539 LIBRORVM
901 505 1200 540 VOCABVLIS.
1263 491 1437 541 Codex
1459 492 1723 540 multorum
1744 491 1980 540 librorum
2003 500 2074 541 est
2093 509 2106 552 3

358 569 480 620 liber
516 570 662 620 unius
699 572 979 620 voluminis.
1052 575 1117 621 Et
1153 571 1314 622 dictus
1354 573 1512 622 codex
1549 590 1636 637 per
1673 573 2042 623 translationem
2079 591 2108 622 a

357 652 616 702 codicibus
642 653 875 703 arborum
902 671 989 704 seu
1015 654 1201 714 vitium,
1231 654 1371 718 quasi
1396 655 1599 716 caudex,
1623 657 1760 719 quod
1785 673 1845 705 ex
1871 673 1922 705 se
1948 655 2107 705 multi·
2132 676 2152 716 5

302 750 334 785 2
357 734 582 784 tudinem
621 735 858 784 librorum
898 736 1038 800 quasi
1074 752 1322 785 ramorum
1359 736 1625 786 contineat.
1697 740 1947 787 Volumen
1985 738 2108 787 liber

357 828 429 868 est
464 835 493 866 a
529 820 777 867 volvendo
814 818 991 879 dictus,
1023 818 1149 868 sicut
1185 821 1319 883 apud
1359 819 1620 868 Hebraeos
1656 819 1909 869 volumina
1947 819 2104 883 Legis,

301 916 330 961 3
355 901 607 949 volumina
628 901 1000 964 Prophetarum.
1078 900 1225 950 Liber
1245 910 1318 950 est
1343 899 1544 950 interior
1563 899 1730 950 tunica
1749 900 1956 961 corticis,
1980 918 2106 965 quae

354 983 487 1047 ligno
513 984 757 1032 cohaeret.
834 986 912 1033 De
938 1001 1039 1048 quo
1067 983 1308 1048 Vergilius
1335 984 1404 1032 sic
1431 982 1558 1048 (Ecl.
1584 1001 1657 1044 10,
1678 983 1762 1048 67)
1784 1002 1792 1032 :

825 1067 941 1113 Alta
977 1065 1100 1114 liber
1136 1067 1302 1115 haeret
1339 1064 1388 1113 in
1426 1066 1575 1114 ulmo.
2131 1081 2183 1111 10

353 1148 501 1196 Vnde
532 1156 580 1195 et
614 1146 737 1196 liber
771 1146 948 1196 dicitur
973 1146 1025 1195 in
1050 1164 1151 1211 quo
1182 1145 1456 1207 scribimus,
1483 1145 1600 1211 quia
1623 1156 1738 1196 ante
1771 1164 1914 1196 usum
1945 1156 2106 1196 cartae

354 1230 429 1277 vel
462 1230 863 1278 membranarum
901 1230 964 1278 de
994 1228 1129 1278 libris
1159 1228 1391 1278 arborum
1425 1227 1678 1277 volumina
1713 1229 1913 1289 fiebant,
1949 1228 1999 1277 id
2033 1239 2106 1278 est

353 1310 824 1374 compaginabantur.
899 1311 1047 1360 Vnde
1073 1319 1121 1359 et
1147 1311 1407 1374 scriptores
1432 1325 1461 1359 a
1479 1309 1613 1358 libris
1633 1310 1863 1359 arborum
1885 1309 2106 1359 librarios

353 1402 666 1442 vocaverunt.
1413 1407 1415 1409 ’

227 1482 331 1521 XIV
490 1478 575 1524 DE
605 1491 869 1526 LIBRARIIS
897 1491 962 1524 ET
996 1491 1178 1526 EORVM
1207 1491 1611 1526 INSTRVMENTIS.
1687 1476 1934 1527 Librarios
1958 1486 2105 1528 antea
2132 1500 2177 1541 15

354 1558 652 1623 bibliopolas
683 1558 858 1608 dictos,
932 1559 1137 1608 Librum
1170 1559 1304 1608 enim
1339 1559 1515 1609 Graeci
1548 1561 1733 1622 βίβλον
1761 1569 1953 1608 vocant.
2031 1562 2106 1609 Li-

354 1640 499 1689 brarii
540 1650 707 1690 autem
751 1640 903 1690 iidem
940 1650 989 1690 et
1031 1640 1293 1704 antiquarii
1330 1651 1595 1690 vocantur:
1651 1643 1738 1690 sed
1774 1640 1955 1690 librarii
1992 1651 2106 1691 sunt

355 1722 440 1786 qui
480 1732 528 1771 et
567 1739 696 1771 nova
732 1722 953 1772 scribunt
990 1731 1038 1772 et
1074 1732 1238 1772 vetera
1256 1741 1269 1783 3
1316 1722 1592 1786 antiquarii,
1632 1724 1716 1786 qui
1754 1725 2105 1773 tantummodo

299 1821 331 1856 2
355 1814 531 1864 vetera,
553 1806 688 1854 unde
707 1814 755 1854 et
777 1821 962 1854 nomen
982 1814 1310 1868 sumpserunt.
1374 1805 1456 1853 Ab
1477 1804 1741 1854 scribendo
1761 1815 1925 1854 autem
1946 1804 2105 1854 scriba

300 1905 329 1950 3
355 1903 538 1935 nomen
564 1885 768 1950 accepit,
796 1885 1012 1935 officium
1040 1888 1317 1949 exprimens
1342 1886 1570 1934 vocabuli
1597 1888 1844 1948 qualitate.
1922 1890 2103 1936 Instru—
2130 1906 2180 1933 20

353 1978 520 2018 menta
554 1967 743 2018 scribae
774 1970 992 2017 calamus
1026 1977 1073 2016 et
1107 1967 1274 2031 pinna.
1348 1969 1422 2015 Ex
1458 1967 1531 2014 his
1566 1969 1699 2016 enim
1730 1968 1878 2017 verba
1914 1967 2103 2032 paginis

353 2052 620 2115 infiguntur
638 2069 651 2112 ,⁰
688 2052 775 2101 sed
802 2051 1022 2099 calamus
1048 2048 1234 2098 arboris
1261 2058 1347 2108 est,
1377 2048 1528 2112 pinna
1554 2048 1654 2098 avis
1675 2067 1687 2110 3
1723 2049 1862 2099 cuius
1893 2067 2102 2099 acumen

352 2132 402 2180 in
428 2135 588 2196 dyade
613 2132 860 2192 dividitur,
884 2132 934 2181 in
954 2141 1059 2182 toto
1079 2148 1285 2196 corpore
1305 2133 1492 2180 unitate
1513 2142 1714 2191 servata,
1738 2135 1886 2183 credo
1906 2144 2104 2198 propter

353 2215 653 2278 mysterium,
700 2224 753 2263 ut
796 2214 846 2263 in
889 2215 1087 2264 duobus
1135 2213 1359 2277 apicibus
1402 2216 1557 2263 Vetus
1600 2224 1648 2264 et
1691 2217 1892 2265 Novum
1936 2219 2102 2267 Testa-

353 2308 577 2346 mentum
605 2299 886 2361 signaretur,
917 2296 1098 2360 quibus
1124 2295 1408 2359 exprimitur
1438 2295 1573 2345 verbi
1608 2309 1970 2348 sacramentum
1997 2318 2102 2349 san·
2128 2324 2174 2364 25

297 2400 331 2448 4
353 2379 501 2443 guine
522 2379 770 2429 Passionis
790 2382 1013 2429 effusum.
1072 2380 1248 2427 Dictus
1273 2388 1439 2427 autem
1460 2380 1677 2427 calamus
1698 2382 1834 2442 quod
1860 2381 2100 2445 liquorem

299 2472 518 2533 5ponat.
592 2464 741 2512 Vnde
780 2471 827 2512 et
866 2464 999 2526 apud
1038 2471 1212 2510 nautas
1254 2463 1413 2510 calare
1454 2478 1639 2525 ponere
1681 2462 1871 2512 dicitur.
1944 2466 2102 2514 Pinna

409 2606 425 2631 1
461 2593 574 2632 duno
595 2592 641 2630 K
741 2594 974 2644 inlepidum
998 2594 1048 2633 Cl
1158 2607 1271 2633 novo
1289 2593 1430 2633 libello
1449 2591 1496 2630 K
1602 2606 1627 2632 2
1658 2594 1823 2644 pomice
1844 2593 1915 2634 K:
1945 2595 2101 2646 pumici

347 2647 389 2686 Β
580 2648 713 2698 polito
734 2647 781 2685 K
800 2648 903 2698 (non
921 2649 985 2700 A)
1198 2662 1223 2699 3
1253 2649 1346 2688 libr.
1369 2654 1433 2687 est
1453 2654 1496 2687 et
1517 2648 1595 2688 dic.
1618 2660 1682 2689 co.
1704 2649 1746 2688 li.
1769 2662 1839 2688 un.
1860 2650 1941 2689 vol.
1965 2662 2043 2700 per
2069 2650 2106 2689 T

348 2717 373 2752 4
404 2702 563 2754 codex]
582 2704 696 2752 quod
719 2716 774 2742 ex
796 2703 843 2742 C¹
943 2715 969 2752 5
991 2703 1215 2743 corticibus
1235 2702 1281 2740 K
1360 2703 1548 2742 vicitium
1572 2703 1622 2742 Cl
1643 2718 1652 2742 :
1681 2703 1788 2754 fort.
1812 2704 1929 2743 vitio.
1991 2704 2102 2744 Certe

349 2756 458 2796 illud
472 2758 584 2806 quod
604 2770 659 2796 ex
679 2758 739 2796 ad
756 2759 893 2797 codex
911 2758 1093 2798 alludere
1111 2759 1272 2798 videtur
1448 2759 1490 2796 in
1512 2771 1559 2797 se
1582 2758 1618 2798 C
1632 2772 1640 2798 :
1672 2771 1727 2797 ex
1753 2756 1792 2796 T
1961 2759 2099 2798 multi-

350 2812 496 2850 tudine
511 2810 558 2849 K
641 2825 663 2861 7
686 2812 841 2852 dictum
859 2811 914 2852 C2
998 2826 1025 2864 9
1045 2814 1106 2853 sic
1126 2826 1209 2853 om.
1228 2811 1290 2849 K1
1378 2825 1428 2851 10
1446 2812 1551 2866 alta]
1570 2813 1629 2852 ait
1643 2813 1690 2852 K
1773 2825 1818 2853 11
1841 2814 1957 2865 quia]
1976 2813 2045 2863 qui
2060 2814 2101 2852 Β

356 2879 403 2904 12
424 2865 604 2917 fiebant]
625 2867 833 2906 faciebant
847 2866 895 2907 K
1025 2881 1073 2918 13
1094 2881 1163 2909 un.
1178 2874 1222 2907 et
1237 2874 1280 2907 et
1297 2880 1377 2906 scr.
1393 2867 1440 2906 K
1574 2879 1621 2917 15
1643 2867 1770 2906 Liber
1783 2881 1852 2908 an.
1869 2868 2099 2917 bibliopula

353 2921 490 2960 dictus
503 2919 550 2958 K
615 2927 717 2960 ante
728 2921 807 2960 BC
820 2922 923 2973 (non
937 2922 1000 2975 A)
1080 2925 1130 2961 16
1151 2922 1330 2962 librariis
1346 2922 1416 2961 iid.
1435 2921 1485 2962 Cl
1564 2935 1610 2973 17
1631 2922 1757 2960 iidem
1770 2935 1851 2962 om.
1866 2920 1914 2959 K
1923 2922 2025 2973 (non
2035 2923 2097 2971 A)

350 2976 634 3026 antiquarium
655 2974 706 3014 Cl
822 2978 870 3015 18
901 2990 1009 3026 quae
1030 2983 1073 3017 et
1095 2977 1146 3017 C1
1255 2977 1353 3027 quia
1373 2982 1457 3016 tan.
1483 2975 1532 3016 C1
1647 2988 1697 3026 19
1727 2976 2025 3016 Adscribendo
2050 2977 2098 3016 C¹

352 3029 514 3082 autem]
535 3031 603 3069 his
624 3035 671 3070 ut
686 3030 768 3071 vid.
794 3030 842 3069 Cl
1026 3045 1076 3071 21
1107 3032 1312 3072 calamum
1333 3037 1375 3070 et
1397 3031 1570 3081 pinnam
1590 3029 1637 3068 K
1770 3030 1935 3081 paginis
1954 3044 2037 3072 om.
2059 3030 2100 3070 Β

352 3096 404 3122 22
432 3084 520 3137 ac.]
540 3097 693 3124 eumen
717 3085 768 3125 C1
897 3098 948 3136 23
970 3086 1096 3126 diade
1116 3085 1197 3126 BC
1202 3085 1240 3125 T
1253 3099 1264 3125 ε
1294 3086 1375 3125 duo
1395 3085 1442 3123 K
1546 3085 1720 3124 umitate
1740 3084 1787 3123 K
1908 3098 1963 3136 25
1991 3099 2099 3126 sacr.

351 3139 590 3188 signaretur
609 3153 728 3191 sang.
757 3138 809 3179 Τ3
969 3142 1023 3181 26
1055 3141 1218 3194 autem]
1241 3140 1308 3181 his
1329 3140 1378 3180 Cl
1548 3153 1598 3192 27
1631 3140 1690 3182 Pi.
1712 3140 1778 3180 his
1797 3141 1907 3192 apud
1928 3154 1952 3182 a
1974 3140 2023 3181 Cl
