2228 3444
310 520 314 524 .
855 462 1206 522 ISIDORI

400 588 1105 657 HISPALENSIS
1186 587 1659 656 EPISCOPI

315 736 1025 789 ETYMoLoGIARVM
1094 736 1272 789 SIVE
1334 735 1737 789 ORIGINVM

883 873 1097 920 LIBER
1145 873 1167 919 I

661 997 768 1047 DE
835 996 1387 1048 GRAMMATICA

291 1143 373 1189 DE
406 1155 702 1189 DISCIPLINA
735 1155 799 1187 ET
836 1155 986 1188 ARTE.
1063 1138 1337 1203 Disciplina
1372 1157 1400 1187 a
1437 1138 1677 1189 discendo
1714 1149 1937 1189 nomenI

153 1222 376 1285 accepit:
420 1223 554 1271 unde
594 1230 641 1270 et
678 1220 882 1270 scientia
918 1220 1016 1269 dici
1053 1230 1229 1284 potest.
1314 1222 1442 1269 Nam
1481 1220 1603 1270 scire
1645 1221 1833 1270 dictum
1871 1240 1899 1270 a

154 1307 355 1363 discere,
385 1305 500 1367 quia
524 1320 672 1352 nemo
709 1312 931 1352 nostrum
966 1302 1069 1362 scit,
1099 1301 1192 1351 nisi
1229 1303 1313 1365 qui
1351 1302 1508 1351 discit.
1583 1302 1738 1351 Aliter
1767 1304 1899 1352 dicta

153 1387 425 1450 disciplina,
455 1385 571 1449 quia
594 1384 797 1434 discitur
822 1386 983 1448 plena.
1056 1387 1149 1433 Ars
1182 1400 1298 1433 vero
1331 1386 1465 1433 dicta
1498 1393 1582 1443 est,
1613 1385 1748 1448 quod
1783 1384 1897 1433 artis
1920 1399 1950 1433 2

112 1485 133 1525 5
154 1467 427 1532 praeceptis
452 1466 729 1530 regulisque
754 1466 1006 1515 consistat.
1067 1465 1165 1514 Alii
1191 1465 1363 1515 dicunt
1387 1483 1416 1515 a
1441 1466 1643 1516 Graecis
1680 1468 1776 1515 hoc
1810 1476 1898 1515 tra-

154 1560 287 1599 ctum
326 1567 432 1599 esse
469 1548 766 1598 vocabulum
803 1550 894 1597 ἀπὸ
928 1552 1010 1611 τῆς
1047 1551 1221 1611 ἀρετῆς,
1261 1548 1311 1597 id
1350 1557 1422 1597 est
1457 1566 1486 1596 a
1522 1548 1712 1608 virtute,
1748 1565 1896 1612 quam

154 1631 409 1681 scientiam
458 1640 771 1680 vocaverunt.
864 1633 998 1679 Inter
1034 1639 1188 1679 artem
1225 1639 1272 1678 et
1310 1629 1621 1694 disciplinam
1667 1632 1807 1678 Plato
1849 1640 1897 1680 et
1922 1637 1952 1684 3

154 1712 442 1762 Aristoteles
489 1714 618 1760 hanc
665 1711 991 1761 differentiam
1029 1729 1135 1761 esse
1172 1713 1444 1770 voluerunt,
1485 1711 1706 1761 dicentes
1741 1721 1896 1761 artem

154 1811 261 1843 esse
287 1794 336 1842 in
362 1793 436 1842 his
458 1811 583 1857 quae
610 1811 661 1842 se
681 1803 728 1842 et
747 1793 886 1842 aliter
906 1794 1088 1843 habere
1113 1802 1321 1857 possunt
1340 1812 1352 1854 3
1378 1792 1638 1857 disciplina
1665 1811 1780 1843 vero
1807 1803 1893 1853 est,

84 1891 131 1918 10
153 1892 279 1938 quae
305 1877 367 1924 de
394 1874 469 1923 his
494 1874 592 1938 agit
617 1892 743 1938 quae
762 1874 901 1923 aliter
919 1874 1113 1924 evenire
1133 1892 1234 1923 non
1261 1884 1480 1938 possunt.
1546 1876 1675 1923 Nam
1696 1874 1897 1937 quando

153 1956 277 2007 veris
302 1955 722 2020 disputationibus
747 1956 935 2020 aliquid
969 1956 1234 2016 disseritur,
1263 1956 1523 2020 disciplina
1548 1956 1636 2004 erit
1659 1975 1667 2004 :
1695 1956 1896 2018 quando

152 2038 339 2102 aliquid
358 2036 618 2086 verisimile
637 2048 785 2100 atque
806 2037 1055 2101 opinabile
1075 2047 1320 2098 tractatur,
1342 2055 1526 2086 nomen
1546 2037 1659 2085 artis
1676 2035 1894 2085 habebit.

292 2120 375 2165 DE
401 2133 603 2166 SEPTEM
632 2133 970 2166 LIBERALIBVS
997 2134 1321 2167 D1SC1PL1N1s.
1401 2117 1704 2181 Disciplinae
1730 2117 1899 2167 libera·
1923 2130 1961 2169 11

155 2196 273 2246 lium
299 2197 476 2247 artium
502 2208 690 2263 septem
717 2210 844 2249 sunt.
918 2201 1082 2249 Prima
1109 2199 1441 2263 grammatica,
1469 2199 1519 2249 id
1554 2209 1626 2248 est
1659 2198 1897 2262 loquendi

84 2295 131 2336 ¹5
155 2279 339 2342 peritia.
426 2282 656 2330 Secunda
688 2281 943 2342 rhetorica,
979 2298 1106 2345 quae
1138 2291 1337 2346 propter
1369 2281 1578 2330 nitorem
1616 2290 1664 2330 et
1702 2280 1896 2344 copiam

155 2363 468 2424 eloquentiae
493 2379 610 2411 suae
635 2362 846 2411 maxime
881 2364 930 2410 in
964 2363 1188 2412 civilibus
1225 2362 1598 2426 quaestionibus
1625 2362 1897 2412 necessaria

153 2438 467 2489 existimatur.
541 2441 708 2490 Tertia
732 2441 988 2491 dialectica
1020 2451 1354 2506 cognomento
1383 2441 1554 2505 logica,
1583 2457 1710 2504 quae
1736 2441 1898 2505 dispu-

152 2520 422 2570 tationibus
448 2522 777 2572 subtilissimis
811 2539 923 2571 vera
955 2523 1163 2572 secernit
1187 2541 1216 2572 a
1240 2523 1384 2573 falsis.
1460 2526 1648 2585 Quarta
1672 2523 1897 2572 arithme-
1919 2537 1949 2572 2

154 2602 264 2662 tica,
290 2619 416 2665 quae
449 2603 671 2653 continet
704 2621 1022 2654 numerorum
1059 2621 1231 2654 causas
1267 2615 1315 2655 et
1355 2605 1636 2655 divisiones.
1709 2605 1898 2668 Quinta

82 2710 132 2738 20
156 2683 355 2745 musica,
386 2702 512 2749 quae
538 2685 588 2734 in
618 2686 917 2735 carminibus
950 2686 1279 2751 cantibusque
1308 2686 1546 2736 consistit.
1621 2689 1766 2737 Sexta
1789 2705 1901 2750 geo·
1924 2698 1952 2743 3

212 2827 236 2853 2
266 2815 398 2867 unde]
422 2821 466 2854 ut
486 2816 531 2854 K
536 2821 544 2838 ¹
658 2816 815 2856 dietum
834 2823 900 2856 est
917 2830 941 2855 a
962 2816 1007 2855 K
1168 2828 1192 2866 5
1223 2822 1390 2856 constat
1416 2815 1453 2855 T
1615 2818 1642 2855 8
1671 2818 1779 2857 hanc
1801 2831 1896 2857 esse

157 2869 440 2909 differentiam
468 2871 505 2909 T
635 2885 662 2921 9
693 2871 917 2921 disciplina
935 2884 1038 2910 vero
1059 2877 1122 2911 est
1145 2870 1200 2910 C:
1233 2871 1455 2922 disciplina
1475 2884 1574 2910 vero
1596 2884 1692 2910 esse
1711 2871 1753 2910 Β
1774 2887 1783 2912 :
1813 2872 1896 2912 dis-

155 2923 355 2974 ciplinam
375 2937 476 2964 vero
497 2938 593 2965 esse
616 2926 763 2977 (eraS.)
783 2925 828 2964 K
831 2926 862 2966 ¹:
901 2926 1167 2975 disciplinam
1187 2938 1288 2965 vero
1308 2932 1375 2966 est
1403 2926 1439 2966 T
1537 2938 1552 2963 1
1565 2939 1580 2963 1
1613 2925 1769 2976 aliquid
1784 2927 1896 2966 veris

156 2978 511 3028 disputationibus
531 2980 571 3018 Β
680 2979 780 3031 erit]
801 2986 866 3019 est
894 2980 930 3019 T
1054 2993 1101 3018 12
1132 2981 1302 3020 nomina
1329 2980 1366 3020 T
1492 2994 1544 3019 20
1574 2981 1831 3021 carminibus
1853 2988 1894 3021 et

157 3033 348 3072 cantibus
368 3033 413 3070 K
