2176 3424
1069 109 1342 158 ISIDORI

337 241 486 287 Hanc
511 240 713 302 quidam
754 240 1040 288 Latinorum
1074 239 1293 304 puleium
1330 241 1503 287 Martis
1528 240 1714 299 dicunt,
1742 248 1939 302 propter
1962 239 2079 288 belli

244 337 311 384 30
336 323 432 370 tela
456 324 763 371 excutienda.
837 323 1169 385 Mandragora
1202 322 1333 371 dicta
1363 322 1500 384 quod
1525 322 1705 370 habeat
1729 323 1859 369 mala
1883 338 2081 370 suaveo-

337 404 500 464 lentia,
540 404 591 453 in
627 403 1019 468 magnitudinem
1062 403 1178 452 mali
1221 403 1459 453 Matiani:
1511 405 1644 452 unde
1683 412 1730 451 et
1771 420 1880 452 eam
1919 403 2082 452 Latini

339 487 524 534 malum
550 496 704 535 terrae
729 495 922 534 vocant.
996 488 1145 534 Hanc
1175 495 1351 549 poetae
1389 485 1789 548 ἀνθρωπόμορφον
1817 487 2083 549 appellant,

336 569 473 630 quod
498 568 677 616 habeat
701 567 918 616 radicem
945 569 1154 616 formam
1179 566 1393 615 hominis
1419 566 1728 615 similantem.
1803 568 1957 617 Cuius
1983 583 2083 615 cor·
2108 586 2129 625 5

337 659 417 699 tex
455 649 570 698 vino
613 649 757 697 mista
799 650 863 697 ad
901 649 1176 697 bibendum
1216 650 1373 708 datur,
1413 665 1625 711 quorum
1667 665 1844 711 corpus
1887 657 2085 711 propter

336 749 503 780 curam
531 733 802 779 secandum
829 740 914 790 est,
938 740 991 779 ut
1017 730 1231 793 soporati
1258 732 1480 779 dolorem
1506 747 1609 778 non
1635 730 1860 779 sentiant.
1920 729 2084 778 Huius

338 814 526 878 species
564 815 721 863 duae:
760 814 955 872 femina,
985 812 1112 861 foliis
1143 815 1364 861 lactucae
1398 812 1655 871 similibus,
1683 814 1812 860 mala
1847 828 2085 875 generans

338 897 389 945 in
416 896 788 946 similitudinem
826 912 1092 959 prunarum
1111 913 1123 955 ;
1160 897 1407 943 masculus
1437 911 1552 944 vero
1585 893 1712 943 foliis
1747 894 1889 942 betae
1926 893 2088 942 simili-

263 995 317 1041 31
340 980 448 1028 bus.
506 981 725 1042 Papaver
743 979 896 1027 herba
917 977 1210 1038 somnifera3
1237 979 1300 1026 de
1320 994 1418 1040 qua
1436 976 1679 1040 Vergilius
1701 976 1901 1041 (Georg.
1923 994 1961 1034 I,
1976 976 2056 1040 78)
2079 995 2088 1025 z
2114 998 2165 1027 10

716 1061 936 1109 Lethaeo
972 1061 1170 1123 perfusa
1206 1075 1448 1123 papavera
1485 1075 1695 1108 somno:

342 1159 572 1206 soporem
610 1141 742 1191 enirn
776 1140 1125 1205 languentibus
1162 1141 1290 1190 facit.
1366 1141 1486 1189 Eius
1521 1139 1616 1189 alia
1652 1149 1725 1189 est
1766 1139 1963 1199 usualis,
2000 1139 2094 1187 alia

256 1242 319 1290 32
342 1224 559 1288 agrestis,
588 1240 646 1272 ex
671 1239 768 1285 qua
795 1222 899 1271 fluit
926 1239 1071 1272 sucus
1098 1239 1246 1286 quem
1274 1211 1426 1286 opion
1451 1224 1714 1286 appellant.
1771 1220 2094 1284 Colocynthis

346 1306 602 1356 cucurbita
656 1304 858 1368 agrestis
907 1315 955 1354 et
1003 1306 1322 1354 vehementer
1368 1321 1546 1365 amara,
1597 1321 1724 1367 quae
1777 1303 1998 1352 similiter
2042 1312 2095 1351 ut

346 1388 602 1439 cucurbita
626 1405 712 1451 per
736 1397 913 1436 terram
944 1389 1135 1451 flagella
1167 1387 1340 1436 tendit.
1413 1386 1562 1435 Dicta
1593 1395 1760 1435 autem
1790 1384 2096 1449 colocynthis
2124 1406 2169 1446 15

260 1491 324 1536 33
349 1473 485 1534 quod
511 1470 572 1519 sit
587 1472 746 1518 fructu
763 1471 979 1518 rotundo
1004 1479 1153 1533 atque
1173 1469 1300 1518 foliis
1326 1478 1378 1518 ut
1395 1468 1616 1518 cucumis
1637 1468 1833 1517 usualis,
1884 1467 2097 1518 Centau-

348 1570 481 1602 ream
508 1551 686 1602 Graeci
710 1561 890 1600 vocant
909 1551 1145 1615 quoniam
1165 1569 1194 1600 a
1211 1551 1429 1602 Chirone
1455 1553 1705 1602 Centauro
1725 1553 1874 1599 fertur
1892 1558 2094 1613 reperta.

351 1637 542 1685 Eadem
569 1644 617 1684 et
642 1636 902 1698 λιμνήσιος,
931 1634 1048 1697 quia
1082 1635 1203 1682 locis
1242 1633 1486 1683 humectis
1523 1633 1751 1682 nascitur.
1826 1633 2017 1680 Eadem
2049 1640 2097 1680 et

258 1733 323 1779 34
348 1720 411 1766 fel
437 1726 591 1766 terrae
617 1726 815 1780 propter
839 1715 1234 1765 amaritudinem.
1303 1715 1558 1778 Glycyriza
1582 1716 1771 1764 Graece
1797 1732 1855 1763 ex
1880 1731 1940 1763 eo
1965 1713 2098 1762 dicta

346 1802 484 1864 quod
509 1801 707 1849 dulcem
725 1798 941 1848 radicem
963 1798 1143 1847 habeat
1161 1817 1172 1859 3
1198 1799 1346 1864 γλυκὺ
1371 1797 1502 1846 enim
1525 1799 1714 1846 Graece
1739 1798 1884 1846 dulce
1909 1796 2095 1845 dicunt.
2123 1813 2176 1842 πα

264 1896 326 1945 35
349 1884 540 1931 Eadem
569 1882 742 1945 ἄδιψος,
773 1880 887 1943 quia
913 1880 1191 1929 sitientibus
1219 1879 1349 1928 sitim
1376 1881 1529 1928 sedat.
1605 1881 1884 1927 Dracontea
1909 1888 2096 1937 vocata,

350 1966 485 2028 quod
512 1965 653 2012 hasta
686 1964 789 2011 eius
823 1961 953 2011 varia
985 1961 1045 2010 sit
1082 1963 1132 2009 in
1158 1963 1365 2010 modum
1398 1959 1602 2019 colubri,
1627 1959 2101 2022 similitudinemque

259 2054 328 2114 36
353 2044 580 2095 draconis
606 2044 836 2103 imitetur,
866 2045 942 2092 vel
967 2044 1104 2105 quod
1130 2059 1237 2091 eam
1265 2042 1469 2091 herbam
1495 2042 1659 2105 vipera
1683 2043 1866 2090 timeat.
1940 2040 2102 2091 Cheli-

353 2128 505 2179 donia
531 2127 644 2175 ideo
670 2125 848 2174 dicitur
873 2127 950 2174 vel
975 2126 1112 2188 quod
1136 2127 1353 2174 adventu
1384 2124 1704 2173 hirundinum
1730 2123 1922 2172 videtur
1946 2139 2102 2171 erum-

353 2227 482 2273 pere,
522 2211 598 2257 vel
635 2209 772 2271 quod
809 2209 953 2271 pullis
991 2205 1310 2255 hirundinum
1350 2206 1389 2254 si
1425 2205 1553 2255 oculi
1593 2207 1890 2266 auferantur,
1922 2214 2100 2253 matres
2127 2226 2176 2266 25

269 2306 330 2354 37
354 2308 523 2342 eorum
550 2291 643 2339 illis
664 2307 723 2339 ex
740 2291 834 2338 hac
854 2289 1007 2338 herba
1023 2287 1210 2337 mederi
1229 2286 1468 2337 dicantur.
1527 2286 1897 2349 Heliotropium
1917 2302 2102 2335 nomen

413 2436 430 2461 1
464 2422 648 2473 poleium
670 2419 780 2460 codd,
952 2432 976 2457 2
1006 2419 1117 2458 telae
1138 2419 1438 2458 excutiendam
1460 2417 1501 2456 D
1622 2417 1734 2455 dicta
1752 2429 1836 2456 om.
1859 2415 1920 2455 Dl
2028 2428 2104 2455 sua

353 2477 556 2517 violentia
575 2475 666 2514 DT
767 2486 792 2523 3
822 2474 1112 2523 magnitudine
1131 2472 1175 2511 D
1258 2472 1440 2512 madiani
1462 2473 1508 2510 K
1615 2485 1639 2520 4
1671 2470 2105 2521 antropomorseusD

355 2535 381 2571 6
409 2533 464 2571 vi.
484 2532 611 2570 missa
631 2529 721 2568 DT
850 2531 875 2568 8
907 2529 1034 2567 foliae
1055 2529 1148 2568 lact.
1173 2527 1218 2566 K
1352 2541 1379 2577 9
1407 2527 1681 2566 similitudine
1702 2525 1744 2565 D
1859 2525 2046 2564 maculus
2074 2525 2112 2562 T

355 2592 448 2626 ante
467 2599 566 2625 corr.
639 2584 800 2624 similes
820 2584 863 2622 D
883 2588 977 2622 ante
995 2596 1096 2624 corr.
1210 2594 1258 2619 12
1289 2581 1389 2621 facit
1408 2581 1497 2620 DK
1515 2596 1524 2619 :
1553 2586 1715 2631 prestat
1741 2579 1778 2618 T
1843 2581 1935 2619 eius
1957 2593 2037 2618 om.
2062 2579 2108 2616 K

356 2641 545 2681 usuvalis
565 2640 608 2678 D
699 2651 748 2688 13
778 2639 983 2689 oppinion
1006 2638 1050 2675 D
1125 2636 1391 2686 Coloquintis
1410 2635 1520 2675 codd.
1612 2647 1659 2685 15
1690 2634 1976 2685 coloquintida
1990 2633 2101 2672 codd.

359 2698 485 2748 (fort.
506 2700 613 2744 recte,
637 2707 732 2733 cum
753 2694 928 2744 dictam)
1046 2693 1095 2729 16
1124 2691 1189 2744 ut]
1210 2691 1251 2730 in
1274 2691 1316 2728 D
1406 2690 1675 2730 Centauriam
1696 2689 1742 2727 K
1760 2704 1768 2728 :
1798 2689 2039 2728 Centariam
2060 2687 2105 2725 D

361 2765 407 2801 17
439 2763 569 2801 grece
590 2749 633 2787 D
829 2748 914 2799 vo.]
935 2747 1030 2786 voci
1050 2753 1204 2785 vocant
1230 2745 1268 2783 T
1452 2745 1570 2797 Chi.]
1588 2757 1743 2783 cerene
1763 2744 1833 2783 D:
1861 2744 2005 2782 cinere
2025 2741 2113 2780 KT
2172 2750 2176 2751 ⁷

359 2810 563 2856 repperte
593 2803 630 2841 T
783 2805 832 2841 18
862 2803 1042 2841 eandem
1064 2807 1108 2840 et
1127 2801 1287 2840 limsios
1317 2800 1354 2838 T
1502 2813 1555 2838 20
1584 2800 1698 2849 greci
1725 2798 1763 2836 T
1876 2796 2041 2836 dulcem
2062 2796 2106 2834 D

360 2861 512 2899 dicitur
532 2860 577 2897 K
777 2871 825 2895 21
859 2857 1008 2896 sedssat
1037 2855 1074 2894 T
1273 2867 1323 2893 22
1353 2853 1630 2894 similitudine
1650 2865 1733 2903 qua
1753 2854 1815 2892 dr.
1837 2851 2043 2891 emittitur
2062 2850 2106 2888 D

361 2929 411 2964 23
443 2914 631 2964 viperam
661 2913 698 2951 T
789 2911 1027 2951 Celedonia
1054 2910 1110 2949 T:
1141 2909 1255 2948 Celi-
1274 2909 1364 2948 DK
1447 2921 1500 2958 24
1529 2908 1605 2947 dic.
1627 2909 1739 2958 quod
1761 2907 1807 2945 K
1887 2917 1939 2955 25
1969 2905 2106 2956 pullus

370 2970 426 3007 T:
458 2969 594 3019 pulsis
613 2966 658 3005 D
779 2967 913 3005 oculis
939 2966 978 3005 T
1094 2969 1228 3004 mater
1248 2963 1294 3002 K
1442 2965 1495 3001 26
1524 2963 1694 3002 medere
1713 2961 1757 3000 D
1885 2959 2104 3000 dicaturK

363 3023 623 3074 Eliotropum
653 3021 709 3060 T:
741 3021 1030 3072 Eleotropium
1051 3020 1095 3059 D
