2176 3424
428 91 1055 141 ETYMOLOGIARVM
1095 91 1223 138 LIB.
1265 92 1381 137 XII.
1424 90 1434 136 i

75 228 262 274 Taurus
290 225 533 273 Graecum
561 237 745 269 nomen
771 229 857 279 est,
885 218 1010 267 sicut
1036 227 1083 266 et
1108 217 1215 265 bos,
1290 216 1476 265 Indicis
1501 215 1649 265 tauris
1675 216 1810 264 color
1834 223 1904 270 29

73 307 230 354 fulvus
256 315 341 366 est,
370 302 578 353 volucris
604 301 878 366 pernicitas,
908 299 1017 364 pilis
1045 301 1093 348 in
1119 300 1418 348 contrarium
1443 298 1592 347 versis
1615 314 1625 354 ;
1664 305 1811 361 caput

71 389 460 438 circumflectunt
486 385 786 435 flexibilitate
811 400 909 446 qua
933 384 1103 432 volunt
1111 399 1123 442 3
1151 381 1271 445 tergi
1295 381 1475 431 duritia
1490 397 1638 429 omne
1657 381 1810 429 telum

71 478 305 534 respuunt
331 467 490 516 inmiti
527 469 729 516 feritate.
803 469 991 514 Bovem
1030 464 1206 514 Graeci
1241 467 1361 528 βοῦν
1396 463 1582 512 dicunt.
1658 464 1812 510 Hunc
1839 468 1905 515 30

9 574 47 615 ³5
73 551 233 601 Latini
267 550 478 599 trionem
504 559 696 609 vocant,
731 565 790 598 eo
823 549 961 611 quod
995 556 1173 597 terram
1203 556 1339 607 terat,
1380 545 1520 610 quasi
1554 546 1809 595 terionem.

73 633 288 684 Naevius
317 633 451 699 (trag.
477 631 563 697 62)
588 649 597 680 ε

472 716 713 763 Trionum
751 711 830 760 hic
869 713 1149 761 moderator
1186 709 1409 759 rusticus.

79 799 232 848 Cuius
276 797 485 845 latitudo
518 794 720 859 pellium
760 811 788 842 a
828 802 997 842 mento
1033 794 1097 842 ad
1135 809 1272 840 crura
1312 791 1525 855 palearia
1566 791 1809 851 dicuntur,

71 897 100 928 a
135 881 263 942 pelle
299 878 416 942 ipsa,
457 877 594 941 quasi
632 875 895 940 pellearia3
943 877 1079 937 quod
1115 884 1188 923 est
1223 873 1562 937 generositatis
1600 875 1650 921 in
1686 874 1814 922 bove

0 981 50 1011 κο
74 961 281 1024 signum.
356 962 517 1007 Boum
546 960 594 1006 in
621 957 765 1006 sociis
792 956 969 1006 eximia
1006 956 1189 1019 pietas;
1229 972 1343 1004 nam
1370 957 1491 1004 alter
1515 956 1722 1003 alterum
1749 956 1816 1002 in-

74 1041 232 1105 quirit,
278 1058 390 1089 cum
431 1057 530 1103 quo
571 1041 751 1088 ducere
790 1040 919 1087 collo
962 1047 1119 1087 aratra
1162 1038 1432 1097 consuevit,
1476 1046 1523 1085 et
1573 1036 1817 1099 frequenti

74 1123 262 1186 mugitu
283 1122 418 1186 pium
446 1131 650 1171 testatur
674 1123 904 1170 affectum
931 1120 970 1168 si
997 1122 1120 1168 forte
1154 1119 1401 1168 defecerit.
1476 1122 1644 1167 Vacca
1669 1118 1814 1179 dicta,
1842 1137 1894 1183 31

74 1205 211 1267 quasi
255 1205 455 1253 boacca.
547 1206 635 1252 Est
674 1204 807 1251 enim
848 1219 906 1250 ex
945 1201 1180 1264 qualitate
1229 1200 1487 1248 mobilium
1539 1199 1813 1260 nominum,

73 1287 198 1336 sicut
223 1289 300 1335 leo
327 1289 513 1346 leaena,
541 1286 690 1334 draco
717 1285 972 1333 dracaena.
1047 1282 1244 1331 Vitulus
1272 1292 1319 1331 et
1345 1283 1496 1330 vitula
1521 1299 1549 1330 a
1573 1281 1816 1331 viriditate
1841 1299 1905 1346 32

0 1382 54 1434 zu
73 1368 229 1418 vocati
279 1377 405 1428 sunt,
452 1368 502 1416 id
546 1376 619 1416 est
661 1374 821 1415 aetate
864 1364 1017 1424 viridi,
1055 1364 1180 1413 sicut
1223 1364 1372 1427 virgo.
1444 1363 1663 1412 Vitulam
1701 1380 1815 1427 ergo

73 1468 270 1514 parvam
298 1467 404 1499 esse
436 1459 483 1498 et
521 1450 745 1497 nondum
784 1448 1011 1497 enixam:
1053 1463 1166 1495 narn
1202 1446 1344 1495 enixa
1382 1445 1589 1494 iuvenca
1626 1455 1699 1495 est
1731 1456 1814 1494 aut

74 1549 232 1581 vacca.
321 1532 498 1580 Bubali
541 1530 700 1579 vocati
750 1547 834 1593 per
882 1528 1253 1589 derivationem,
1304 1529 1441 1590 quod
1489 1527 1585 1576 sint
1632 1527 1815 1577 similes
1840 1539 1905 1586 33

74 1616 226 1663 boum
247 1632 260 1675 ;
297 1616 423 1663 adeo
462 1613 690 1662 indomiti
728 1622 780 1660 ut
816 1628 931 1675 prae
968 1612 1156 1660 feritate
1194 1610 1360 1674 iugum
1399 1609 1671 1658 cervicibus
1714 1627 1815 1658 non

75 1696 325 1759 recipiant.
399 1698 512 1744 Hos
548 1694 713 1743 Africa
749 1703 983 1757 procreat.
1058 1692 1144 1740 Vri
1181 1701 1393 1755 agrestes
1428 1692 1580 1741 boves
1615 1700 1729 1740 sunt
1767 1691 1815 1741 in
1838 1706 1903 1753 34

0 1805 55 1833 ;.·,ο
77 1777 355 1837 Germania,
382 1777 620 1825 habentes
647 1792 831 1824 cornua
856 1777 905 1823 in
932 1783 1123 1823 tantum
1149 1784 1381 1838 protensa
1397 1783 1450 1823 ut
1466 1773 1608 1838 regiis
1634 1774 1818 1823 mensis

75 1858 251 1922 insigni
277 1858 546 1921 capacitate
571 1874 629 1907 ex
654 1857 722 1907 eis
748 1859 943 1920 gerulae
970 1858 1101 1905 fiant.
1178 1855 1333 1922 [Dicti
1354 1858 1426 1904 uri
1445 1858 1534 1904 ἀπὸ
1555 1861 1643 1905 τῶν
1663 1858 1816 1919 ὀρέων,

75 1943 125 1991 id
162 1950 234 1989 est
270 1957 298 1988 a
334 1938 624 2005 montibus]
698 1938 915 1989 Camelis
953 1955 1102 1987 causa
1138 1954 1323 1987 nomen
1360 1938 1516 1998 dedit,
1543 1937 1643 1987 sive
1680 1940 1815 2001 quod
1841 1957 1904 2006 35

74 2023 275 2086 quando
302 2031 579 2082 onerantur,
608 2030 660 2069 ut
684 2022 930 2070 breviores
958 2030 1005 2069 et
1030 2020 1240 2069 humiles
1263 2021 1396 2080 fiant,
1419 2020 1678 2081 accubant,
1702 2020 1818 2084 quia

2 2154 6 2166 Δ
47 2140 49 2146 2
76 2104 250 2154 Graeci
274 2106 422 2170 χαμαὶ
437 2105 623 2152 humile
649 2112 696 2153 et
723 2104 869 2152 breve
889 2103 1088 2161 dicunt;
1116 2103 1216 2150 sive
1237 2104 1352 2166 quia
1368 2119 1544 2151 curvus
1562 2111 1635 2151 est
1652 2105 1813 2152 dorso.

0 2193 273 2254 ῳ5,Καμουρ
315 2186 445 2235 enim
482 2186 632 2235 verbo
673 2186 866 2235 Graeco
909 2202 1112 2233 curvum
1155 2184 1410 2247 significat.
1486 2187 1597 2233 Hos
1631 2186 1745 2234 licet
1771 2195 1818 2234 et

76 2269 197 2318 aliae
223 2268 444 2332 regiones
470 2267 680 2327 mittant,
710 2268 798 2315 sed
824 2266 1006 2316 Arabia
1041 2265 1292 2329 plurimos.
1368 2266 1615 2315 Differunt
1651 2275 1816 2315 autern

77 2351 194 2410 sibi;
233 2368 346 2399 nam
369 2349 566 2398 Arabici
588 2349 706 2398 bina
730 2348 902 2397 tubera
941 2347 989 2395 in
1028 2349 1176 2396 dorso
1202 2347 1401 2408 habent,
1429 2350 1724 2411 reliquarum
1753 2365 1819 2398 re-

133 2493 148 2519 1
183 2481 349 2520 indiciis
371 2479 420 2519 C1
568 2493 592 2517 2
621 2479 893 2528 pertinacitas
912 2478 951 2516 Β
1061 2477 1171 2527 pilus
1193 2477 1236 2515 in
1258 2490 1291 2516 c.
1315 2490 1462 2516 versus
1484 2477 1660 2517 Solinus
1679 2489 1743 2529 52,
1768 2481 1822 2528 36

78 2548 102 2586 3
128 2536 474 2586 circumplectunt
491 2534 531 2572 Β
639 2547 664 2582 4
693 2534 815 2585 βοῦν]
831 2532 974 2572 boethi
998 2531 1034 2569 T
1055 2547 1063 2571 :
1093 2531 1206 2570 boeti
1221 2531 1374 2572 BKX:
1403 2532 1506 2571 boiti
1525 2533 1591 2572 O:
1619 2534 1771 2572 boeten
1789 2534 1823 2573 C

81 2589 151 2641 di.]
171 2596 324 2630 vocant
344 2589 430 2627 ΒΧ
552 2599 576 2636 5
606 2588 791 2638 plionem
815 2589 859 2626 K
983 2592 1136 2626 vocant
1151 2599 1234 2626 om.
1254 2585 1300 2623 K
1423 2593 1562 2626 terant
1577 2587 1621 2625 K
1748 2603 1815 2638 qu.

81 2650 291 2685 terronem
309 2644 374 2685 K:
398 2657 468 2694 qu.
485 2643 714 2682 terrionem
735 2642 820 2681 BT
978 2655 998 2691 7
1030 2641 1209 2680 trionem
1231 2640 1353 2679 ΒΕΘ
1372 2646 1466 2680 ante
1483 2655 1581 2681 corr.
1605 2644 1707 2693 (non
1722 2644 1817 2693 FP)

81 2699 176 2739 hinc
198 2699 342 2752 T<non
361 2698 418 2749 U)
431 2699 672 2737 moderatur
691 2696 990 2747 GK1TU<n0n
1005 2696 1061 2745 F)
1078 2710 1086 2734 :
1106 2696 1350 2734 demoratur
1366 2697 1436 2735 M:
1458 2698 1729 2736 moderantur
1743 2697 1823 2736 ΟΡ

81 2755 108 2794 8
126 2755 221 2805 pell.
236 2784 245 2793 .
268 2786 276 2795 .
293 2785 302 2794 .
319 2754 371 2793 ad
391 2766 472 2792 om.
505 2752 541 2789 T
642 2766 669 2802 9
688 2765 712 2790 a
727 2752 837 2801 pella
860 2752 897 2790 T
975 2751 1307 2800 generositatem
1323 2750 1369 2788 K
1475 2765 1519 2789 11
1544 2765 1638 2790 cum
1652 2765 1735 2801 qua
1752 2751 1816 2792 K:

83 2821 205 2858 quum
227 2821 278 2847 co
307 2807 343 2846 T
450 2820 498 2846 12
529 2806 711 2845 desuerit
731 2805 777 2843 K
900 2818 948 2854 13
977 2805 1093 2855 quasi
1117 2818 1197 2843 om.
1214 2804 1265 2843 C1
1348 2806 1480 2845 boaca
1495 2806 1539 2843 K
1547 2806 1583 2843 T
1658 2820 1713 2844 ex
1735 2820 1819 2846 om.

84 2862 128 2901 K
206 2863 362 2913 qualite
378 2862 422 2899 K
533 2873 581 2910 15
601 2866 747 2900 vocata
771 2860 806 2899 C
915 2862 964 2898 16
984 2866 1055 2899 aut
1071 2872 1151 2898 om.
1178 2858 1231 2896 Tl
1253 2875 1260 2898 ε
1280 2867 1324 2898 ut
1340 2861 1420 2900 BC
1504 2873 1550 2909 17
1572 2861 1706 2912 quod]
1726 2862 1823 2910 quia

86 2916 120 2955 C
203 2919 252 2956 18
271 2918 356 2967 iug.
380 2917 422 2954 in
442 2929 525 2955 cer.
547 2915 593 2954 K
690 2927 739 2964 19
759 2915 972 2964 recipiunt
998 2914 1034 2951 T
1121 2926 1169 2952 21
1194 2914 1352 2953 fiebant
1374 2915 1410 2952 T
1487 2915 1586 2954 dicti
1605 2945 1615 2954 .
1635 2945 1644 2955 .
1664 2945 1673 2955 .
1691 2922 1822 2955 mont.

84 2970 175 3012 hab.
205 2971 255 3011 T:
278 2984 361 3012 om.
375 2970 499 3009 BCK
605 2969 747 3009 orrion
772 2969 808 3007 T
910 2982 961 3007 22
991 2968 1122 3020 quod]
1141 2969 1238 3018 quia
1250 2967 1331 3007 BC
1436 2982 1487 3018 23
1517 2970 1766 3009 humiliores
1782 2970 1828 3008 K

84 3025 335 3065 accumbunt
350 3025 395 3063 K
475 3038 527 3074 24
549 3025 657 3064 cami
670 3023 782 3063 codd.
864 3024 934 3062 vix
953 3023 1066 3062 humi
1088 3023 1156 3074 (cf.
1174 3023 1271 3062 XX.
1291 3035 1349 3063 xr.
1368 3024 1410 3063 23
1496 3036 1547 3073 25
1566 3037 1708 3062 camur
1719 3024 1799 3064 BC
1812 3040 1820 3064 ε

87 3080 150 3128 (cf.
167 3079 260 3120 XV.
274 3091 368 3119 vm.
390 3081 433 3132 5)
453 3093 461 3120 z
493 3080 666 3119 chamur
689 3078 748 3117 T:
769 3091 911 3117 camus
934 3077 979 3115 K
1087 3077 1217 3129 enirn]
1239 3091 1343 3128 ergo
1373 3077 1408 3114 T
1525 3079 1590 3119 lic.
1615 3078 1664 3119 al.
1686 3079 1773 3117 ΒΚ
