2176 3424
1068 111 1339 160 ISIDORI

330 237 701 287 multitudinem
730 239 1005 303 lulliginum
1034 242 1225 290 evolare
1253 258 1311 291 ex
1327 259 1456 305 aqua
1475 251 1528 291 ut
1546 243 1692 293 etiam
1720 262 1867 294 naves
1893 247 2078 295 demer-

236 330 302 390 48
327 337 439 383 gere
481 320 686 384 possint.
777 322 1016 371 Conchae
1056 332 1104 371 et
1146 325 1379 373 cochleae
1419 326 1510 373 hac
1559 343 1616 374 ex
1664 343 1810 376 causa
1858 338 2073 383 vocatae,

328 403 443 466 quia
482 403 745 452 deficiente
786 405 904 452 luna
943 414 1190 466 cavantur,
1234 406 1283 455 id
1323 415 1395 455 est
1445 418 1753 457 evacuantur.
1834 411 2072 459 Omnium

327 484 460 533 enim
487 486 765 534 clausorum
795 485 940 534 maris
957 487 1243 536 animalium
1270 497 1418 551 atque
1443 491 1742 539 concharum
1769 491 2074 541 incremento

326 569 473 615 lunae
509 567 730 616 membra
773 576 1073 630 turgescunt,
1119 571 1316 619 defectu
1371 581 1680 620 evacuantur.
1753 575 1893 622 Luna
1942 575 2073 623 enim
2099 603 2119 642 5

327 666 439 697 cum
478 649 527 696 in
564 659 831 712 augmento
869 650 1026 709 fuerit,
1057 661 1205 714 auget
1243 653 1530 711 humorem:
1569 670 1682 701 cum
1708 669 1823 703 vero
1859 655 1908 702 in
1947 656 2075 704 defe-

326 740 461 779 ctum
500 730 699 790 venerit,
723 733 955 780 humores
994 732 1283 781 minuuntur
1301 752 1314 794 3
1351 736 1446 783 hoc
1484 735 1617 783 enim
1657 735 1852 799 Physici
1889 736 2072 786 dicunt.

327 812 566 862 Conchae
602 822 767 862 autem
807 813 993 876 primae
1030 813 1289 877 positionis
1326 832 1524 877 nomen,
1566 819 1799 866 cochleae
1835 834 1950 867 vero
1989 833 2073 880 per

228 907 301 954 49
325 895 725 955 diminutionem,
772 895 910 958 quasi
960 898 1244 945 conchleae.
1328 898 1645 947 Concharum
1695 902 1848 949 multa
1893 916 2073 963 genera

325 987 437 1026 sunt
459 996 472 1039 ;
509 978 635 1026 inter
659 994 780 1040 quas
819 987 866 1026 et
904 978 1294 1041 margaritiferae,
1320 996 1447 1042 quae
1485 983 1721 1036 †oceloe†
1756 982 1998 1042 dicuntur,
2023 981 2071 1030 in
2099 1006 2146 1034 10

323 1077 530 1122 quarum
558 1076 704 1108 carne
729 1060 971 1122 pretiosus
1000 1062 1217 1110 calculus
1244 1062 1492 1111 solidatur.
1568 1064 1644 1112 De
1669 1064 1848 1126 quibus
1874 1065 2071 1112 tradunt

322 1142 373 1189 hi
415 1142 496 1205 qui
531 1144 594 1191 de
628 1142 956 1191 animantium
1001 1143 1238 1206 scripsere
1277 1145 1461 1193 naturis
1506 1143 1607 1212 [eo]
1651 1148 1786 1209 quod
1829 1155 2072 1195 nocturno

322 1234 545 1287 tempore
571 1224 712 1273 litora
736 1234 987 1288 appetant,
1017 1235 1064 1274 et
1101 1243 1158 1274 ex
1196 1226 1392 1276 caelesti
1430 1244 1537 1276 rore
1574 1230 1885 1291 margaritum
1911 1228 2071 1277 conci-

230 1321 299 1370 5ο
325 1306 497 1369 piunt3
547 1308 680 1355 unde
734 1316 782 1356 et
828 1309 1062 1359 †oceloe†
1114 1308 1445 1357 nominantur.
1538 1313 1713 1359 Murex
1757 1312 1960 1359 cochlea
1998 1320 2070 1359 est

324 1389 484 1446 maris,
512 1389 644 1437 dicta
680 1390 743 1437 ab
780 1389 1010 1438 acumine
1048 1399 1095 1438 et
1132 1391 1407 1454 asperitate,
1435 1408 1561 1455 quae
1597 1393 1693 1441 alio
1730 1393 1931 1441 nomine
1957 1410 2069 1442 con·
2096 1416 2141 1456 15

322 1471 524 1519 chilium
567 1473 863 1532 nominatur,
911 1481 1109 1535 propter
1154 1475 1289 1535 quod
1338 1473 1626 1523 circumcisa
1673 1477 1798 1523 ferro
1846 1475 2068 1525 lacrimas

322 1555 551 1617 purpurei
612 1555 789 1602 coloris
850 1557 1054 1615 emittat,
1106 1573 1163 1604 ex
1223 1556 1403 1619 quibus
1463 1573 1677 1620 purpura
1735 1557 1961 1621 tingitur:
2023 1568 2069 1607 et

320 1635 437 1684 inde
464 1646 651 1684 ostrum
681 1638 981 1699 appellatum
1011 1640 1146 1700 quod
1185 1640 1305 1687 haec
1340 1639 1551 1688 tinctura
1582 1657 1639 1688 ex
1673 1649 1827 1689 testae
1863 1642 2069 1691 humore

241 1730 296 1779 51
321 1718 524 1767 elicitur.
597 1719 817 1768 Cancros
855 1722 1031 1780 vocari,
1062 1722 1177 1783 quia
1216 1723 1438 1771 conchae
1475 1732 1587 1772 sunt
1625 1740 1764 1772 crura
1800 1724 2068 1774 habentes:

319 1802 519 1849 inimica
589 1800 761 1850 ostreis
831 1803 1078 1851 animalia.
1171 1804 1355 1851 Eorum
1418 1803 1549 1852 enim
1609 1806 1839 1854 carnibus
1898 1807 2066 1855 vivunt
2091 1826 2142 1854 20

319 1884 442 1932 miro
468 1883 667 1946 ingenio
685 1902 698 1944 3
735 1900 851 1932 nam
894 1885 1009 1946 quia
1043 1884 1204 1933 valida
1243 1894 1367 1933 testa
1401 1885 1504 1934 eius
1543 1886 1717 1948 aperiri
1751 1903 1851 1935 non
1885 1896 2061 1950 potest,

318 1967 536 2028 explorat
563 1967 766 2028 quando
803 1974 964 2015 ostrea
1001 1968 1211 2015 claustra
1247 1975 1478 2015 testarum
1517 1969 1714 2030 aperiat,
1743 1977 1860 2016 tunc
1890 1985 2066 2018 cancer

316 2048 525 2096 latenter
574 2048 797 2110 lapillum
849 2047 986 2097 inicit
1040 2058 1190 2111 atque
1239 2049 1459 2112 inpedita
1506 2050 1829 2098 conclusione
1878 2060 2067 2101 ostreae

317 2145 488 2177 carnes
527 2129 697 2178 erodit.
773 2131 999 2179 Tradunt
1043 2132 1246 2194 quidam
1295 2133 1470 2180 decem
1519 2133 1707 2180 cancris
1756 2149 1869 2180 curn
1918 2133 2065 2182 ocimi

318 2213 572 2273 manipulo
613 2211 820 2274 alligatis
870 2229 1044 2261 omnes
1093 2214 1176 2275 qui
1226 2213 1294 2261 ibi
1344 2223 1457 2261 sunt
1507 2213 1791 2276 scorpiones
1838 2215 1902 2262 ad
1951 2229 2062 2262 eum
2089 2232 2138 2273 ²5

378 2355 392 2379 1
428 2341 645 2390 loliginum
666 2356 715 2380 ex
733 2342 920 2391 luginum
953 2342 998 2380 K
1107 2341 1265 2380 evolari
1296 2342 1424 2380 BKT
1526 2343 1623 2382 dim.
1647 2342 1760 2381 RK:
1789 2343 2065 2394 submergere

321 2396 356 2435 C
464 2409 487 2434 2
519 2410 572 2434 ex
590 2397 668 2435 hac
692 2396 753 2435 C:
784 2399 863 2435 hec
886 2410 940 2436 ex
962 2397 1007 2435 K
1129 2410 1153 2446 3
1183 2396 1302 2448 quia]
1324 2399 1436 2447 quod
1459 2396 1494 2435 C
1612 2412 1636 2446 4
1667 2398 1973 2438 incrementum
1990 2400 2064 2440 K:

317 2453 429 2490 inter
448 2458 665 2490 crementa
697 2451 738 2489 Β
920 2464 943 2501 5
975 2452 1162 2491 membra
1190 2465 1270 2490 om.
1293 2452 1380 2490 ΒΚ
1541 2454 1567 2490 6
1597 2453 1638 2490 in
1663 2453 1781 2505 aug.]
1800 2455 2007 2493 incremto
2032 2454 2067 2494 C

319 2520 341 2556 7
373 2505 509 2558 enim]
533 2507 653 2544 nobis
674 2507 720 2544 K
897 2521 922 2556 9
952 2521 1019 2556 qu.
1043 2506 1245 2546 conculae
1268 2506 1326 2545 C:
1355 2520 1423 2557 qu.
1449 2507 1655 2546 conchule
1685 2507 1722 2544 T
1853 2514 1951 2547 sunt
1963 2522 2060 2558 gen.

320 2561 355 2600 C
510 2573 559 2599 10
591 2575 643 2599 m.
666 2575 703 2611 q.
732 2561 930 2600 oecaeloe
950 2561 1009 2599 Β1
1031 2577 1039 2601 :
1070 2576 1123 2602 m.
1148 2575 1188 2611 q.
1210 2561 1353 2600 caeloe
1378 2562 1434 2600 C:
1467 2575 1519 2601 m.
1541 2575 1580 2611 q.
1605 2563 1748 2601 aceloe
1778 2562 1897 2614 T(ex
1913 2576 1983 2602 oc-
2001 2564 2032 2615 12)
2053 2579 2063 2604 :

319 2630 374 2656 m.
391 2629 429 2666 q.
454 2616 632 2656 oecoloe
650 2615 715 2655 X:
739 2629 792 2655 m.
811 2630 851 2665 q.
875 2617 1021 2656 eceloe
1042 2617 1110 2655 D:
1131 2615 1349 2665 margariti
1371 2629 1467 2655 esse
1486 2616 1570 2655 ΚΟ
1588 2631 1597 2656 :
1627 2618 1699 2656 vix
1717 2630 1769 2657 m.
1786 2631 1823 2667 q.
1842 2618 2061 2658 Acheloae

317 2672 358 2709 in
380 2684 556 2720 quarum
578 2700 586 2709 .
611 2700 645 2710 ..
671 2671 791 2710 solid.
808 2684 890 2710 om.
917 2671 955 2708 T
1130 2684 1177 2709 12
1208 2677 1357 2710 natura
1375 2671 1422 2709 K
1600 2684 1646 2722 13
1675 2672 1803 2711 litore
1832 2672 1870 2710 T
1990 2687 2062 2722 ap-

317 2731 468 2776 petunt
501 2725 543 2763 B
579 2730 672 2765 ante
710 2738 809 2765 corr.
851 2725 1001 2777 K(T2)
1172 2739 1220 2775 14
1250 2739 1288 2765 u.
1325 2725 1498 2765 acaeloe
1540 2726 1605 2767 B:
1651 2740 1693 2766 u.
1727 2733 1770 2766 et
1800 2727 1970 2766 caeloae
2000 2727 2061 2767 C:

318 2794 356 2820 u.
400 2786 443 2819 et
488 2780 634 2819 ocaelo
677 2793 700 2818 e
741 2780 923 2831 (eceloe)
960 2781 1046 2819 ΚΟ
1072 2795 1081 2820 :
1125 2794 1165 2821 u.
1207 2785 1251 2819 et
1297 2780 1439 2819 eceloe
1488 2779 1597 2820 DT:
1645 2795 1684 2822 u.
1731 2787 1774 2820 et
1824 2781 1971 2820 oceloe
2017 2781 2065 2820 X

313 2835 589 2874 numinantur
603 2834 688 2872 ΚΟ
875 2847 921 2883 15
951 2835 1108 2888 acum.]
1131 2835 1271 2874 amine
1291 2834 1338 2873 K
1520 2836 1571 2873 16
1598 2835 1770 2875 lacrima
1789 2836 1836 2874 K
2012 2849 2058 2886 17

316 2890 471 2928 emittit
494 2889 529 2927 C
640 2891 688 2928 18
718 2887 851 2939 quod]
867 2890 966 2939 quia
982 2890 1069 2928 ΒΚ
1195 2902 1242 2938 19
1271 2889 1383 2939 quod
1407 2889 1544 2929 Cante
1562 2903 1660 2931 corr.
1774 2903 1828 2928 20
1856 2903 1999 2929 earum
2015 2891 2063 2929 K

316 2945 426 2983 enirn
442 2958 528 2984 om.
558 2943 596 2982 T
718 2955 767 2981 21
802 2944 981 2983 validam
1001 2950 1151 2983 testam
1172 2944 1251 2982 BC
1357 2945 1525 2994 aperire
1543 2943 1624 2984 BC
1629 2944 1666 2982 T
1797 2957 1850 2983 22
1879 2945 2060 2985 claustra

313 3012 397 3038 om.
420 2998 476 3036 Β1
589 3011 640 3048 23
671 2999 816 3038 incitat
836 3011 920 3048 quo
940 3000 1027 3048 inp.
1046 2999 1092 3038 K
1198 3012 1250 3048 24
1279 2999 1389 3039 trad.
1409 3000 1519 3038 enim
1541 3012 1608 3049 qu.
1630 2998 1672 3037 B
1781 3011 1831 3048 25
1861 2999 2056 3050 alligatus

320 3053 378 3092 T:
400 3052 556 3103 alligati
579 3052 625 3092 K
