2176 3424
436 120 1068 168 ETYMOLOGIARVM
1108 121 1236 167 LIB.
1280 123 1366 168 IX.
1408 120 1471 180 iii,
1510 122 1558 168 iv

124 256 173 296 et
208 250 508 298 tumultuosa
544 248 594 296 in
631 248 699 297 ira
734 249 988 297 conflatur.
1063 251 1207 297 Haec
1241 258 1291 297 et
1324 250 1641 298 tumultuatio
1669 249 1861 298 dicitur.

123 330 184 377 In
208 329 314 378 acie
337 339 501 378 autem
528 329 647 379 istae
673 331 772 378 fere
797 331 984 378 formae
1009 339 1122 378 sunt
1146 349 1155 378 :
1192 330 1445 390 exercitus,
1473 330 1654 390 classis,
1683 332 1859 391 nodus,
1885 341 1951 398 56

118 426 317 471 cuneus,
346 413 464 471 alae,
493 428 688 470 cornua,
717 428 926 474 agmen3
962 428 1089 474 quae
1122 413 1302 460 formas
1334 420 1382 461 et
1414 412 1618 461 nomina
1650 412 1714 461 ab
1744 412 1861 476 ipsis

115 492 274 552 rebus,
303 483 365 541 de
390 492 570 556 quibus
595 494 828 541 translata
851 501 976 552 sunt,
1008 501 1304 541 mutuantur.
1377 492 1524 542 Acies
1550 494 1696 553 dicta,
1724 497 1860 557 quod
1884 506 1948 555 57

69 587 89 625 5
114 574 240 622 ferro
263 582 450 622 armata
475 577 536 622 sit
553 583 601 623 et
625 576 853 622 acumine
872 575 1163 637 gladiorum.
1238 576 1492 623 Exercitus
1515 575 1780 624 multitudo
1801 592 1859 624 ex
1880 580 1946 637 58

113 672 213 703 uno
237 672 429 718 genere,
457 655 521 704 ab
545 654 891 705 exercitatione
915 655 1034 704 belli
1065 665 1251 705 vocata.
1326 657 1528 706 Cuneus
1553 666 1627 706 est
1650 659 1859 706 collecta
1879 671 1948 721 59

112 738 161 784 in
187 754 341 785 unum
368 739 577 786 militum
604 736 882 786 multitudo.
942 738 1091 786 Vnde
1116 746 1315 801 propter
1338 740 1474 801 quod
1499 737 1549 786 in
1569 756 1727 787 unum
1742 738 1855 798 coit,

111 816 216 881 ipsa
251 817 400 867 coitio
435 817 487 866 in
520 835 675 867 unum
709 835 896 866 cuneus
925 818 1210 867 nominatus
1244 828 1331 879 est,
1360 819 1501 883 quasi
1536 822 1772 881 couneus,
1800 838 1858 870 eo

110 900 246 961 quod
281 899 331 947 in
368 916 523 947 unum
560 917 733 948 omnes
769 909 1020 962 cogantur.
1092 901 1287 950 Classes
1321 900 1483 951 dictae
1515 903 1714 966 propter
1742 901 1859 951 divi·
1882 913 1953 959 60

39 990 88 1018 10
110 979 299 1028 sionem
342 981 596 1040 exercitus,
636 983 720 1044 qui
760 990 932 1045 postea
971 980 1211 1046 manipuli
1254 982 1373 1031 dicti
1417 993 1543 1032 sunt.
1618 985 1767 1032 Vnde
1811 994 1859 1032 et

110 1062 352 1125 Vergilius
380 1063 525 1126 (Aen.
549 1081 588 1123 2,
612 1063 694 1126 30)
721 1083 729 1111 z

309 1144 563 1194 Classibus
601 1144 681 1193 hic
716 1146 867 1203 locus,
907 1143 988 1192 hic
1023 1146 1153 1193 acies
1190 1154 1373 1194 certare
1410 1147 1650 1196 solebant.

109 1226 215 1273 Iam
241 1235 411 1289 postea
435 1235 484 1275 et
508 1228 711 1275 classica
736 1225 935 1274 navium
961 1225 1105 1275 dicta.
1181 1229 1228 1275 N
1234 1229 1359 1276 odus
1385 1227 1578 1291 proprie
1604 1238 1677 1278 est
1702 1230 1857 1277 densa
1879 1234 1939 1280 61

107 1308 327 1368 peditum
360 1307 640 1366 multitudo,
671 1309 795 1355 sicut
822 1317 982 1356 turma
1013 1307 1250 1370 equitum.
1325 1310 1530 1358 Nodum
1564 1318 1731 1358 autem
1758 1310 1856 1358 dic—

37 1398 81 1439 15
108 1398 211 1436 tum
242 1406 329 1451 pro
363 1390 662 1449 difficultate,
692 1391 828 1452 quod
853 1391 931 1437 vix
965 1389 1120 1452 possit
1146 1390 1335 1439 resolvi.
1410 1393 1533 1440 Alae
1563 1391 1614 1439 in
1641 1392 1852 1440 exercitu
1879 1400 1949 1446 62

106 1469 300 1532 triginta
325 1470 514 1533 equites
541 1488 646 1519 esse
671 1470 914 1519 dicuntur.
972 1473 1095 1519 Alae
1111 1481 1277 1520 autem
1299 1472 1488 1535 equites
1515 1474 1581 1521 ob
1601 1474 1697 1522 hoc
1717 1473 1850 1532 dicti,

107 1550 222 1613 quia
247 1561 417 1614 tegunt
441 1551 632 1615 pedites
665 1554 852 1600 alarum
883 1552 1002 1601 vice.
1077 1554 1279 1603 Cornua
1307 1563 1544 1602 vocantur
1574 1554 1852 1603 extremitas
1877 1565 1946 1622 63

106 1632 356 1691 exercitus,
385 1635 521 1696 quod
547 1633 726 1682 intorta
761 1633 835 1682 sit.
909 1637 1104 1697 Agmen
1131 1634 1308 1683 dicitur
1340 1653 1455 1685 cum
1490 1636 1729 1685 exercitus
1764 1637 1853 1686 iter
1876 1646 1946 1706 64

104 1713 230 1772 facit,
259 1715 322 1763 ab
346 1716 540 1778 agendo
565 1725 809 1775 vocatum,
839 1715 889 1764 id
914 1726 988 1764 est
1022 1717 1202 1765 eundo.
1278 1719 1479 1766 Plautus
1507 1718 1681 1781 (Most.
1704 1719 1849 1783 562):

32 1806 81 1833 20
107 1799 117 1820 ‘
136 1797 252 1856 Quo
277 1805 324 1844 te
340 1797 478 1859 agis?
497 1798 507 1818 '
560 1799 674 1860 Ipse
691 1806 763 1846 est
783 1796 915 1845 enim
936 1797 1175 1847 exercitus
1191 1799 1468 1847 ambulans.
1525 1801 1656 1847 Nam
1672 1816 1850 1862 agmen

104 1876 292 1936 dicitur,
343 1879 479 1940 quod
521 1877 572 1926 in
620 1878 928 1941 longitudine
977 1878 1219 1928 directum
1268 1889 1354 1940 est,
1397 1882 1542 1943 quale
1581 1883 1705 1929 solet
1743 1898 1850 1930 esse

103 1974 216 2006 cum
243 1958 480 2007 exercitus
505 1959 656 2023 portis
682 1959 918 2023 procedit.
983 1960 1243 2024 Quidquid
1280 1961 1423 2010 fuerit
1459 1962 1606 2022 aliud,
1646 1962 1850 2013 abusive

104 2038 294 2087 dicitur.

242 2123 324 2168 DE
360 2135 574 2169 c1VIBVS.
650 2124 727 2171 De
759 2122 974 2186 imperiis
1005 2123 1307 2187 militiaeque
1339 2125 1593 2175 vocabulis
1630 2143 1687 2175 ex
1713 2136 1850 2191 parte
1874 2147 1931 2186 IV

33 2218 80 2259 25
103 2201 291 2251 dictum
321 2212 394 2251 est
410 2219 423 2263 3
460 2201 693 2267 deinceps
722 2203 903 2252 civium
938 2204 1142 2253 nomina
1169 2206 1454 2254 summatim
1487 2206 1846 2271 subiungimus.

105 2283 250 2334 Cives
274 2283 450 2344 vocati,
482 2286 618 2347 quod
642 2284 691 2333 in
718 2302 872 2334 unum
898 2297 1134 2336 coeuntes
1159 2287 1339 2348 vivant,
1366 2298 1419 2338 ut
1445 2290 1543 2338 vita
1568 2291 1848 2340 communis
1873 2314 1903 2347 2

160 2425 179 2452 1
211 2414 464 2453 tumultuose
476 2413 672 2453 Schwarz
796 2427 820 2452 2
852 2415 901 2454 In
928 2416 1093 2465 agatiae
1114 2416 1155 2454 A
1270 2430 1294 2466 3
1324 2422 1419 2457 ante
1437 2431 1595 2458 cuneus
1610 2420 1683 2461 del.
1708 2421 1845 2460 fumus

105 2473 152 2507 ut
167 2467 245 2508 m‘d.
276 2468 314 2507 T
553 2482 661 2519 quae
681 2469 814 2508 forma
835 2470 912 2509 sed
933 2472 1108 2522 (formas
1129 2472 1182 2510 ed
1205 2471 1274 2522 Cl)
1295 2485 1364 2512 no.
1389 2472 1487 2512 ACl
1506 2487 1515 2512 τ
1544 2476 1621 2513 sed
1643 2476 1783 2514 omnia
1804 2475 1851 2514 K

102 2536 126 2571 4
157 2528 374 2562 mutantur
393 2521 486 2561 AK
607 2535 632 2572 5
663 2523 725 2575 et]
747 2525 799 2563 ad
821 2523 867 2562 K
999 2525 1118 2564 mult.
1140 2527 1254 2565 unde
1273 2533 1451 2577 propter
1470 2530 1583 2578 quod
1605 2542 1659 2568 ex
1679 2529 1727 2568 K
1743 2530 1845 2581 (non

102 2576 164 2628 A)
183 2577 249 2627 (pf.
272 2581 292 2626 ξ
308 2578 378 2627 59)
496 2590 517 2627 7
548 2578 631 2616 coit
652 2584 694 2617 et
712 2579 756 2616 in
778 2579 831 2628 ip.
852 2578 893 2616 A
1007 2581 1033 2618 8
1055 2579 1203 2631 coitio]
1227 2581 1419 2621 collectio
1440 2581 1487 2620 K
1503 2585 1606 2636 (non
1625 2584 1689 2636 A)
1802 2585 1844 2624 in

103 2644 231 2673 unum
252 2645 335 2671 om.
356 2629 402 2670 K
417 2631 519 2683 (non
540 2631 603 2679 A)
739 2633 874 2685 nom.]
898 2639 1163 2684 nuncupatus
1182 2648 1281 2676 corr.
1301 2643 1474 2676 vocatus
1495 2637 1536 2675 A
1688 2651 1842 2678 coneus

104 2684 150 2729 K
154 2685 190 2724 T
369 2699 418 2724 10
446 2699 553 2736 quae
575 2686 612 2724 Β
725 2700 773 2726 12
804 2688 858 2727 10.
883 2695 947 2727 est
968 2689 1034 2727 hic
1054 2689 1141 2728 BT
1250 2702 1298 2739 13
1326 2691 1523 2743 classica]
1544 2692 1693 2733 classis
1713 2693 1838 2733 Arev.

108 2751 156 2793 14
175 2754 239 2793 eq,
254 2746 333 2779 tur.
357 2739 404 2778 K
420 2741 522 2792 (non
537 2740 599 2792 A)
620 2786 626 2791 ¹
690 2753 746 2791 ⁷15
767 2749 942 2793 propter
957 2744 1296 2783 difficultatemB
1395 2747 1444 2785 16
1463 2747 1536 2799 ob]
1555 2748 1632 2786 sub
1646 2747 1693 2786 K
1709 2761 1717 2786 :
1738 2748 1790 2786 ab
1810 2749 1846 2788 T

109 2795 235 2833 18-21
268 2808 361 2834 cum
383 2808 450 2834 ex,
469 2824 479 2834 .
501 2825 510 2833 .
524 2825 533 2834 .
554 2795 710 2834 dicitur
722 2801 818 2847 post
836 2798 946 2845 solet
964 2811 1062 2837 esse
1082 2797 1129 2838 K
1143 2799 1248 2850 (non
1269 2799 1377 2852 AD)
1531 2814 1580 2852 19
1609 2808 1794 2844 vocatur.
1809 2803 1847 2842 T

107 2847 206 2901 <non
227 2849 284 2900 U)
394 2863 447 2888 20
469 2849 618 2889 malim
630 2863 713 2900 quo
726 2857 771 2890 tu
783 2852 900 2901 agis?
924 2853 991 2903 (cf.
1010 2852 1142 2892 class.
1163 2853 1263 2893 Rev.
1283 2867 1343 2904 19,
1367 2855 1462 2906 110)
1548 2869 1611 2905 ag.
1635 2862 1677 2895 et
1691 2857 1782 2906 ipse
1801 2857 1842 2896 Β

105 2915 154 2942 21
176 2915 252 2955 qu.
267 2903 309 2955 in
329 2904 441 2954 long.
465 2934 474 2944 .
499 2935 508 2944 .
533 2935 541 2944 .
563 2918 659 2944 esse
679 2905 739 2943 bis
757 2906 977 2957 scn'pszssK
993 2910 1208 2959 (prumam
1230 2909 1328 2958 quia
1349 2910 1391 2948 in
1413 2909 1711 2959 long.,;deinde
1728 2913 1839 2962 quod

105 2956 149 3008 in
163 2955 298 3010 lo'ng.)
325 3008 330 3009 ⁷
427 2971 480 2997 22
508 2960 645 3010 portis
666 2961 799 3009 protis
820 2973 932 3012 proc.
961 2962 1010 3001 Ο
1096 2962 1329 3014 aliud],tali‚
1347 2969 1393 3011 ut,
1413 2962 1460 3003 K
1474 2965 1578 3016 (non
1598 2965 1659 3017 A)
1774 2967 1840 3006 ab.

105 3011 183 3063 die.
205 3024 286 3050 om.
310 3012 352 3050 A
466 3025 517 3063 25
547 3014 702 3053 deinde
729 3015 766 3053 T
856 3016 1171 3067 ‚subiungemus
1192 3017 1228 3057 C

161 3094 264 3132 1182
928 3112 956 3145 B
982 3097 1015 3147 b
