2176 3424
1069 108 1342 158 ISIDORI

276 257 306 291 2
327 240 585 288 incruento
619 238 833 287 exercitu
863 239 1162 301 deportasse.
1238 241 1429 300 Pompa
1462 237 1594 286 dicta
1626 246 1700 286 est
1724 238 1914 286 Graeca
1937 236 2078 300 signi-

328 322 576 383 ficatione,
597 322 788 370 ἀπὸτοῦ
806 319 1073 384 πομπεύειν,
1095 322 1191 368 hoc
1211 329 1284 369 est
1303 319 1501 382 publice
1521 318 1768 368 ostentari.
1824 317 2079 368 Praecedit

328 413 494 453 autem
537 402 739 452 victoria
782 419 1033 466 pompam,
1076 401 1190 450 ideo
1234 402 1371 464 quod
1413 399 1548 449 ituris
1588 401 1652 448 ad
1695 401 1791 448 hoc
1830 409 2078 448 certamen

274 502 303 547 3
327 485 540 548 primum
563 494 636 534 est
661 483 893 533 victoriae
919 492 1105 533 votum,
1178 485 1432 546 Tropeum
1459 481 1646 530 dictum
1673 482 1765 529 ἀπὸ
1789 484 1870 543 τῆς
1893 484 2078 544 τροπῆς,

327 567 377 616 id
404 577 477 617 est
510 584 538 615 a
572 566 893 616 conversione
923 565 1078 614 hostis
1112 573 1160 614 et
1190 566 1315 627 fuga.
1392 566 1521 613 Nam
1547 563 1610 612 ab
1637 579 1696 611 eo
1722 565 1858 626 quod
1883 565 2077 612 hostem
2104 580 2125 620 5

327 649 436 712 quis
473 652 686 713 fugasset
721 649 1000 697 merebatur
1033 657 1258 711 tropeum
1278 664 1291 707 3
1327 647 1410 709 qui
1445 644 1722 705 occidisset,
1757 644 2075 707 triumphum,

328 733 410 794 qui
438 732 600 781 dictus
627 741 700 780 est
726 733 818 780 ἀπὸ
841 734 923 793 τῆς
949 731 1197 794 θριάμβης,
1226 729 1277 776 id
1303 739 1376 777 est
1406 727 1470 776 ab
1497 726 1811 777 exultatione.
1898 729 2079 776 Plenae

328 813 460 862 enim
496 813 727 862 victoriae
762 812 1040 875 triumphus
1075 811 1284 860 debetur
1301 828 1314 871 3
1352 809 1654 873 semiplenae
1687 819 1928 872 tropeum,
1963 808 2079 871 quia

328 897 554 945 nondum
579 897 778 959 plenam
813 904 886 944 est
915 892 1170 943 victoriam
1196 902 1522 942 consecutus:
1560 909 1661 941 non
1688 890 1820 941 enim
1848 889 2078 954 optinuit,

328 979 416 1026 sed
458 977 642 1041 fugavit
684 976 963 1026 exercitum.
1047 978 1191 1024 Haec
1227 983 1394 1023 tamen
1430 973 1634 1023 nomina
1669 973 1928 1036 scriptores
1964 989 2078 1021 con·
2105 989 2153 1018 10

328 1063 556 1110 fundunt.
607 1060 923 1124 Tranquillus
940 1059 1092 1124 (Prat.
1119 1058 1232 1123 109)
1253 1068 1419 1107 autem
1439 1057 1742 1120 triumphum
1764 1055 1939 1104 Latine
1959 1055 2078 1105 dicit

329 1143 492 1206 potius
518 1145 834 1207 appellatum,
858 1143 994 1207 quod
1021 1141 1074 1202 is,
1098 1143 1182 1204 qui
1202 1141 1508 1203 triumphans
1529 1139 1702 1188 urbem
1729 1138 2074 1201 ingrederetur,

329 1225 570 1288 tripertito
607 1225 792 1274 iudicio
818 1226 1141 1273 honoraretur
1165 1242 1174 1271 :
1217 1239 1332 1271 nam
1358 1221 1571 1286 primum
1598 1222 1661 1270 de
1686 1221 1936 1282 triumpho
1961 1219 2077 1269 duci

328 1309 654 1356 concedendo
681 1306 946 1356 exercitum
975 1305 1190 1354 iudicare
1216 1304 1414 1354 solitum
1445 1313 1559 1364 erat,
1587 1304 1808 1352 secundo
1834 1311 2074 1362 senatum,

273 1403 304 1449 4
329 1391 471 1438 tertio
498 1391 755 1453 populum.
818 1391 934 1436 Erat
959 1396 1126 1436 autem
1148 1390 1491 1436 Romanorum
1519 1402 1626 1434 mos
1647 1394 1700 1432 ut
1718 1383 2077 1447 triumphantes
2105 1400 2151 1441 15

330 1471 578 1535 quadrigis
605 1473 911 1530 veherentur,
940 1487 997 1519 ex
1031 1469 1114 1517 illo
1147 1470 1285 1532 quod
1319 1467 1448 1517 soliti
1474 1467 1571 1516 sint
1595 1466 1779 1530 priores
1803 1467 1956 1515 duces
1982 1467 2077 1515 hoc

328 1553 504 1602 habitu
546 1553 677 1602 bella
718 1551 852 1600 inire.
928 1550 1247 1614 Quicumque
1288 1559 1455 1598 autem
1497 1549 1547 1597 in
1588 1547 1823 1597 conflictu
1866 1547 2074 1607 vicisset,

329 1637 493 1698 palma
516 1651 664 1683 aurea
689 1634 1030 1693 coronabatur,
1059 1631 1175 1695 quia
1200 1634 1364 1695 palma
1388 1632 1612 1679 stimulos
1637 1629 1787 1679 habet
1804 1647 1817 1691 3
1854 1628 1939 1692 qui
1962 1645 2077 1677 vero

330 1716 435 1766 sine
483 1715 717 1765 conflictu
766 1715 1037 1778 fugientem
1085 1723 1388 1778 prostrasset,
1433 1715 1610 1772 laurea,
1662 1729 1722 1761 eo
1771 1712 1907 1774 quod
1955 1711 2077 1759 haec

279 1798 474 1864 5arbor
516 1797 620 1847 sine
663 1797 815 1860 spinis
858 1807 943 1846 est.
1019 1798 1251 1859 Namque
1293 1805 1340 1844 et
1383 1811 1677 1858 purpuream
1721 1803 1768 1842 et
1810 1795 2076 1857 palmatam
2103 1811 2155 1839 20

330 1890 495 1943 togam
521 1879 879 1943 triumphantes
914 1878 1262 1938 induebantur,
1289 1886 1336 1927 et
1370 1876 1641 1939 scipionem
1668 1892 1782 1924 cum
1808 1883 2002 1937 sceptro
2028 1874 2078 1922 in

331 1980 481 2011 manu
518 1962 754 2025 gerebant
795 1963 860 2010 ad
902 1959 1229 2009 imitationem
1274 1958 1505 2008 victoriae
1547 1956 1821 2021 Scipionis3
1872 1955 1986 2005 licet
2029 1965 2077 2004 et

332 2044 487 2109 scipio
530 2045 764 2093 baculum
808 2042 867 2092 sit
910 2059 1010 2106 quo
1054 2041 1282 2091 homines
1332 2041 1620 2090 innituntur.
1706 2040 1855 2087 Vnde
1903 2047 1951 2086 et
1998 2037 2077 2086 ille

330 2128 516 2190 primus
551 2125 810 2176 Cornelius
847 2124 1013 2187 Scipio
1049 2126 1322 2188 appellatus
1352 2133 1438 2182 est,
1466 2121 1581 2185 quia
1605 2121 1656 2169 in
1681 2123 1788 2169 foro
1812 2129 1950 2184 pater
1973 2119 2077 2168 eius

330 2225 507 2257 caecus
533 2207 728 2255 innixus
761 2223 822 2255 eo
853 2206 1153 2254 ambulabat.
1227 2207 1383 2268 Super
1416 2203 1689 2268 scipionem
1723 2211 1887 2251 autem
1914 2200 2078 2263 aquila
2104 2218 2151 2258 25

331 2290 696 2353 supersedebat,
726 2289 792 2337 ob
825 2287 1062 2337 indicium
1099 2288 1236 2350 quod
1269 2304 1354 2350 per
1382 2285 1636 2335 victoriam
1663 2283 1802 2348 quasi
1826 2284 1890 2332 ad
1915 2299 2078 2345 super-

391 2432 406 2457 1
442 2419 708 2458 incruentum
730 2417 775 2455 K
992 2418 1182 2456 exercito
1211 2416 1266 2455 T:
1296 2422 1402 2455 -tum
1423 2415 1470 2454 K
1687 2418 1931 2464 reportasse
1951 2412 2074 2451 Arev.

333 2489 357 2513 2
387 2487 754 2513 αποτουπονπευευν
783 2473 840 2512 T:
860 2486 1206 2523 απουτορτοηπευν
1221 2471 1257 2510 C
1274 2485 1283 2509 :
1302 2483 1615 2509 αποτουιτνπευν
1630 2469 1670 2508 Β
1686 2483 1694 2508 :
1715 2481 2018 2507 αποτουιτονευν
2035 2466 2081 2504 K

332 2529 560 2579 praecedet
601 2528 736 2578 (pre-)
776 2541 841 2566 au.
880 2528 957 2567 vic.
1001 2525 1107 2565 BT:
1155 2525 1428 2576 praeceditur
1464 2525 1543 2563 vic.
1581 2522 1628 2561 K
1790 2535 1815 2572 3
1845 2533 2000 2572 pompa
2035 2520 2082 2558 K

332 2583 466 2635 quod]
487 2596 569 2632 que
593 2584 682 2634 (vix
699 2583 817 2633 quia)
839 2581 885 2619 K
1093 2595 1116 2629 4
1148 2581 1351 2630 Tropium
1373 2581 1414 2619 B
1624 2592 1648 2628 5
1680 2576 2005 2617 conversatione
2028 2575 2078 2614 Cl

335 2653 356 2688 7
388 2637 471 2689 θρ.]
501 2637 701 2677 triambes
729 2636 809 2675 BC
815 2636 874 2676 T:
914 2636 1150 2686 triumphes
1175 2634 1222 2673 K
1239 2648 1248 2672 z
1286 2633 1534 2685 θριαμβεύειν
1563 2632 1679 2672 Serv.
1702 2632 1761 2671 ad
1783 2632 1889 2670 Aen.
1917 2643 1978 2680 10,
1998 2642 2075 2681 775

333 2694 460 2743 plena
482 2699 547 2731 est
566 2691 745 2731 victoria
765 2691 811 2728 K
975 2704 1025 2729 10
1054 2690 1255 2740 effugavit
1278 2688 1313 2728 C
1477 2701 1524 2726 12
1555 2688 1793 2736 triumphus
1813 2685 1896 2725 31:
1928 2698 2008 2724 om.
2034 2683 2081 2721 K

333 2749 439 2799 (non
454 2746 514 2796 N)
650 2759 698 2795 13
729 2747 963 2784 honoratur
986 2746 1021 2784 C
1129 2745 1209 2783 dici
1231 2744 1547 2782 concedendum
1570 2742 1687 2794 (corr.
1712 2742 1808 2793 -do)
1826 2739 1872 2778 K
1890 2741 1991 2790 (non
2018 2739 2078 2786 U)

337 2814 385 2852 14
415 2815 482 2841 ex.
526 2802 617 2840 iura
656 2814 719 2840 so.
759 2799 806 2838 K
824 2815 832 2839 :
881 2813 948 2839 ex,
987 2802 1029 2839 in
1064 2800 1155 2838 iura
1186 2812 1247 2838 so.
1282 2797 1328 2835 N
1358 2798 1462 2849 <non
1499 2797 1540 2836 U
1543 2798 1557 2849 )
1771 2794 2002 2834 secundum
2035 2792 2078 2830 B

337 2869 385 2908 15
416 2869 684 2896 romanorum
706 2854 795 2893 ΒΚ
810 2869 818 2894 :
848 2855 1034 2894 romanis
1057 2853 1115 2893 C:
1143 2854 1255 2903 apud
1276 2865 1473 2892 romanos
1500 2852 1538 2890 T
1807 2850 1856 2888 16
1885 2853 1982 2887 sunt
2006 2846 2083 2887 CT

336 2925 381 2961 17
412 2911 475 2963 in]
496 2911 553 2950 ibi
574 2910 616 2948 Β
763 2910 966 2949 vicissent
985 2909 1026 2947 Β
1044 2923 1052 2947 :
1081 2908 1285 2948 vicissent
1305 2912 1347 2946 et
1371 2907 1406 2946 C
1570 2908 1619 2945 18
1648 2904 1964 2944 coronabantur
1977 2901 2075 2941 B1C

338 2979 386 3015 19
417 2971 706 3016 prostrassent
724 2963 769 3002 K
958 2965 1063 3003 haec
1084 2976 1169 3003 om.
1191 2962 1282 3000 KN
1298 2963 1404 3011 (non
1430 2961 1491 3011 U)
1763 2971 1815 2996 22
1843 2957 2020 3007 gerebat
2041 2956 2076 2995 C

334 3020 431 3060 licet
451 3021 514 3072 et]
536 3020 697 3060 scilicet
718 3026 762 3059 ut
790 3018 826 3056 T
932 3032 983 3068 23
1013 3018 1128 3069 quod
1150 3019 1267 3056 hom.
1296 3015 1334 3054 T
1439 3017 1491 3054 26
1520 3015 1820 3065 supersederat
1840 3011 1886 3049 K
