2176 3424
399 95 1029 145 ETVMOLOGIARVM
1069 97 1200 143 LIB.
1239 97 1380 143 XIX.
1419 94 1671 143 xxiv—xxvi

165 239 338 271 narum
379 222 646 277 amiculum
667 241 678 282 3
730 212 864 272 unde
911 232 959 272 et
997 225 1313 287 appellatum.
1388 226 1597 288 Peplum
1641 227 1914 274 matronale
1982 214 1984 217 ,

164 303 368 366 pallium
410 321 467 352 ex
506 322 719 368 purpura
758 304 1017 368 signatum,
1063 304 1202 354 cuius
1243 306 1466 355 fimbriae
1508 305 1643 354 aurei
1691 305 1914 355 staminis

164 385 446 439 summitate
471 388 800 449 resplendent.
864 387 999 435 Palla
1035 395 1107 435 est
1143 388 1388 449 quadrum
1418 386 1623 450 pallium
1661 386 1915 436 muliebris
1940 399 1970 433 2

162 466 323 526 vestis,
351 467 622 515 deductum
660 485 816 531 usque
851 468 914 515 ad
949 467 1163 531 vestigia,
1198 470 1334 531 quod
1362 470 1428 521 ad
1453 468 1565 523 ,fixis
1601 468 1652 516 in
1688 468 1914 518 ordinem

112 564 133 603 5
159 547 380 611 gemmis.
454 550 517 595 Et
553 550 681 611 palla
709 550 842 598 dicta
878 550 968 597 ἀπὸ
1003 553 1085 597 τοῦ
1120 550 1332 609 πάλλειν,
1368 548 1419 598 id
1453 559 1526 598 est
1561 566 1591 598 a
1624 549 1912 609 mobilitate,

160 645 288 691 quae
324 638 397 678 est
433 628 561 678 circa
597 631 747 679 finem
785 629 1070 679 huiusmodi
1107 629 1415 691 indumenti,
1475 631 1576 680 sive
1611 633 1747 694 quod
1784 633 1934 694 rugis,

160 709 465 758 vibrantibus
507 710 698 760 sinuata
733 710 981 774 crispetur.
1055 713 1190 760 Stola
1227 714 1498 761 matronale
1533 711 1913 776 operimentum,
1939 735 1970 781 3

160 793 295 853 quod
338 801 573 854 cooperto
612 791 771 854 capite
811 802 858 841 et
897 795 1098 856 scapula
1143 810 1172 841 a
1211 794 1384 842 dextro
1423 795 1574 842 latere
1622 795 1672 841 in
1719 795 1912 842 laevum

160 874 419 921 humerum
455 871 690 923 mittitur:
746 875 871 922 stola
907 884 1073 922 autem
1103 874 1293 923 Graece
1330 885 1532 923 vocatur
1562 876 1698 938 quod
1723 892 1916 938 supere-

86 977 132 1006 10
156 953 392 1002 mittatur.
468 955 611 1002 Idem
628 964 675 1003 et
701 954 927 1003 ricinium
954 954 1132 1004 Latino
1154 955 1356 1004 nomine
1379 958 1681 1019 appellatum
1699 974 1758 1005 eo
1779 958 1915 1020 quod
1940 974 1972 1021 4

154 1032 359 1082 dimidia
384 1035 487 1083 eius
513 1052 623 1098 pars
650 1046 777 1084 retro
803 1036 998 1085 reicitur
1016 1055 1028 1097 3
1082 1039 1218 1100 quod
1251 1039 1397 1101 vulgo
1424 1047 1696 1087 mavortem
1722 1037 1907 1087 dicunt.

152 1116 397 1163 Vocatum
424 1126 588 1165 autem
616 1128 885 1167 mavortem
919 1118 1058 1182 quasi
1086 1122 1299 1168 Martem
1321 1137 1332 1179 3
1386 1121 1580 1183 signum
1612 1120 1744 1169 enim
1771 1121 1910 1169 mari-

152 1196 260 1245 talis
286 1197 535 1261 dignitatis
561 1208 609 1248 et
634 1199 890 1262 potestatis
917 1199 967 1247 in
993 1217 1054 1249 eo
1079 1210 1165 1249 est.
1241 1202 1404 1265 Caput
1430 1201 1562 1250 enim
1590 1201 1805 1250 mulieris
1839 1202 1909 1250 vir

151 1287 225 1326 est
243 1296 256 1338 3
309 1278 425 1328 inde
461 1290 508 1328 et
546 1297 691 1344 super
728 1290 874 1343 caput
912 1281 1126 1330 mulieris
1162 1292 1247 1330 est.
1324 1281 1608 1331 Amiculum
1647 1292 1720 1332 est
1757 1300 1909 1332 mere·
1939 1305 1969 1353 5

82 1384 127 1423 15
151 1358 324 1407 tricum
351 1361 553 1424 pallium
579 1361 779 1411 lineum.
855 1365 1008 1411 Hunc
1033 1365 1167 1426 apud
1194 1373 1381 1413 veteres
1419 1374 1674 1414 matronae
1699 1365 1750 1413 in
1775 1367 1912 1415 adul-

152 1440 272 1489 terio
298 1442 635 1504 deprehensae
661 1444 1007 1504 induebantur,
1037 1454 1090 1492 ut
1124 1444 1174 1492 in
1205 1445 1288 1493 tali
1322 1447 1538 1494 amiculo
1566 1448 1733 1510 potius
1759 1464 1909 1510 quam

151 1521 201 1569 in
237 1524 362 1571 stola
395 1525 673 1587 polluerent
710 1524 1015 1587 pudicitiam.
1091 1528 1207 1574 Erat
1246 1526 1379 1575 enim
1415 1529 1550 1591 apud
1586 1538 1773 1578 veteres
1811 1530 1908 1578 hoc

149 1602 340 1666 signum
369 1607 673 1654 meretriciae
699 1608 859 1667 vestis,
884 1623 1016 1655 nunc
1043 1609 1091 1654 in
1121 1607 1368 1671 Hispania
1388 1610 1677 1659 honestatis.
1739 1608 1907 1659 Theri-
1937 1617 1972 1663 6

150 1694 302 1732 strum
329 1687 583 1748 palliolum
610 1697 681 1736 est
708 1704 806 1750 quo
833 1705 989 1750 usque
1014 1688 1166 1738 hodie
1191 1689 1405 1739 Arabiae
1431 1701 1477 1739 et
1510 1692 1906 1755 Mesopotamiae

77 1791 126 1818 20
151 1766 376 1816 mulieres
402 1770 640 1830 velantur,
656 1769 836 1832 quibus
858 1769 907 1818 in
926 1780 1064 1819 aestu
1082 1771 1328 1820 tutissimo
1350 1782 1580 1836 teguntur
1594 1775 1902 1826 umbraculo.

153 1850 228 1896 De
264 1865 363 1911 quo
403 1849 454 1897 in
495 1850 624 1899 Isaia
665 1850 730 1915 (3,
764 1852 860 1916 23).
936 1852 1307 1903 Anaboladium
1351 1855 1665 1907 amictorium
1716 1857 1902 1908 lineum
1933 1882 1962 1930 7

148 1928 440 1978 feminarum
482 1948 582 1993 quo
625 1932 817 1981 humeri
857 1934 1158 1996 operiuntur,
1202 1938 1338 1998 quod
1386 1938 1563 1987 Graeci
1613 1941 1688 1988 vel
1740 1940 1903 1989 Latini

157 2009 419 2061 sindonem
446 2023 638 2062 vocant.

284 2095 366 2140 DE
392 2108 589 2142 STRATV
612 2110 675 2142 ET
703 2111 944 2152 RELIQV1s
967 2112 1208 2147 VESTfflvs
1236 2115 1374 2156 QVAE
1396 2116 1451 2148 ΙΝ
1480 2116 1571 2150 vsv
1599 2118 1897 2153 HABENTVR.
1930 2125 2076 2166 XXVI

74 2204 122 2244 25
147 2176 423 2238 Stragulum
440 2176 587 2225 vestis
604 2186 676 2225 est
693 2177 907 2227 discolor
923 2181 1059 2242 quod
1078 2197 1226 2229 manu
1246 2181 1443 2231 artificis
1460 2184 1652 2233 diversa
1669 2185 1900 2235 varietate

145 2255 486 2320 distinguitur:
525 2257 712 2307 dictum
737 2269 902 2309 autem
924 2263 1060 2323 quod
1086 2272 1133 2310 et
1159 2262 1208 2310 in
1235 2273 1386 2312 stratu
1412 2274 1459 2313 et
1483 2264 1534 2312 in
1553 2265 1737 2315 amictu
1760 2278 1904 2331 aptus

144 2337 220 2387 sit.
303 2340 380 2387 De
416 2355 516 2402 quo
552 2342 788 2389 Salomon
820 2341 982 2405 (Prov.
1006 2360 1082 2405 31,
1107 2343 1189 2408 22)
1217 2363 1226 2395 :
1265 2345 1568 2410 ‘Stragulam
1603 2358 1786 2398 vestem
1814 2350 1907 2399 sibi

143 2417 289 2468 fecit.'
371 2420 585 2470 Ludices
610 2439 639 2469 a
672 2424 815 2482 ludis,
844 2422 895 2472 id
929 2433 1002 2473 est
1036 2425 1253 2486 theatris,
1282 2437 1484 2477 vocatos
1517 2429 1720 2492 quidam
1751 2431 1910 2480 existi·
1930 2458 1960 2492 2

202 2561 226 2586 2
258 2548 422 2587 fimbrei
441 2549 488 2588 K
678 2551 819 2589 aureis
838 2551 879 2589 Β
1072 2567 1097 2603 3
1127 2556 1323 2594 summita
1345 2556 1391 2594 K
1568 2571 1592 2606 4
1623 2559 1830 2598 deductus
1855 2560 1906 2599 Cl

149 2603 261 2651 quod
283 2602 358 2642 del.
378 2603 504 2642 Arev.
609 2623 615 2627 ·
647 2605 708 2643 vel
723 2606 878 2644 adfixis
1071 2619 1096 2657 5
1128 2609 1255 2658 pallia
1277 2610 1328 2649 Cl
1467 2625 1491 2650 a
1507 2625 1591 2651 om.
1618 2612 1656 2650 T
1786 2615 1904 2653 nobi-

149 2657 266 2695 litate
286 2656 416 2695 ΒΚΤ
520 2672 541 2708 7
573 2659 732 2708 crispet
752 2660 798 2698 K
818 2663 918 2712 (non
945 2661 1000 2710 U)
1113 2664 1138 2700 8
1168 2664 1210 2701 in
1232 2678 1316 2703 om.
1343 2665 1379 2704 C
1486 2680 1513 2716 9
1542 2679 1671 2716 greco
1699 2675 1846 2708 vocata
1876 2669 1914 2708 T

154 2723 196 2748 11
232 2711 323 2750 eius
343 2724 443 2761 pars
464 2712 556 2751 eius
576 2719 655 2752 ret.
685 2713 722 2750 T
923 2715 1073 2754 eicitur
1091 2717 1131 2754 Β
1337 2721 1559 2759 mafortem
1583 2752 1592 2762 .
1615 2751 1625 2760 .
1653 2753 1660 2762 .
1683 2723 1904 2762 mafortem

148 2764 239 2805 dett.
374 2778 423 2803 12
454 2767 593 2805 sinum
614 2767 661 2805 K
796 2771 846 2807 16
875 2770 973 2809 talia
993 2770 1169 2810 amicula
1188 2772 1276 2811 ΒΚ
1295 2775 1397 2825 (non
1423 2775 1480 2826 U)
1617 2790 1664 2826 17
1694 2777 1846 2816 stolam
1876 2778 1914 2818 T

150 2819 391 2868 polluerunt
413 2821 453 2859 B
615 2822 820 2872 puditiam
841 2823 889 2862 K
1098 2827 1146 2863 18
1175 2827 1411 2867 Teristrum
1433 2829 1545 2869 codd.
1759 2846 1813 2872 20
1843 2834 1906 2872 in-

150 2874 406 2913 estutissimo
435 2875 474 2913 T
623 2889 672 2914 21
704 2877 952 2918 amictorum
977 2878 1014 2916 T
1164 2894 1215 2932 25
1246 2883 1443 2923 Staculus
1463 2883 1509 2922 K
1661 2899 1744 2936 qua
1760 2899 1839 2928 ma.
1861 2887 1908 2926 K

150 2929 204 2965 26
232 2934 275 2966 et
312 2941 391 2967 am.
438 2929 476 2967 Β
605 2937 750 2980 aptum
789 2931 836 2970 K
1035 2948 1085 2984 27
1117 2937 1348 2986 stragulum
1387 2938 1425 2977 C
1543 2939 1623 2978 sibi
1661 2946 1824 2988 vestem
1863 2942 1905 2980 Β

149 2983 203 3020 28
231 2988 404 3022 vocatus
425 2983 504 3022 CK
510 2983 547 3022 T
1513 3002 1516 3006 ’

989 3098 1077 3131 Y2
