2176 3424
1024 122 1297 172 ISIDORI

148 270 265 309 LXV
425 261 507 308 DE
533 270 815 306 VOCABVLIS
841 267 1199 303 TESSERARVM.
1276 253 1441 299 Iactus
1458 249 1668 312 quisque
1692 248 1826 311 apud
1850 249 2036 297 lusores

287 351 474 391 veteres
499 357 529 388 a
552 355 762 388 numero
787 337 1070 394 vocabatur,
1098 343 1152 382 ut
1177 333 1310 394 unio,
1342 329 1544 399 [binio‚]
1576 329 1734 389 trinio,
1762 328 2034 393 quatemio‚

288 420 519 491 [quinio]‚
559 419 712 485 senio,
784 421 964 467 Postea
999 414 1265 481 appellatio
1302 414 1605 478 singqurum
1643 421 1831 460 mutata
1867 419 1953 471 est,
1992 420 2040 459 et
2162 459 2176 469 .

288 504 524 554 unionem
573 519 762 561 canem,
812 499 1076 549 trinionem
1129 514 1356 561 suppum,
1407 494 1782 559 quaternionem
1837 495 2040 556 planum
2156 474 2176 551 ἶ

290 587 554 636 vocabant.

134 673 269 712 LXVI
433 671 516 717 DE
554 681 707 715 IACTV
744 678 1102 713 TESSERARVM.
1178 664 1343 710 Iactus
1382 671 1674 710 tesserarum
1711 657 1779 706 ita
1813 674 1842 705 a
1878 656 2044 720 peritis

295 750 592 801 aleatoribus
630 747 928 811 conponitur
961 754 1014 793 ut
1047 746 1234 793 adferat
1268 744 1404 806 quod
1433 740 1654 799 voluerit,
1687 747 1861 803 utputa
1892 737 2048 787 senio-

297 850 427 893 nem,
474 830 558 895 qui
601 830 670 879 eis
712 829 764 877 in
805 828 935 877 iactu
977 827 1169 875 bonum
1206 827 1378 874 adfert.
1451 823 1624 872 Vitant
1662 822 1827 870 autem
1872 836 2044 869 canem

299 914 416 979 quia
440 915 710 963 damnosus
737 920 840 971 est,-
876 927 1031 958 unum
1059 908 1191 957 enim
1218 907 1472 971 significat.

115 1005 275 1045 LXVII
439 999 521 1044 DE
546 1008 897 1044 CALCVLORVM
924 1006 1082 1039 MOTV.
1156 988 1348 1040 Calculi
1373 987 1548 1052 partim
1576 985 1749 1035 ordine
1775 992 2047 1043 moventur,
2081 1005 2131 1034 10

301 1079 477 1146 partim
499 1095 640 1141 vage:
679 1077 794 1126 ideo
811 1075 932 1124 alios
949 1074 1237 1132 ordinarios,
1257 1073 1378 1120 alios
1395 1087 1544 1133 vagos
1561 1069 1836 1131 appellant3
1872 1075 1921 1114 at
1938 1081 2052 1114 vero

304 1163 387 1228 qui
435 1160 621 1211 moveri
661 1158 867 1208 omnino
906 1174 1009 1206 non
1057 1163 1278 1219 possunt,
1326 1153 1503 1201 incitos
1553 1150 1738 1199 dicunt.
1818 1150 1966 1197 Vnde
2008 1156 2055 1196 et

305 1254 505 1311 egentes
535 1242 763 1291 homines
797 1239 932 1288 inciti
967 1246 1218 1297 vocantur,
1249 1236 1427 1299 quibus
1460 1250 1570 1297 spes
1597 1234 1722 1281 ultra
1754 1228 2059 1295 procedendi

306 1330 440 1378 nulla
465 1334 626 1375 restat.

100 1414 284 1455 LXVIII
445 1412 529 1459 DE
556 1418 977 1456 INTERDICTIONE
1009 1416 1193 1450 ALEAE.
1268 1401 1348 1449 Ab
1374 1401 1467 1448 hac
1500 1407 1601 1447 arte
1627 1398 1755 1445 fraus
1782 1405 1830 1444 et
1863 1395 2061 1443 menda·
2088 1406 2140 1452 15:

310 1494 441 1543 cium
472 1501 621 1554 atque
653 1486 919 1552 periurium
953 1500 1226 1546 numquam
1258 1483 1413 1542 abest,
1450 1489 1701 1545 postremo
1734 1487 1782 1527 et
1811 1477 1982 1527 odium
2016 1485 2062 1525 et

310 1578 493 1626 damna
511 1589 671 1622 rerum
694 1589 705 1631 3
741 1570 875 1618 unde
892 1577 939 1616 et
958 1566 1227 1629 aliquando
1248 1574 1446 1628 propter
1464 1565 1586 1611 haec
1604 1563 1785 1611 scelera
1805 1559 2063 1608 interdicta

311 1657 502 1721 legibus
528 1655 630 1702 fuit.

147 1737 290 1777 LXIX
451 1740 535 1786 DE
562 1750 692 1783 PILA.
767 1733 872 1781 Pila
895 1730 1090 1795 proprie
1114 1728 1292 1779 dicitur
1308 1729 1444 1791 quod
1470 1726 1530 1775 sit
1556 1725 1665 1790 pilis
1691 1726 1848 1788 plena.
1922 1723 2066 1770 Haec

315 1830 363 1871 et
400 1822 525 1869 ssera
560 1835 589 1866 a
621 1816 827 1865 ferendo
863 1814 938 1862 vel
972 1812 1195 1860 feriendo
1225 1810 1370 1858 dicta.
1446 1811 1524 1856 De
1560 1823 1766 1869 quarum
1803 1819 1982 1868 genere
2018 1811 2065 1851 et
2093 1818 2148 1848 πα

314 1904 535 1967 pondere
563 1896 826 1948 Dorcatius
851 1894 920 1943 sic
945 1893 1092 1943 tradit
1120 1893 1221 1958 (1):

522 1984 633 2030 Neu
671 1990 722 2029 tu
759 1994 904 2041 parce
941 1975 1067 2039 pilos
1104 1974 1284 2023 vivacis
1322 1972 1538 2020 condere
1574 1969 1716 2028 cervi,

520 2062 682 2111 Vncia
717 2063 879 2110 donec
916 2060 1004 2106 erit
1039 2055 1288 2121 geminam
1326 2070 1471 2117 super
1506 2051 1677 2100 addita
1712 2049 1901 2098 libram.

263 2166 293 2200 2
322 2152 458 2198 Inter
494 2144 683 2209 species
719 2142 927 2206 pilarum
966 2148 1080 2188 sunt
1116 2135 1378 2201 trigonaria
1417 2143 1465 2184 et
1503 2142 1715 2182 arenata.
1788 2132 1832 2178 T
1835 2128 2075 2193 rigonaria

321 2239 395 2280 est
432 2225 596 2294 qu[i]a
632 2226 758 2274 inter
794 2234 889 2272 tres
926 2221 1126 2270 luditur.
1197 2222 1428 2277 Arenata,
1465 2232 1562 2279 qua
1595 2214 1645 2262 in
1675 2229 1832 2277 grege,
1861 2214 1981 2261 dum
2017 2227 2074 2259 ex
2101 2226 2157 2268 25

323 2313 506 2362 circulo
531 2306 832 2358 adstantium
851 2302 1282 2369 spectantiumque
1303 2298 1494 2358 emissa,
1514 2299 1638 2346 uitra
1654 2295 1834 2344 iustum
1863 2292 2075 2357 spatium

2070 603 2090 642 5

383 2457 407 2481 2
438 2448 482 2481 ut
503 2454 586 2480 om.
614 2438 670 2477 T1
878 2435 990 2474 binio
1010 2434 1099 2473 hab.
1123 2432 1191 2472 K:
1222 2445 1304 2470 om.
1325 2429 1457 2468 BDT
1651 2425 1776 2466 trinio
1800 2425 1866 2464 K:
1896 2424 1977 2463 trio
1996 2423 2082 2462 BT

326 2497 492 2549 quatrio
506 2495 611 2534 BT:
642 2491 855 2543 quatrinio
875 2490 920 2527 K
1040 2501 1064 2536 3
1095 2488 1240 2537 quinio
1255 2486 1347 2525 hab.
1367 2484 1434 2523 K:
1465 2497 1546 2522 om.
1563 2481 1693 2521 BDT
1799 2494 1822 2528 4
1852 2479 2075 2519 trinionem

328 2554 395 2592 K:
427 2551 610 2591 trionem
632 2548 719 2586 BT
877 2545 1142 2595 quatrionem
1164 2542 1274 2581 BT:
1304 2539 1582 2590 quadr-ionem
1603 2537 1648 2574 K
1865 2536 1891 2572 6
1920 2547 1944 2572 a
1965 2532 2076 2584 pen]

328 2607 489 2658 apertis
508 2605 548 2643 Β
658 2605 683 2641 8
712 2600 809 2639 boni
839 2600 876 2638 T
995 2611 1038 2636 11
1073 2610 1206 2647 vagae
1227 2595 1273 2633 K
1395 2606 1443 2631 12
1473 2592 1638 2643 possint
1667 2590 1703 2628 T
1825 2601 1872 2638 13
1900 2593 2077 2638 agentes

330 2662 419 2702 ΒΚ
449 2675 495 2700 ex
529 2672 627 2698 corr.
812 2655 965 2693 incitos
996 2652 1042 2690 K
1073 2657 1167 2691 ante
1200 2664 1298 2689 corr.
1511 2650 1558 2685 16
1587 2651 1699 2696 post.
1735 2650 1777 2683 et
1813 2645 1879 2682 od.
1917 2655 1998 2681 om.
2034 2641 2080 2679 K
2143 2624 2176 2683 3¹,

334 2731 380 2769 17
413 2718 492 2755 hoc
511 2714 552 2753 Β
688 2710 762 2750 int.
787 2724 811 2749 a
832 2711 914 2758 leg.
932 2707 978 2745 K
1143 2707 1191 2744 18
1221 2704 1299 2743 suit
1319 2716 1399 2742 om.
1433 2702 1469 2740 T
1630 2714 1678 2750 19
1708 2699 1835 2749 plena
1856 2710 1955 2737 corr.
1983 2696 2078 2746 plea
2155 2692 2176 2716 ⁴‘

333 2778 380 2812 ut
398 2770 479 2811 vid.
510 2769 549 2807 T
775 2778 828 2803 20
854 2764 916 2803 i.e.
939 2763 1119 2812 sphaera
1270 2758 1337 2797 vel
1360 2771 1383 2796 a
1404 2756 1494 2796 seri.
1526 2755 1564 2793 T
1703 2759 1745 2791 et
1764 2754 1891 2802 pond.
1914 2764 1997 2791 om.
2020 2750 2076 2788 Β1
2150 2777 2176 2808 ,ἑ

333 2840 380 2866 21
415 2823 632 2865 dorcacius
655 2823 723 2870 (ex
741 2817 1022 2866 dorcacicius)
1044 2815 1091 2854 K
1107 2816 1211 2866 <non
1231 2812 1369 2862 Mon.)
1512 2823 1563 2848 22
1593 2822 1659 2858 pa.
1684 2808 1770 2858 pilo
1791 2807 2014 2856 quivagum
2036 2803 2081 2841 K
2171 2811 2176 2856 j

335 2883 438 2929 (non
464 2879 506 2919 U
522 2875 661 2927 Μοκ.)
848 2886 900 2922 23
930 2873 1066 2910 donec
1087 2871 1167 2908 hec
1187 2881 1246 2908 er.
1270 2868 1316 2905 K
1333 2871 1428 2905 ante
1446 2878 1543 2904 corr.
1725 2862 1892 2912 gemina
1911 2858 1958 2897 K
1977 2861 2079 2910 (non
2150 2858 2176 2920 ‘j

335 2935 476 2985 Mon.)
660 2943 708 2978 24
744 2928 862 2966 Inter
900 2926 1011 2965 KT:
1060 2924 1164 2963 Item
1205 2923 1245 2961 Β
1394 2926 1566 2959 arenata
1611 2916 1729 2956 TB2'2
1779 2920 1955 2954 aronata
1993 2912 2048 2950 Β1
2071 2928 2078 2952 ;

335 2989 523 3029 arenaria
543 2987 589 3025 K
805 2994 857 3030 25
889 2983 1001 3020 inter
1022 2981 1075 3019 lu.
1108 2978 1160 3017 Tl
1182 2992 1191 3016 ε
1219 2978 1259 3015 in
1283 2983 1371 3015 tres
1389 2976 1444 3014 lu.
1467 2974 1572 3012 ΒΤ2
1763 2976 1936 3008 arenata
1963 2967 2051 3006 TB²
2073 2982 2082 3006 :

337 3050 508 3085 aronata
529 3041 583 3080 Β1
603 3055 611 3079 :
642 3037 837 3078 arenaria
858 3034 906 3073 K
1019 3035 1115 3084 quia
1135 3032 1223 3070 KT
1388 3031 1440 3068 26
1470 3026 1873 3078 expectantiumque
1893 3022 2003 3062 codd.
