2176 3424
519 126 1149 175 ETYMOLOGIARVM
1191 128 1318 174 LIB.
1359 128 1507 174 VIII.
1550 126 1591 173 xi

180 258 507 320 Babylonium
535 264 622 314 est,
640 257 776 318 quod
802 255 1144 318 interpretatur
1159 263 1312 304 vetus.
1371 254 1483 302 Fuit
1510 254 1641 303 enim
1668 255 1746 304 hic
1774 257 1921 305 Belus

178 347 314 402 pater
357 338 488 399 Nini,
527 337 711 401 primus
749 319 1198 400 rex‘Assyriorum,
1227 353 1376 399 quem
1414 336 1616 398 quidam
1656 339 1918 386 Saturnum

175 422 423 484 appellant
442 438 454 481 ;
491 421 627 482 quod
652 436 838 467 nomen
863 427 911 467 et
935 420 1069 481 apud
1095 417 1321 481 Assyrios
1347 427 1395 466 et
1419 420 1551 481 apud
1578 420 1724 467 Afros
1750 428 1921 482 postea

176 504 362 551 cultum
405 511 492 560 est,
520 503 654 551 unde
696 510 744 550 et
786 500 951 564 lingua
993 500 1181 567 Punica
1219 501 1309 548 Bal
1345 501 1468 548 deus
1505 500 1696 550 dicitur.
1770 503 1920 564 Apud

129 597 151 637 5
175 583 398 647 Assyrios
424 593 590 633 autem
627 585 715 632 Bel
741 592 942 632 vocatur
971 584 1187 645 quadam
1222 599 1470 631 sacrorum
1506 599 1707 631 suorum
1733 582 1920 632 ratione

174 676 222 715 et
248 667 484 714 Saturnus
510 675 558 714 et
583 667 679 714 Sol.
754 666 1031 728 Belphegor
1064 664 1407 728 interpretatur
1439 664 1754 713 simulacrum
1789 665 1921 728 igno·
1946 684 2010 731 24

175 748 369 796 miniae.
443 749 641 796 Idolum
685 747 817 795 enim
865 746 954 794 fuit
1006 747 1175 804 Moab,
1213 756 1546 809 cognomento
1598 749 1729 807 Baal,
1776 764 1920 809 super

175 839 395 878 montem
422 830 625 892 Phegor,
646 846 794 891 quem
823 828 983 876 Latini
1006 827 1236 890 Priapum
1258 838 1448 887 vocant,
1469 830 1619 876 deum
1646 830 1915 878 hortorum.

175 910 287 958 Fuit
327 919 491 959 autem
529 912 591 958 de
628 913 904 973 Lampsaco
941 910 1135 958 civitate
1169 909 1498 972 Hellesponti,
1527 911 1590 958 de
1623 927 1721 972 qua
1746 913 1915 974 pulsus
1939 922 2001 971 25

103 1012 151 1039 10
173 1001 245 1040 est
262 1011 275 1051 ,-
300 1003 347 1041 et
372 1002 568 1056 propter
583 993 729 1041 virilis
756 993 965 1041 membri
986 992 1377 1055 magnitudinem
1406 992 1454 1040 in
1476 1009 1683 1041 numero
1709 995 1915 1042 deorum

172 1091 371 1122 suorum
415 1091 529 1122 eum
573 1074 749 1123 Graeci
792 1075 1159 1134 transtulerunt,
1195 1083 1243 1122 et
1287 1073 1335 1121 in
1375 1091 1561 1122 numen
1606 1085 1916 1123 sacraverunt

172 1158 457 1216 hortorum,
517 1158 651 1205 unde
699 1166 746 1205 et
794 1156 972 1205 dicitur
1020 1172 1244 1219 praeesse
1293 1156 1445 1204 hortis
1499 1166 1697 1219 propter
1745 1174 1914 1206 eorum

172 1238 539 1286 fecunditatem.
615 1238 867 1286 Belzebub
902 1237 1091 1287 idolum
1125 1237 1215 1286 fuit
1242 1240 1482 1297 Accaron,
1511 1241 1648 1301 quod
1689 1239 1919 1303 interpre-
1942 1243 2009 1289 26

172 1328 300 1367 tatur
323 1319 393 1367 vir
425 1336 718 1368 muscarum.
793 1319 964 1368 Zebub
1000 1319 1132 1367 enim
1166 1336 1336 1367 musca
1372 1330 1587 1369 vocatur.
1662 1321 1920 1384 Spurcissi-

30 1418 35 1429 ·
104 1420 148 1460 15
173 1418 309 1449 mum
352 1401 494 1464 igitur
542 1401 731 1450 idolum
774 1400 888 1450 ideo
931 1401 1086 1449 virum
1130 1418 1411 1450 muscarum
1454 1412 1685 1451 vocatum
1722 1413 1920 1467 propter

172 1485 340 1532 sordes
367 1482 633 1542 idolatriae,
653 1483 754 1531 sive
774 1499 862 1546 pro
888 1482 1199 1532 inmunditia.
1267 1483 1422 1532 Belial
1450 1500 1472 1526 >i<
1502 1500 1525 1526 »ιε
1554 1523 1564 1533 .
1640 1486 1918 1534 Behemoth
1943 1496 2003 1545 27

175 1581 233 1613 ex
259 1565 492 1614 Hebraea
515 1582 636 1614 voce
667 1564 716 1612 in
752 1564 927 1613 Latina
958 1564 1123 1628 lingua
1155 1564 1339 1613 animal
1374 1574 1530 1626 sonat,
1559 1576 1758 1630 propter
1783 1569 1916 1630 quod

175 1647 237 1693 de
262 1646 462 1695 excelsis
487 1648 552 1695 ad
578 1656 768 1696 terrena
793 1646 985 1707 cecidit,
1015 1655 1062 1695 et
1087 1663 1175 1709 pro
1202 1647 1376 1696 merito
1402 1664 1492 1696 suo
1518 1657 1571 1696 ut
1603 1648 1785 1697 animal
1812 1649 1918 1698 bru-

174 1736 276 1775 tum
322 1729 523 1777 effectus
572 1728 645 1776 sit.
721 1730 836 1790 Ipse
879 1736 951 1776 est
995 1737 1042 1777 et
1086 1728 1372 1786 Leviathan,
1407 1729 1457 1778 id
1497 1739 1570 1778 est
1613 1746 1812 1794 serpens
1855 1733 1918 1780 de

98 1825 149 1852 20
171 1809 330 1871 aquiS,
354 1809 469 1871 quia
517 1809 566 1856 in
615 1811 760 1858 huius
810 1811 990 1859 saeculi
1032 1826 1164 1858 mare
1207 1810 1412 1858 volubili
1459 1821 1676 1860 versatur
1723 1813 1914 1862 astutia.

172 1889 442 1938 Leviathan
467 1899 632 1939 autem
658 1890 999 1954 interpretatur
1022 1892 1417 1941 additamentum
1443 1910 1627 1942 eorum.
1691 1896 1917 1956 Quorum
1943 1897 2006 1944 28

171 1971 372 2032 scilicet,
397 1971 490 2020 nisi
522 1972 782 2021 hominum
809 1973 988 2035 quibus
1024 1973 1073 2020 in
1103 1974 1331 2036 paradiso
1364 1977 1516 2023 semel
1553 1977 1749 2038 culpam
1787 1994 1919 2039 prae-

171 2053 479 2102 varicationis
506 2054 684 2113 intulit,
703 2064 751 2103 et
776 2056 905 2102 hanc
931 2071 1088 2117 usque
1113 2057 1177 2104 ad
1202 2064 1451 2104 aeternam
1478 2067 1687 2106 mortem
1715 2059 1917 2108 cottidie

172 2136 518 2198 persuadendo
564 2135 713 2184 adicit
750 2138 826 2184 vel
873 2136 1130 2185 extendit?
1202 2138 1461 2198 Quaedam
1505 2148 1671 2188 autem
1715 2142 1917 2190 nomina
1940 2156 2010 2203 29

102 2236 148 2275 25
173 2217 380 2265 deorum
405 2233 604 2265 suorum
630 2216 836 2279 gentiles
862 2234 948 2280 per
972 2234 1121 2266 vanas
1148 2218 1338 2268 fabulas
1363 2221 1427 2268 ad
1453 2220 1665 2270 rationes
1691 2222 1916 2285 physicas

171 2307 411 2347 conantur
452 2299 722 2359 traducere,
757 2316 914 2362 eaque
963 2299 1011 2347 in
1054 2299 1214 2348 causis
1257 2302 1616 2350 elementorum
1659 2305 1917 2367 conposita

171 2396 277 2428 esse
302 2379 695 2443 interpretantur.
746 2382 844 2430 Sed
870 2382 965 2429 hoc
991 2398 1019 2429 a
1044 2381 1202 2444 poetis
1227 2391 1388 2430 totum
1415 2384 1584 2432 fictum
1611 2393 1702 2447 est,
1718 2393 1771 2434 ut
1796 2387 1916 2435 deos

171 2478 284 2510 suos
311 2471 540 2510 ornarent
563 2462 810 2525 aliquibus
837 2462 1019 2525 figuris,
1039 2480 1164 2526 quos
1189 2464 1407 2527 perditos
1432 2482 1490 2513 ac
1516 2467 1773 2516 dedecoris
1800 2468 1917 2517 infa-

170 2543 267 2591 mia
292 2544 464 2607 plenos
490 2543 638 2592 fuisse
661 2543 892 2593 historiae
917 2546 1230 2594 confitentur.
1292 2547 1513 2596 Omnino
1539 2549 1669 2597 enim
1698 2551 1914 2613 fingendi

99 2644 148 2682 30
168 2628 307 2674 locus
332 2636 489 2687 vacat,
513 2626 599 2674 ubi
624 2626 797 2675 veritas
823 2636 994 2676 cessat.
1033 2629 1269 2676 Saturnus
1296 2630 1432 2693 origo
1457 2632 1662 2680 deorum
1691 2642 1738 2681 et
1764 2633 1913 2681 totius
1937 2648 2004 2694 30

230 2769 247 2795 1
279 2757 346 2796 hic
367 2769 447 2796 om.
480 2755 528 2794 T1
640 2756 788 2807 Belus]
812 2770 938 2796 verus
962 2757 1011 2796 Cl
1158 2772 1182 2796 2
1212 2759 1373 2808 primus
1393 2772 1474 2800 om.
1506 2760 1543 2798 T
1701 2775 1725 2810 3
1755 2775 1911 2801 numen

171 2811 365 2850 Schwarz
537 2822 562 2859 5
592 2817 732 2850 autem
754 2824 836 2850 om.
859 2812 914 2850 Β1
1046 2811 1214 2861 quidam
1235 2813 1290 2851 Β1
1310 2858 1312 2861 .
1448 2815 1473 2852 8
1503 2821 1632 2854 mont.
1655 2816 1775 2865 fogor
1797 2816 1877 2854 CK
1883 2818 1919 2856 T

170 2879 197 2915 9
225 2864 388 2917 autern]
411 2865 523 2904 enim
543 2865 583 2903 Β
737 2867 819 2914 pul.
846 2873 910 2906 est
931 2872 1067 2917 propt.
1090 2866 1135 2903 K
1300 2880 1344 2906 11
1378 2881 1533 2908 numen
1555 2869 1680 2910 Arev.
1705 2885 1713 2909 :
1743 2871 1912 2910 nomine

172 2920 284 2960 codd.
396 2932 442 2968 13
474 2919 659 2958 Belzebu
681 2919 822 2958 C¹KT
924 2934 1096 2960 accaror
1117 2920 1162 2958 K
1273 2935 1320 2971 14
1341 2923 1460 2962 zebul
1482 2923 1611 2961 BKT
1719 2936 1766 2973 15
1788 2925 1849 2964 vir
1870 2926 1916 2964 K

177 2986 222 3022 17
251 2974 397 3023 lingua
417 2988 498 3014 om.
520 2974 614 3011 ΑΚ
750 2987 799 3025 19
827 2975 882 3014 sit
903 2974 994 3026 ipse
1014 2988 1096 3015 om.
1121 2975 1167 3013 K
1186 2978 1287 3025 (non
1304 2977 1369 3030 A)
1506 2991 1558 3027 23
1589 2985 1630 3017 et
1651 2979 1780 3031 hanc]
1801 2994 1848 3019 ac
1869 2981 1915 3019 K

172 3040 224 3076 24
243 3029 582 3078 persuadendum
598 3028 644 3066 K
721 3041 771 3079 25
793 3042 925 3069 vanas
936 3043 986 3069 ex
998 3043 1104 3069 unas
1126 3030 1163 3068 T
1233 3044 1283 3081 27
1306 3031 1669 3082 interpretaturK
1739 3035 1792 3072 28
1811 3047 1912 3074 suos

172 3095 254 3122 om.
270 3081 311 3120 B
393 3084 627 3123 dedecoros
647 3082 694 3120 K
773 3083 815 3122 in
828 3083 936 3124 sama
963 3085 1000 3124 T
1077 3098 1131 3135 29
1151 3085 1310 3135 figendi
1333 3085 1382 3124 C1
1469 3100 1522 3136 30
1542 3093 1586 3126 ut
1606 3100 1692 3127 ver.
1717 3095 1855 3128 cesset
1868 3089 1915 3127 K
