2228 3444
830 144 1172 192 EPISTOLA
1212 147 1285 192 IV

182 278 449 332 famulis,ne
467 278 622 335 inopia
636 287 826 335 pereant
839 279 988 323 famis.
1022 280 1159 325 Nosti
1176 280 1285 337 quid
1305 280 1702 326 creditorveniens
1718 292 1926 340 reposcat

182 364 209 392 a
247 357 303 393 te.
372 351 479 394 Non
511 350 744 395 minuetur
775 351 871 407 tibi,
905 353 1129 410 quidquid
1163 353 1345 398 dederis
1382 354 1530 399 nobis.
1612 357 1796 399 Memor
1826 366 1927 400 esto

183 421 335 477 parvis
364 422 563 479 panibus
595 424 937 468 multitudinem
971 425 1187 470 satiatam
1212 434 1256 470 et
1289 440 1533 484 superasse
1564 428 1781 484 reliquias
1804 430 1926 485 frag-

183 503 443 538 mentorum
466 496 833 552 magnitudinem
854 512 1042 554 panum.
1107 500 1182 542 An
1206 507 1340 555 putas
1373 501 1548 543 donum
1578 500 1661 543 tibi
1693 501 1925 544 conlatum

133 579 155 619 5
183 580 264 623 pro
297 576 340 611 te
363 569 653 613 solummodo
675 584 776 614 esse
800 570 992 614 datum?
1055 573 1115 614 Et
1139 579 1341 615 vestrum
1364 581 1432 617 est
1457 581 1501 617 et
1523 580 1733 616 nostrum
1754 587 1763 626 ;
1800 588 1926 616 com-

182 655 321 685 mune
345 650 427 696 est,
450 656 542 686 non
573 643 817 699 privatum.
884 645 942 688 Et
967 643 1069 701 quis
1100 644 1252 689 dicere
1277 646 1348 689 vel
1371 645 1563 689 insanus
1589 654 1854 702 praesumat
1879 658 1925 690 ut

182 714 359 771 privato
382 723 460 758 tuo
482 717 702 771 gaudeas,
726 716 802 773 qui
825 717 882 760 de
906 731 1151 760 commune
1176 725 1357 761 tantum
1373 717 1713 774 inculpabiliter
1725 719 1927 773 gaudere

183 786 301 831 scias
321 790 335 830 ?
399 789 521 831 Nam
540 802 680 846 quum
699 788 779 833 tibi
802 791 932 832 Deus
949 789 1269 833 oeconomiam
1288 790 1490 834 thesauri
1506 790 1574 834 sui
1589 800 1635 835 et
1651 790 1925 846 divitiarum,

182 860 358 915 salutis,
381 861 632 918 sapientiae
661 870 705 906 et
740 861 958 906 scientiae
991 870 1151 907 tenere
1184 863 1480 918 concesserit,
1514 878 1597 907 cur
1628 865 1755 920 larga
1787 879 1927 908 manu

111 948 159 977 10
181 947 273 976 non
296 934 493 977 effundis
517 935 638 991 quod
654 935 811 979 dando
828 949 921 979 non
935 935 1138 979 minuis?
1179 937 1254 979 An
1274 950 1416 993 quum
1435 936 1480 980 in
1498 937 1718 980 membris
1743 938 1926 994 superni

182 1007 346 1063 capitis
380 1007 696 1064 unusquisque
735 1009 859 1064 quod
892 1022 986 1051 non
1025 1008 1222 1065 accepit,
1258 1009 1322 1052 sic
1356 1009 1401 1052 in
1434 1010 1580 1053 altero
1611 1010 1847 1066 possideat
1882 1019 1928 1054 ut

180 1079 325 1134 alteri,
351 1080 476 1136 quod
496 1080 651 1133 habet,
675 1080 1004 1136 possidendum
1031 1081 1159 1135 sciat,
1182 1089 1229 1125 tu
1253 1081 1447 1125 forsitan
1471 1080 1574 1125 ideo
1604 1082 1738 1125 nobis
1763 1097 1928 1138 parcus

181 1152 353 1207 existis,
391 1152 498 1209 quia
531 1153 655 1209 quod
690 1161 846 1197 mutue
879 1169 907 1196 a
939 1154 1075 1197 nobis
1107 1168 1329 1208 resumas,
1364 1169 1456 1197 non
1490 1154 1700 1198 invenis?
1765 1155 1857 1199 Sed
1892 1156 1928 1198 si

184 1225 401 1269 ‘habenti
425 1225 538 1280 das,’
571 1225 777 1269 tantillae
808 1226 1035 1270 mercedis
1058 1227 1258 1271 fructum
1285 1234 1506 1283 reportas.
1571 1227 1653 1271 Sin
1677 1242 1783 1270 vero
1809 1229 1927 1271 ‘non

110 1312 158 1351 15
184 1297 370 1341 habenti
392 1297 622 1352 tribuisti,’
645 1298 905 1355 praeceptis
928 1298 1206 1354 evangelicis
1238 1299 1478 1352 satisfacis,
1502 1307 1549 1342 ut
1575 1300 1583 1320 ‘
1602 1300 1823 1343 reddatur
1845 1300 1926 1344 tibi

184 1370 229 1413 in
248 1370 547 1414 retributione
566 1370 819 1415 iustorum.’
860 1371 1059 1415 Proinde
1078 1370 1160 1428 [et]
1180 1386 1267 1427 ego
1285 1371 1552 1415 remordeor
1570 1372 1854 1416 conscientia
1873 1387 1928 1415 eo

183 1444 304 1500 quod
322 1443 366 1486 in
381 1458 455 1487 me
471 1443 583 1486 nihil
599 1444 986 1489 communicabile
1001 1444 1110 1488 boni
1127 1444 1341 1499 sentiam,
1358 1444 1577 1501 quoniam
1594 1444 1805 1488 iubemur
1823 1446 1833 1466 ‘
1848 1460 1928 1502 per

184 1516 423 1560 caritatem
451 1516 622 1560 servire
652 1516 875 1561 invicem'
900 1526 943 1561 et
974 1517 1319 1574 ‘unusquisque
1349 1531 1490 1574 quam
1522 1518 1700 1573 accepit
1728 1518 1926 1573 gratiam

184 1590 230 1632 in
267 1590 535 1633 alterutrum
573 1589 700 1633 illam
732 1591 1070 1644 administrare,
1105 1591 1222 1634 sicut
1255 1590 1364 1633 boni
1402 1590 1747 1646 dispensatores
1784 1591 1930 1634 multi-

110 1678 159 1705 20
183 1662 343 1706 formis
365 1663 540 1718 gratiae
566 1662 686 1718 Dei,’
709 1671 849 1720 atque
877 1662 1151 1721 ‘unicuique
1179 1663 1294 1706 sicut
1323 1662 1478 1706 divisit
1503 1664 1633 1706 Deus
1663 1677 1927 1707 mensuram

185 1735 291 1779 fidei
314 1735 357 1778 in
378 1751 471 1780 una
493 1751 717 1793 compage
740 1737 1085 1791 membrorum,'
1106 1737 1244 1781 debet
1267 1750 1370 1780 eam
1393 1735 1557 1779 ceteris
1581 1736 1785 1791 partibus
1809 1750 1929 1779 com-

183 1808 433 1862 municare,
472 1809 580 1866 quia
618 1809 762 1853 ‘haec
800 1810 956 1852 omnia
988 1818 1204 1866 operatur
1235 1823 1351 1852 unus
1386 1816 1525 1864 atque
1558 1808 1681 1852 idem
1715 1808 1926 1863 Spiritus,

182 1881 396 1925 dividens
419 1882 626 1938 singulis,
649 1890 786 1938 prout
804 1882 923 1926 vult.'
989 1882 1082 1925 Sed
1098 1883 1158 1926 ad
1176 1896 1319 1925 unum
1335 1895 1389 1924 ac
1407 1881 1636 1937 peculiare
1655 1881 1926 1937 subsidium,

182 1955 304 2010 quod
327 1955 560 2011 praemisi,
580 1969 776 2008 recurro,
802 1956 862 1999 ad
885 1954 1265 2012 inportunitatem
1290 1953 1478 2005 scilicet,
1504 1952 1702 1996 amicam
1725 1951 1928 1996 amicitia

109 2043 157 2081 25
182 2027 415 2071 destitutis
443 2042 498 2071 ac
530 2029 655 2072 nulla
686 2029 996 2071 membrorum
1029 2028 1326 2070 honestorum
1359 2025 1510 2082 gratia
1542 2024 1782 2068 decoratis.
1851 2025 1927 2067 Id-

182 2100 304 2144 circo
337 2101 444 2144 audi
474 2115 638 2144 vocem
667 2115 834 2155 meam,
858 2109 923 2144 tot
959 2100 1336 2144 interiacentibus
1365 2099 1526 2142 terris:
1563 2098 1746 2152 ‘redde,
1768 2098 1927 2149 redde,

183 2173 307 2230 quod
340 2174 510 2217 debes?
576 2176 700 2217 Nam
735 2187 893 2217 servus
926 2188 990 2229 es,
1017 2187 1173 2217 servus
1200 2171 1371 2216 Christi
1400 2180 1444 2215 et
1475 2171 1855 2224 Christianorum,
1880 2180 1928 2214 ut

182 2246 272 2289 illic
296 2247 356 2290 sis
379 2246 524 2290 mai0r
546 2247 754 2290 omnium
777 2255 1050 2299 nostrorum,
1076 2254 1121 2290 et
1152 2260 1292 2303 quam
1324 2244 1466 2289 nostri
1499 2259 1640 2288 causa
1671 2244 1754 2288 tibi
1778 2246 1927 2288 conla-

182 2327 276 2363 tam
294 2320 563 2376 praesentis,
580 2319 778 2376 gratiam
792 2319 1052 2363 sitientibus
1068 2318 1234 2363 animis
1249 2317 1559 2374 scientiaeque
1576 2317 1697 2360 fame
1713 2317 1925 2360 cruciatis

109 2411 160 2449 30
183 2392 399 2449 inpertire
422 2407 514 2436 non
538 2392 814 2448 dedigneris
879 2394 990 2435 Non
1014 2406 1113 2436 sum
1139 2390 1290 2435 saltim
1314 2405 1405 2447 pes,
1427 2390 1502 2447 qui
1526 2390 1586 2433 ad
1604 2389 1809 2433 iniuncta
1831 2390 1926 2433 dis-

243 2523 258 2548 1
294 2510 459 2549 famulis
478 2510 550 2549 K:
594 2510 763 2549 familiis
793 2509 919 2548 BTU
1098 2522 1122 2547 2
1152 2510 1334 2548 minetur
1354 2507 1436 2547 B1:
1478 2508 1674 2545 minuitur
1693 2506 1739 2543 K
1902 2520 1924 2553 4

185 2566 476 2615 magnitudine
497 2564 543 2602 K
716 2577 740 2614 5
769 2571 955 2604 vestrum
999 2566 1100 2617 (om.
1144 2564 1214 2615 Et)
1255 2564 1296 2602 U
1439 2563 1464 2599 8
1493 2559 1804 2611 oeconomiam]
1845 2560 1923 2598 hec

182 2620 322 2658 omnia
353 2620 391 2658 Τ
487 2619 723 2658 divinarum
746 2618 791 2656 K
908 2633 934 2668 9
962 2619 1215 2668 sapientiam
1235 2625 1276 2657 et
1297 2617 1515 2656 scientiam
1542 2615 1583 2654 U
1686 2628 1734 2652 10
1764 2615 1927 2652 minues

182 2674 239 2712 El
395 2673 570 2712 membri
591 2673 637 2710 K
789 2672 984 2724 superni]
1006 2673 1155 2712 summi
1183 2671 1219 2709 T
1235 2675 1334 2724 (non
1361 2671 1416 2721 U)
1572 2683 1616 2708 11
1650 2669 1804 2718 accipit
1823 2667 1928 2706 BlK

187 2741 235 2767 12
265 2727 609 2778 possedendoK1
717 2739 765 2776 Ι3
795 2727 911 2779 quia]
927 2740 1008 2777 que
1022 2726 1082 2765 K1
1189 2740 1237 2775 14
1265 2726 1455 2765 tantillae
1468 2731 1629 2763 tantum
1644 2724 1715 2762 ille
1732 2723 1926 2761 mercidis

187 2783 255 2822 K:
285 2783 472 2821 tantillae
492 2788 656 2821 tantum
677 2782 776 2821 inde
793 2783 989 2821 mercidis
1008 2782 1048 2819 A
1072 2795 1082 2821 t
1113 2781 1262 2820 tantilli
1284 2780 1494 2819 mercedis
1520 2779 1561 2816 U
1670 2778 1703 2816 si
1723 2789 1824 2815 vero
1852 2776 1932 2814 TU

190 2849 237 2886 15
267 2837 418 2875 tribuis
437 2836 589 2876 BTU:
617 2837 798 2876 tribuisti
818 2836 911 2874 AI<
1047 2837 1195 2875 reddat
1216 2835 1261 2872 K
1442 2836 1490 2871 16
1519 2832 1695 2883 perinde
1722 2831 1762 2869 U
1791 2885 1798 2893 ·
1885 2837 1926 2869 et

187 2904 268 2941 ego
292 2890 429 2930 TUB:
458 2904 540 2941 ego
561 2891 644 2929 KA
791 2892 985 2930 remordo
1012 2890 1054 2929 U
1235 2902 1279 2939 17
1312 2902 1364 2927 eo
1385 2901 1467 2938 quo
1489 2886 1545 2925 Bl
1703 2887 1825 2923 bonis
1846 2883 1931 2947 Βζ]

190 2946 442 2990 sententiam
463 2945 508 2984 K
643 2958 691 2983 21
725 2945 838 2997 eam]
861 2959 952 2984 cum
974 2944 1018 2982 K
1183 2957 1234 2994 24
1264 2943 1440 2994 promisi
1470 2941 1506 2979 T
1660 2940 1925 3001 inopprtum-

188 3005 317 3040 tatem
337 2999 382 3037 K
547 2999 757 3039 amicitiae
779 2999 823 3038 K
1008 3013 1056 3049 27
1089 3011 1236 3038 servus
1257 2998 1326 3037 alt.
1349 3010 1431 3036 om.
1454 2996 1494 3034 A
1634 3007 1688 3043 3ο
1717 2993 1924 3044 iniuncta]

185 3055 325 3093 iuncta
351 3053 389 3091 T
404 3054 518 3109 (nonu
532 3054 598 3106 U)
