2176 3424
1019 147 1289 196 ISIDORI

279 275 573 340 posteritatis
599 293 627 324 a
652 276 853 340 paganis
879 277 1174 339 designatur.
1250 280 1403 326 Hunc
1431 278 1593 327 Latini
1617 295 1646 327 a
1678 287 1785 327 satu
1817 280 2025 342 appella-

276 366 381 406 turn
408 358 587 418 ferunt,
611 359 750 420 quasi
774 360 839 407 ad
866 358 1026 422 ipsum
1062 359 1185 408 satio
1219 359 1442 408 omnium
1478 359 1716 423 pertineat
1746 377 1924 422 rerum,
1949 362 2023 409 vel

200 458 253 504 31
275 457 304 489 a
340 442 574 504 temporis
612 440 939 504 longitudine,
966 443 1103 503 quod
1140 450 1382 491 saturetur
1417 442 1572 490 annis.
1645 443 1793 491 Vnde
1829 450 1876 490 et
1910 458 2022 490 eum

278 522 454 571 Graeci
480 523 673 572 Cronos
698 540 882 572 nomen
910 523 1094 572 habere
1120 523 1310 583 dicunt,
1334 523 1385 572 id
1411 533 1483 573 est
1508 533 1721 587 tempus,
1737 524 1873 586 quod
1899 522 2025 572 filios

277 621 392 653 suos
418 606 569 653 fertur
593 607 875 666 devorasse,
900 607 998 654 hoc
1033 615 1105 654 est
1137 622 1314 667 annos,
1339 622 1464 669 quos
1498 615 1694 669 tempus
1727 605 2026 669 produxerit,
2050 619 2072 660 5

277 685 328 734 in
362 703 414 735 se
450 686 671 747 revolvit,
695 689 772 736 vel
807 689 942 750 quod
986 705 1045 736 eo
1082 687 1283 747 semina,
1312 689 1448 736 unde
1484 688 1718 747 oriuntur,
1746 687 1922 736 iterum
1957 705 2026 737 re·

191 782 255 828 32
279 769 446 817 deunt.
523 770 679 817 Hunc
721 768 860 819 Caeli
902 768 1050 832 patris
1092 768 1363 818 abscidisse
1404 768 1634 833 genitalia
1684 769 1870 829 dicunt,
1912 768 2028 832 quia

278 851 401 901 nihil
426 851 476 899 in
502 853 639 900 caelo
672 852 736 900 de
766 851 1039 900 seminibus
1074 851 1304 900 nascitur.
1378 853 1575 901 Falcem
1606 860 1754 911 tenet,
1784 851 2027 914 inquiunt,

277 942 476 998 propter
515 933 863 997 agriculturam
899 933 1287 997 significandam,
1316 935 1392 982 vel
1423 942 1620 997 propter
1651 950 1808 982 annos
1834 942 1882 982 et
1911 942 2030 981 tem-

279 1033 411 1079 pora,
449 1017 584 1078 quod
619 1016 669 1064 in
703 1032 755 1064 se
792 1017 1011 1075 redeant,
1045 1017 1120 1064 vel
1154 1024 1353 1079 propter
1391 1015 1695 1079 sapientiam,
1723 1016 1861 1078 quod
1898 1014 2028 1063 intus
2054 1028 2105 1057 10

195 1117 259 1165 33
280 1106 425 1146 acuta
450 1097 522 1146 sit.
600 1100 660 1146 In
686 1098 932 1161 aliquibus
962 1106 1130 1147 autem
1159 1097 1438 1146 civitatibus
1472 1099 1682 1146 Saturno
1706 1097 1886 1145 liberos
1913 1113 2028 1144 suos

281 1182 415 1243 apud
440 1180 646 1243 gentiles
677 1180 997 1239 inmolabant,
1026 1182 1163 1243 quod
1194 1182 1458 1229 Saturnum
1495 1190 1670 1243 poetae
1699 1179 1879 1228 liberos
1913 1195 2027 1226 suos

193 1274 259 1322 34
282 1264 544 1311 devorasse
571 1262 769 1311 solitum
803 1262 1123 1311 tradiderunt.
1199 1262 1332 1311 Iovis
1365 1264 1513 1311 fertur
1544 1279 1572 1310 a
1602 1261 1817 1310 iuvando
1850 1259 2026 1319 dictus,

282 1354 330 1393 et
375 1343 596 1407 Iuppiter
635 1344 774 1407 quasi
818 1345 989 1392 iuvans
1032 1352 1181 1406 pater,
1218 1345 1314 1392 hoc
1357 1353 1443 1402 est,
1480 1343 1711 1392 omnibus
1760 1351 2026 1405 praestans.

285 1429 439 1474 Hunc
465 1435 513 1475 et
538 1426 726 1489 privato
760 1426 902 1474 titulo
939 1428 1109 1474 Iovem
1142 1425 1403 1488 Optimum
1437 1425 1679 1485 dixerunt,
1706 1426 1826 1473 dum
1858 1423 2027 1472 fuisset
2057 1437 2102 1476 15

199 1523 262 1572 35
283 1511 498 1557 incestus
524 1509 573 1556 in
608 1508 720 1567 suis,
750 1507 1012 1571 inpudicus
1045 1508 1093 1555 in
1125 1507 1377 1556 extraneis.
1453 1509 1617 1569 Quem
1648 1508 1801 1555 modo
1834 1516 2026 1554 taurum

283 1592 474 1654 fingunt
508 1599 706 1654 propter
740 1593 970 1653 Europae
1005 1599 1230 1653 raptum,
1266 1589 1356 1637 fuit
1391 1589 1523 1638 enim
1555 1589 1604 1636 in
1639 1589 1751 1637 navi
1789 1588 1927 1636 cuius
1962 1587 2029 1635 in-

283 1672 419 1735 signe
444 1683 545 1721 erat
571 1682 736 1721 taurus
759 1691 766 1719 :
806 1673 958 1720 modo
986 1674 1184 1720 Danaes
1210 1688 1296 1734 per
1321 1670 1530 1720 imbrem
1556 1688 1761 1720 aureum
1785 1668 2029 1733 appetisse

282 1755 604 1803 concubitum
626 1773 637 1813 3
673 1754 758 1802 ubi
784 1753 1080 1817 intellegitur
1103 1752 1392 1816 pudicitiam
1414 1752 1629 1801 mulieris
1654 1752 1718 1800 ab
1737 1768 1856 1800 auro
1881 1750 2029 1800 fuisse

282 1846 563 1900 corruptam
584 1856 592 1885 :
632 1837 783 1884 modo
808 1835 859 1883 in
880 1835 1200 1884 similitudine
1219 1834 1426 1898 aquilae,
1446 1844 1642 1898 propter
1661 1836 1797 1897 quod
1822 1850 2028 1897 puerum
2054 1847 2104 1875 20

281 1919 347 1967 ad
389 1927 611 1981 stuprum
657 1917 899 1981 rapuerit:
955 1919 1108 1966 modo
1151 1925 1444 1980 serpentem,
1497 1916 1611 1979 quia
1657 1914 1930 1979 reptaverit,
1982 1924 2029 1963 et

192 2005 259 2062 36
283 2018 510 2065 cygnum,
539 2001 655 2064 quia
692 1999 972 2049 cantaverit.
1049 2002 1113 2047 Et
1146 1999 1261 2048 ideo
1293 2016 1397 2048 non
1431 2001 1612 2063 figurae
1640 1998 1761 2047 istae
1786 2007 1913 2058 sunt,
1942 1999 2029 2046 sed

284 2085 430 2147 plane
467 2085 529 2132 de
566 2083 770 2132 veritate
808 2085 1006 2132 scelera.
1080 2084 1229 2131 Vnde
1265 2091 1408 2145 turpe
1446 2091 1547 2131 erat
1584 2083 1704 2130 tales
1733 2083 1854 2130 deos
1880 2079 2027 2140 credi,

199 2182 261 2232 37
283 2167 453 2229 quales
479 2165 706 2214 homines
734 2182 839 2214 esse
866 2182 969 2212 non
995 2164 1225 2213 debeant.
1290 2167 1467 2212 Ianum
1494 2165 1666 2212 dicunt
1691 2162 1831 2226 quasi
1855 2161 2029 2211 mundi

284 2250 359 2297 vel
385 2247 507 2296 caeli
523 2249 600 2296 vel
626 2264 888 2296 mensuum
910 2246 1107 2295 ianuam
1130 2265 1137 2293 :
1169 2247 1292 2294 duas
1319 2245 1427 2294 Iani
1448 2244 1596 2294 facies
1616 2244 1813 2303 faciunt,
1833 2252 2030 2307 propter
2055 2257 2103 2297 25

283 2330 524 2378 orientem
551 2340 598 2378 et
625 2329 952 2378 occidentem.
1006 2330 1134 2378 Cum
1153 2345 1266 2376 vero
1292 2327 1477 2376 faciunt
1502 2345 1615 2376 eum
1641 2325 2027 2390 quadrifrontem

284 2422 332 2460 et
360 2414 537 2460 Ianum
575 2411 828 2475 geminum
867 2412 1131 2474 appellant,
1158 2411 1223 2458 ad
1260 2418 1490 2472 quattuor
1527 2409 1700 2457 mundi
1738 2418 1897 2471 partes
1933 2409 2030 2455 hoc

283 2494 509 2551 referunt,
531 2496 607 2542 vel
632 2495 695 2542 ad
722 2502 952 2556 quattuor
977 2494 1221 2541 elementa
1246 2491 1346 2540 sive
1370 2501 1604 2554 tempora.
1666 2492 1764 2540 Sed
1789 2492 1908 2539 dum
1934 2491 2029 2538 hoc

342 2637 358 2662 1
394 2624 668 2674 designantur
692 2625 741 2664 Cl
833 2624 1033 2675 appellati
1054 2623 1225 2662 fuerunt
1245 2621 1291 2658 K
1309 2621 1409 2673 (non
1431 2622 1496 2674 A)
1607 2635 1631 2660 2
1662 2622 1788 2661 statio
1813 2621 1866 2659 T2
1947 2633 2026 2659 rer.

285 2684 395 2730 pert.
420 2678 466 2716 K
480 2681 584 2730 (non
603 2680 667 2729 A)
779 2680 848 2718 vel
869 2685 1109 2729 temporum
1129 2677 1240 2727 long.
1264 2676 1310 2714 K
1418 2691 1442 2726 4
1473 2675 1621 2726 Κρόνος
1640 2707 1649 2716 .
1676 2707 1684 2715 .
1711 2708 1719 2716 .
1742 2677 1812 2726 qui
1834 2682 1897 2715 est
1917 2676 2028 2714 idem

286 2734 431 2786 χρόνος
452 2735 493 2772 id
515 2739 580 2772 est
601 2735 787 2773 Lactant.
813 2735 906 2773 inst.
928 2748 962 2784 1,
988 2747 1048 2782 12,
1073 2746 1099 2782 9
1255 2745 1367 2770 nom.
1390 2732 1485 2771 hab.
1509 2732 1584 2784 di.]
1608 2737 1761 2770 vocant
1781 2730 1827 2768 K
1842 2732 1942 2782 (non
1962 2729 2025 2778 A)

287 2803 310 2839 5
334 2790 550 2829 deforasse
579 2789 616 2827 T
690 2790 879 2838 proxerit
902 2789 952 2827 Cl
1027 2790 1053 2826 6
1082 2785 1262 2825 revolvit
1284 2786 1362 2826 CK
1379 2801 1388 2825 z
1419 2787 1595 2825 resolvit
1614 2785 1700 2825 BT
1777 2785 1912 2824 oritur
1929 2783 2035 2822 B1T

290 2859 339 2884 10
369 2843 567 2896 redeant]
588 2844 765 2882 credunt
784 2843 830 2882 K
941 2857 985 2882 11
1022 2843 1071 2881 In
1092 2842 1259 2892 aliquod
1290 2840 1335 2891 (i.
1352 2855 1380 2880 e.
1404 2843 1544 2893 -quot)
1571 2840 1609 2879 T
1715 2853 1764 2878 12
1794 2841 1904 2879 imm.
1925 2845 2028 2888 aput

286 2905 402 2948 gent.
426 2898 472 2936 K
489 2899 593 2951 (non
613 2898 677 2949 A)
764 2898 897 2950 quod]
917 2911 1000 2949 quo
1019 2897 1075 2935 Β1
1192 2908 1239 2944 13
1269 2895 1427 2947 dictus]
1442 2895 1523 2935 dici
1546 2894 1594 2934 Cl
1701 2896 1750 2933 16
1769 2895 1959 2932 incertus
1978 2892 2028 2931 Cl

291 2955 340 2992 18
370 2954 506 2992 suerat
528 2953 563 2992 C
582 2953 682 3005 (non
704 2954 767 3004 A)
882 2952 1075 3004 Danaes]
1099 2951 1205 2990 dans
1228 2950 1277 2988 T1
1388 2963 1442 2989 20
1471 2951 1595 2989 modo
1615 2950 1657 2988 in
1673 2981 1680 2990 .
1696 2980 1706 2990 .
1726 2978 1737 2989 .
1758 2961 1845 2998 rap.
1870 2961 1953 2987 om.
1971 2948 2025 2986 Β1

287 3010 380 3047 sim.
404 3007 535 3047 fuisse
554 3021 618 3058 aq.
643 3007 689 3045 K
706 3006 808 3057 (non
829 3008 869 3045 A
878 3010 893 3061 )
1023 3018 1070 3045 21
1108 3007 1159 3044 ad
1179 3011 1372 3055 stuprum
1393 3018 1473 3044 om.
1495 3004 1589 3042 AK
1723 3016 1774 3042 22
1802 3003 1968 3052 signum
1998 3002 2035 3040 T

288 3076 340 3112 23
369 3063 532 3102 scelere
562 3063 617 3100 Tl
781 3064 893 3102 unde
916 3068 958 3101 et
979 3067 1059 3101 tur.
1083 3060 1129 3098 K
1271 3073 1323 3110 24
1353 3061 1512 3099 debent
1534 3058 1579 3096 K
1731 3059 1786 3098 Ia.
1813 3058 1967 3096 dictum
1996 3057 2033 3095 T

289 3129 340 3167 25
369 3117 436 3156 vel
460 3118 572 3170 (alt.)
595 3131 678 3157 om.
702 3116 789 3155 BT
1001 3117 1055 3155 26
1083 3115 1410 3166 quadriformem
1430 3113 1489 3152 K1

2152 3315 2176 3424 minu
