<?xml version="1.0" encoding="UTF-8"?>
<!DOCTYPE html PUBLIC "-//W3C//DTD XHTML 1.0 Transitional//EN"
    "http://www.w3.org/TR/xhtml1/DTD/xhtml1-transitional.dtd">
<html xmlns="http://www.w3.org/1999/xhtml" xml:lang="en" lang="en">
 <head>
  <title>
</title>
<meta http-equiv="Content-Type" content="text/html;charset=utf-8" />
  <meta name='ocr-system' content='tesseract 3.04.00' />
  <meta name='ocr-capabilities' content='ocr_page ocr_carea ocr_par ocr_line ocrx_word'/>
</head>
<body>
  <div class='ocr_page' id='page_1' title='image "./isidori01isiduoft/isidori01isiduoft_0581.png"; bbox 0 0 2176 3424; ppageno 0'>
   <div class='ocr_carea' id='block_1_1' title="bbox 441 154 1504 204">
    <p class='ocr_par' dir='ltr' id='par_1_1' title="bbox 441 154 1504 204">
     <span class='ocr_line' id='line_1_1' title="bbox 441 154 1504 204; baseline 0.001 -2"><span class='ocrx_word' id='word_1_1' title='bbox 441 154 1070 204; x_wconf 87' lang='lat' dir='ltr'><strong>ETYMOLOGIARVM</strong></span> <span class='ocrx_word' id='word_1_2' title='bbox 1110 156 1239 203; x_wconf 89' lang='lat' dir='ltr'><strong>LIB.</strong></span> <span class='ocrx_word' id='word_1_3' title='bbox 1279 157 1418 203; x_wconf 93' lang='lat' dir='ltr'><strong>XIV.</strong></span> <span class='ocrx_word' id='word_1_4' title='bbox 1459 155 1504 203; x_wconf 84' lang='lat' dir='ltr'><strong>ix</strong></span> 
     </span>
    </p>
   </div>
   <div class='ocr_carea' id='block_1_2' title="bbox 29 281 1927 1071">
    <p class='ocr_par' dir='ltr' id='par_1_2' title="bbox 105 281 1927 596">
     <span class='ocr_line' id='line_1_2' title="bbox 108 281 1927 349; baseline 0.001 -20"><span class='ocrx_word' id='word_1_5' title='bbox 108 298 221 330; x_wconf 85' lang='lat' dir='ltr'><strong>nam</strong></span> <span class='ocrx_word' id='word_1_6' title='bbox 255 290 303 331; x_wconf 92' lang='lat' dir='ltr'><strong>et</strong></span> <span class='ocrx_word' id='word_1_7' title='bbox 327 281 450 345; x_wconf 86' lang='lat' dir='ltr'><strong>ignis</strong></span> <span class='ocrx_word' id='word_1_8' title='bbox 483 292 531 332; x_wconf 92' lang='lat' dir='ltr'><strong>et</strong></span> <span class='ocrx_word' id='word_1_9' title='bbox 557 283 755 347; x_wconf 86' lang='lat' dir='ltr'><strong>frigoris.</strong></span> <span class='ocrx_word' id='word_1_10' title='bbox 830 286 1022 334; x_wconf 89' lang='lat' dir='ltr'><strong>Inferus</strong></span> <span class='ocrx_word' id='word_1_11' title='bbox 1055 286 1327 349; x_wconf 88' lang='lat' dir='ltr'><strong>appellatur</strong></span> <span class='ocrx_word' id='word_1_12' title='bbox 1359 302 1419 334; x_wconf 91' lang='lat' dir='ltr'><strong>eo</strong></span> <span class='ocrx_word' id='word_1_13' title='bbox 1457 286 1594 349; x_wconf 86' lang='lat' dir='ltr'><strong>quod</strong></span> <span class='ocrx_word' id='word_1_14' title='bbox 1618 284 1742 334; x_wconf 83' lang='lat' dir='ltr'><strong>infra</strong></span> <span class='ocrx_word' id='word_1_15' title='bbox 1765 286 1841 333; x_wconf 88' lang='lat' dir='ltr'><strong>sit.</strong></span> <span class='ocrx_word' id='word_1_16' title='bbox 1868 295 1927 330; x_wconf 91' lang='lat'><strong>10</strong></span> 
     </span>
     <span class='ocr_line' id='line_1_3' title="bbox 105 362 1841 431; baseline 0.003 -20"><span class='ocrx_word' id='word_1_17' title='bbox 105 362 240 412; x_wconf 89' lang='lat' dir='ltr'>Sicut</span> <span class='ocrx_word' id='word_1_18' title='bbox 263 372 428 413; x_wconf 87' lang='lat' dir='ltr'><strong>autem</strong></span> <span class='ocrx_word' id='word_1_19' title='bbox 449 366 723 414; x_wconf 87' lang='lat' dir='ltr'><strong>secundum</strong></span> <span class='ocrx_word' id='word_1_20' title='bbox 748 382 936 430; x_wconf 87' lang='lat' dir='ltr'><strong>corpus,</strong></span> <span class='ocrx_word' id='word_1_21' title='bbox 961 365 1000 415; x_wconf 86' lang='lat' dir='ltr'><strong>si</strong></span> <span class='ocrx_word' id='word_1_22' title='bbox 1025 366 1257 431; x_wconf 90' lang='lat' dir='ltr'><strong>ponderis</strong></span> <span class='ocrx_word' id='word_1_23' title='bbox 1283 366 1358 416; x_wconf 88' lang='lat' dir='ltr'><strong>sui</strong></span> <span class='ocrx_word' id='word_1_24' title='bbox 1381 367 1606 417; x_wconf 82' lang='lat' dir='ltr'><strong>ordinem</strong></span> <span class='ocrx_word' id='word_1_25' title='bbox 1626 376 1841 427; x_wconf 85' lang='lat' dir='ltr'><strong>teneant,</strong></span> 
     </span>
     <span class='ocr_line' id='line_1_4' title="bbox 105 442 1845 514; baseline 0.004 -23"><span class='ocrx_word' id='word_1_26' title='bbox 105 442 330 494; x_wconf 85' lang='lat' dir='ltr'><strong>inferiora</strong></span> <span class='ocrx_word' id='word_1_27' title='bbox 354 455 466 496; x_wconf 89' lang='lat' dir='ltr'><strong>sunt</strong></span> <span class='ocrx_word' id='word_1_28' title='bbox 499 449 667 497; x_wconf 86' lang='lat' dir='ltr'><strong>omnia</strong></span> <span class='ocrx_word' id='word_1_29' title='bbox 699 447 930 512; x_wconf 85' lang='lat' dir='ltr'><strong>graviora,</strong></span> <span class='ocrx_word' id='word_1_30' title='bbox 959 448 1025 498; x_wconf 87' lang='lat' dir='ltr'><strong>ita</strong></span> <span class='ocrx_word' id='word_1_31' title='bbox 1058 449 1332 499; x_wconf 89' lang='lat' dir='ltr'><strong>secundum</strong></span> <span class='ocrx_word' id='word_1_32' title='bbox 1368 448 1592 514; x_wconf 89' lang='lat' dir='ltr'><strong>spiritum</strong></span> <span class='ocrx_word' id='word_1_33' title='bbox 1617 448 1845 499; x_wconf 85' lang='lat' dir='ltr'><strong>inferiora</strong></span> 
     </span>
     <span class='ocr_line' id='line_1_5' title="bbox 105 528 1841 596; baseline 0.003 -21"><span class='ocrx_word' id='word_1_34' title='bbox 105 536 218 576; x_wconf 88' lang='lat' dir='ltr'><strong>sunt</strong></span> <span class='ocrx_word' id='word_1_35' title='bbox 243 530 409 577; x_wconf 86' lang='lat' dir='ltr'><strong>omnia</strong></span> <span class='ocrx_word' id='word_1_36' title='bbox 433 528 642 579; x_wconf 85' lang='lat' dir='ltr'>tristiora</span> <span class='ocrx_word' id='word_1_37' title='bbox 659 548 672 591; x_wconf 66' lang='grc' dir='ltr'><em>ς</em></span> <span class='ocrx_word' id='word_1_38' title='bbox 708 531 841 580; x_wconf 90' lang='lat' dir='ltr'><strong>unde</strong></span> <span class='ocrx_word' id='word_1_39' title='bbox 866 539 914 580; x_wconf 88' lang='lat' dir='ltr'><strong>et</strong></span> <span class='ocrx_word' id='word_1_40' title='bbox 947 532 997 579; x_wconf 90' lang='lat' dir='ltr'><strong>in</strong></span> <span class='ocrx_word' id='word_1_41' title='bbox 1030 531 1221 581; x_wconf 83' lang='lat' dir='ltr'><strong>Graeca</strong></span> <span class='ocrx_word' id='word_1_42' title='bbox 1245 530 1411 595; x_wconf 75' lang='lat' dir='ltr'><strong>lingua</strong></span> <span class='ocrx_word' id='word_1_43' title='bbox 1443 531 1579 596; x_wconf 88' lang='lat' dir='ltr'><strong>origo</strong></span> <span class='ocrx_word' id='word_1_44' title='bbox 1613 530 1841 592; x_wconf 87' lang='lat' dir='ltr'><strong>nominis,</strong></span> 
     </span>
    </p>

    <p class='ocr_par' dir='ltr' id='par_1_3' title="bbox 55 612 1919 1008">
     <span class='ocr_line' id='line_1_6' title="bbox 55 612 1844 677; baseline 0.003 -20"><span class='ocrx_word' id='word_1_45' title='bbox 55 631 77 672; x_wconf 86' lang='lat'>5</span> <span class='ocrx_word' id='word_1_46' title='bbox 105 625 204 673; x_wconf 88' lang='lat' dir='ltr'><strong>quo</strong></span> <span class='ocrx_word' id='word_1_47' title='bbox 229 612 500 674; x_wconf 84' lang='lat' dir='ltr'><strong>appellatur</strong></span> <span class='ocrx_word' id='word_1_48' title='bbox 525 613 720 672; x_wconf 81' lang='lat' dir='ltr'><strong>inferuS,</strong></span> <span class='ocrx_word' id='word_1_49' title='bbox 748 628 808 662; x_wconf 89' lang='lat' dir='ltr'><strong>ex</strong></span> <span class='ocrx_word' id='word_1_50' title='bbox 833 629 893 662; x_wconf 93' lang='lat' dir='ltr'><strong>eo</strong></span> <span class='ocrx_word' id='word_1_51' title='bbox 919 614 1055 677; x_wconf 88' lang='lat' dir='ltr'><strong>quod</strong></span> <span class='ocrx_word' id='word_1_52' title='bbox 1080 615 1202 662; x_wconf 88' lang='lat' dir='ltr'><strong>nihil</strong></span> <span class='ocrx_word' id='word_1_53' title='bbox 1227 630 1375 664; x_wconf 84' lang='lat' dir='ltr'><strong>suave</strong></span> <span class='ocrx_word' id='word_1_54' title='bbox 1409 615 1591 664; x_wconf 84' lang='lat' dir='ltr'><strong>habeat</strong></span> <span class='ocrx_word' id='word_1_55' title='bbox 1615 630 1844 664; x_wconf 86' lang='lat' dir='ltr'><strong>resonare</strong></span> 
     </span>
     <span class='ocr_line' id='line_1_7' title="bbox 103 691 1919 758; baseline 0.004 -18"><span class='ocrx_word' id='word_1_56' title='bbox 103 691 398 754; x_wconf 84' lang='lat' dir='ltr'><strong>perhibetur.</strong></span> <span class='ocrx_word' id='word_1_57' title='bbox 472 693 607 744; x_wconf 87' lang='lat' dir='ltr'><strong>Sicut</strong></span> <span class='ocrx_word' id='word_1_58' title='bbox 650 704 814 744; x_wconf 84' lang='lat' dir='ltr'><strong>autem</strong></span> <span class='ocrx_word' id='word_1_59' title='bbox 858 711 941 744; x_wconf 89' lang='lat' dir='ltr'><strong>cor</strong></span> <span class='ocrx_word' id='word_1_60' title='bbox 987 695 1213 745; x_wconf 84' lang='lat' dir='ltr'><strong>animalis</strong></span> <span class='ocrx_word' id='word_1_61' title='bbox 1255 697 1306 745; x_wconf 92' lang='lat' dir='ltr'><strong>in</strong></span> <span class='ocrx_word' id='word_1_62' title='bbox 1349 697 1516 747; x_wconf 90' lang='lat' dir='ltr'><strong>medio</strong></span> <span class='ocrx_word' id='word_1_63' title='bbox 1559 707 1644 758; x_wconf 89' lang='lat' dir='ltr'><strong>est,</strong></span> <span class='ocrx_word' id='word_1_64' title='bbox 1688 696 1754 746; x_wconf 85' lang='lat' dir='ltr'><strong>ita</strong></span> <span class='ocrx_word' id='word_1_65' title='bbox 1797 705 1845 746; x_wconf 92' lang='lat' dir='ltr'><strong>et</strong></span> <span class='ocrx_word' id='word_1_66' title='bbox 1872 713 1919 747; x_wconf 92' lang='lat'><strong>11</strong></span> 
     </span>
     <span class='ocr_line' id='line_1_8' title="bbox 102 773 1844 841; baseline 0.004 -19"><span class='ocrx_word' id='word_1_67' title='bbox 102 773 283 824; x_wconf 86' lang='lat' dir='ltr'><strong>inferus</strong></span> <span class='ocrx_word' id='word_1_68' title='bbox 323 775 373 824; x_wconf 90' lang='lat' dir='ltr'><strong>in</strong></span> <span class='ocrx_word' id='word_1_69' title='bbox 412 776 578 826; x_wconf 88' lang='lat' dir='ltr'><strong>medio</strong></span> <span class='ocrx_word' id='word_1_70' title='bbox 615 786 770 826; x_wconf 84' lang='lat' dir='ltr'><strong>terrae</strong></span> <span class='ocrx_word' id='word_1_71' title='bbox 809 794 916 827; x_wconf 87' lang='lat' dir='ltr'><strong>esse</strong></span> <span class='ocrx_word' id='word_1_72' title='bbox 952 778 1250 841; x_wconf 88' lang='lat' dir='ltr'><strong>perhibetur.</strong></span> <span class='ocrx_word' id='word_1_73' title='bbox 1323 780 1472 829; x_wconf 92' lang='lat' dir='ltr'><strong>Vnde</strong></span> <span class='ocrx_word' id='word_1_74' title='bbox 1509 789 1557 829; x_wconf 90' lang='lat' dir='ltr'><strong>et</strong></span> <span class='ocrx_word' id='word_1_75' title='bbox 1593 778 1643 829; x_wconf 91' lang='lat' dir='ltr'><strong>in</strong></span> <span class='ocrx_word' id='word_1_76' title='bbox 1682 781 1844 828; x_wconf 83' lang='lat' dir='ltr'><strong>Evan-</strong></span> 
     </span>
     <span class='ocr_line' id='line_1_9' title="bbox 101 855 1843 926; baseline 0.002 -20"><span class='ocrx_word' id='word_1_77' title='bbox 101 855 228 920; x_wconf 85' lang='lat' dir='ltr'><strong>gelio</strong></span> <span class='ocrx_word' id='word_1_78' title='bbox 265 858 469 922; x_wconf 87' lang='lat' dir='ltr'><strong>legimus</strong></span> <span class='ocrx_word' id='word_1_79' title='bbox 507 858 943 925; x_wconf 85' lang='lat' dir='ltr'><strong>(Matth.12,40):</strong></span> <span class='ocrx_word' id='word_1_80' title='bbox 985 862 1073 909; x_wconf 91' lang='lat' dir='ltr'><strong>‘In</strong></span> <span class='ocrx_word' id='word_1_81' title='bbox 1110 862 1260 911; x_wconf 89' lang='lat' dir='ltr'><strong>corde</strong></span> <span class='ocrx_word' id='word_1_82' title='bbox 1296 863 1481 911; x_wconf 86' lang='lat' dir='ltr'><strong>terrae.&#39;</strong></span> <span class='ocrx_word' id='word_1_83' title='bbox 1552 861 1843 926; x_wconf 90' lang='lat' dir='ltr'><strong>Philosophi</strong></span> 
     </span>
     <span class='ocr_line' id='line_1_10' title="bbox 102 939 1842 1008; baseline 0.003 -21"><span class='ocrx_word' id='word_1_84' title='bbox 102 948 266 989; x_wconf 85' lang='lat' dir='ltr'><strong>autem</strong></span> <span class='ocrx_word' id='word_1_85' title='bbox 300 939 470 989; x_wconf 89' lang='lat' dir='ltr'><strong>dicunt</strong></span> <span class='ocrx_word' id='word_1_86' title='bbox 507 942 642 1004; x_wconf 89' lang='lat' dir='ltr'><strong>quod</strong></span> <span class='ocrx_word' id='word_1_87' title='bbox 680 941 818 991; x_wconf 88' lang='lat' dir='ltr'><strong>inferi</strong></span> <span class='ocrx_word' id='word_1_88' title='bbox 851 959 940 1006; x_wconf 91' lang='lat' dir='ltr'><strong>pro</strong></span> <span class='ocrx_word' id='word_1_89' title='bbox 973 959 1032 991; x_wconf 93' lang='lat' dir='ltr'><strong>eo</strong></span> <span class='ocrx_word' id='word_1_90' title='bbox 1070 942 1296 992; x_wconf 84' lang='lat' dir='ltr'><strong>dicantur</strong></span> <span class='ocrx_word' id='word_1_91' title='bbox 1329 945 1465 1008; x_wconf 90' lang='lat' dir='ltr'><strong>quod</strong></span> <span class='ocrx_word' id='word_1_92' title='bbox 1498 943 1693 994; x_wconf 87' lang='lat' dir='ltr'><strong>animae</strong></span> <span class='ocrx_word' id='word_1_93' title='bbox 1725 944 1842 993; x_wconf 87' lang='lat' dir='ltr'><strong>hine</strong></span> 
     </span>
    </p>

    <p class='ocr_par' dir='ltr' id='par_1_4' title="bbox 29 1020 422 1071">
     <span class='ocr_line' id='line_1_11' title="bbox 29 1020 422 1071; baseline 0.013 -6"><span class='ocrx_word' id='word_1_94' title='bbox 29 1035 78 1066; x_wconf 91' lang='lat'><strong>10</strong></span> <span class='ocrx_word' id='word_1_95' title='bbox 102 1020 169 1069; x_wconf 88' lang='lat' dir='ltr'><strong>ibi</strong></span> <span class='ocrx_word' id='word_1_96' title='bbox 195 1023 422 1071; x_wconf 88' lang='lat' dir='ltr'><strong>ferantur.</strong></span> 
     </span>
    </p>
   </div>
   <div class='ocr_carea' id='block_1_3' title="bbox 100 1151 1848 1312">
    <p class='ocr_par' dir='ltr' id='par_1_5' title="bbox 100 1151 1848 1312">
     <span class='ocr_line' id='line_1_12' title="bbox 159 1151 1845 1207; baseline 0.003 -17"><span class='ocrx_word' id='word_1_97' title='bbox 159 1164 175 1190; x_wconf 95' lang='lat'>1</span> <span class='ocrx_word' id='word_1_98' title='bbox 210 1151 256 1192; x_wconf 87' lang='lat' dir='ltr'><strong>fr.</strong></span> <span class='ocrx_word' id='word_1_99' title='bbox 289 1152 467 1203; x_wconf 85' lang='lat' dir='ltr'><strong>legimus</strong></span> <span class='ocrx_word' id='word_1_100' title='bbox 499 1154 533 1193; x_wconf 90' lang='lat' dir='ltr'><em>C</em></span> <span class='ocrx_word' id='word_1_101' title='bbox 657 1153 851 1192; x_wconf 86' lang='lat' dir='ltr'><strong>Infernus</strong></span> <span class='ocrx_word' id='word_1_102' title='bbox 893 1153 930 1192; x_wconf 94' lang='lat' dir='ltr'><em>T</em></span> <span class='ocrx_word' id='word_1_103' title='bbox 1049 1169 1100 1194; x_wconf 91' lang='lat' dir='ltr'><strong>eo</strong></span> <span class='ocrx_word' id='word_1_104' title='bbox 1131 1170 1215 1197; x_wconf 81' lang='lat' dir='ltr'><strong>om,</strong></span> <span class='ocrx_word' id='word_1_105' title='bbox 1259 1157 1297 1196; x_wconf 95' lang='lat' dir='ltr'><em>T</em></span> <span class='ocrx_word' id='word_1_106' title='bbox 1455 1170 1482 1207; x_wconf 88' lang='grc'>3</span> <span class='ocrx_word' id='word_1_107' title='bbox 1511 1157 1570 1197; x_wconf 83' lang='lat' dir='ltr'><strong>ita</strong></span> <span class='ocrx_word' id='word_1_108' title='bbox 1600 1164 1642 1198; x_wconf 91' lang='lat' dir='ltr'><strong>et</strong></span> <span class='ocrx_word' id='word_1_109' title='bbox 1676 1171 1760 1198; x_wconf 88' lang='lat' dir='ltr'><strong>sec.</strong></span> <span class='ocrx_word' id='word_1_110' title='bbox 1799 1157 1845 1195; x_wconf 88' lang='lat' dir='ltr'><em>K</em></span> 
     </span>
     <span class='ocr_line' id='line_1_13' title="bbox 101 1207 1848 1263; baseline 0.003 -18"><span class='ocrx_word' id='word_1_111' title='bbox 101 1220 124 1255; x_wconf 92' lang='lat'><strong>4</strong></span> <span class='ocrx_word' id='word_1_112' title='bbox 154 1207 373 1246; x_wconf 85' lang='lat' dir='ltr'><strong>tristitiora</strong></span> <span class='ocrx_word' id='word_1_113' title='bbox 395 1207 445 1246; x_wconf 83' lang='lat' dir='ltr'><strong>Cl</strong></span> <span class='ocrx_word' id='word_1_114' title='bbox 610 1221 634 1258; x_wconf 86' lang='lat'>5</span> <span class='ocrx_word' id='word_1_115' title='bbox 665 1221 719 1247; x_wconf 84' lang='lat' dir='ltr'><strong>ex</strong></span> <span class='ocrx_word' id='word_1_116' title='bbox 738 1222 820 1248; x_wconf 85' lang='lat' dir='ltr'><strong>om.</strong></span> <span class='ocrx_word' id='word_1_117' title='bbox 850 1208 887 1247; x_wconf 93' lang='lat' dir='ltr'><em>T</em></span> <span class='ocrx_word' id='word_1_118' title='bbox 1010 1210 1119 1249; x_wconf 88' lang='lat' dir='ltr'><strong>nihil</strong></span> <span class='ocrx_word' id='word_1_119' title='bbox 1139 1225 1221 1250; x_wconf 84' lang='lat' dir='ltr'><strong>om.</strong></span> <span class='ocrx_word' id='word_1_120' title='bbox 1249 1212 1299 1251; x_wconf 75' lang='lat' dir='ltr'><strong>Cl</strong></span> <span class='ocrx_word' id='word_1_121' title='bbox 1466 1226 1487 1263; x_wconf 93' lang='lat'><strong>7</strong></span> <span class='ocrx_word' id='word_1_122' title='bbox 1518 1213 1707 1253; x_wconf 82' lang='lat' dir='ltr'><strong>infernus</strong></span> <span class='ocrx_word' id='word_1_123' title='bbox 1727 1212 1806 1252; x_wconf 82' lang='lat' dir='ltr'><strong>BC</strong></span> <span class='ocrx_word' id='word_1_124' title='bbox 1811 1211 1848 1251; x_wconf 93' lang='lat' dir='ltr'><em>T</em></span> 
     </span>
     <span class='ocr_line' id='line_1_14' title="bbox 100 1261 1235 1312; baseline 0.005 -12"><span class='ocrx_word' id='word_1_125' title='bbox 100 1275 126 1312; x_wconf 91' lang='lat'>9</span> <span class='ocrx_word' id='word_1_126' title='bbox 155 1262 350 1301; x_wconf 80' lang='lat' dir='ltr'><strong>dicantur</strong></span> <span class='ocrx_word' id='word_1_127' title='bbox 368 1261 475 1302; x_wconf 89' lang='lat' dir='ltr'><strong>BK:</strong></span> <span class='ocrx_word' id='word_1_128' title='bbox 507 1262 701 1303; x_wconf 89' lang='lat' dir='ltr'><strong>dicuntur</strong></span> <span class='ocrx_word' id='word_1_129' title='bbox 723 1263 799 1303; x_wconf 88' lang='lat' dir='ltr'><strong>CT</strong></span> <span class='ocrx_word' id='word_1_130' title='bbox 906 1276 954 1303; x_wconf 92' lang='lat'><strong>10</strong></span> <span class='ocrx_word' id='word_1_131' title='bbox 983 1265 1176 1306; x_wconf 83' lang='lat' dir='ltr'><strong>feruntur</strong></span> <span class='ocrx_word' id='word_1_132' title='bbox 1199 1267 1235 1307; x_wconf 87' lang='lat' dir='ltr'><em>C</em></span> 
     </span>
    </p>
   </div>
  </div>
 </body>
</html>
