2176 3424
379 135 1008 183 ETYMOLOGIARVM
1049 135 1178 181 LIB.
1218 135 1386 181 XVII.
1425 151 1466 190 v,
1496 132 1543 180 vi

86 266 177 315 nisi
202 266 460 314 fructifera.
517 266 712 313 Genere
737 273 901 312 autem
928 263 1167 312 feminino
1191 263 1389 312 arbores
1415 262 1625 313 dicimus
1644 282 1656 324 ,-
1682 281 1831 327 poma

85 364 199 396 vero
224 356 410 396 neutro.
486 348 664 395 Frutex
689 346 847 394 brevis
886 354 957 394 est
981 347 1255 409 appellatus
1281 347 1418 408 quod
1453 355 1628 394 terram
1654 346 1830 395 fronde
1852 350 1885 397 4

86 437 248 491 tegat3
282 429 420 477 cuius
457 429 642 491 plurale
678 443 862 476 nomen
898 428 1119 476 frutecta.
1197 426 1359 476 Arbor
1396 428 1495 475 alta
1530 435 1617 475 est.
1702 428 1833 477 Silva
1855 437 1886 487 5

86 526 200 559 vero
227 509 435 573 spissum
462 525 638 558 nemus
664 518 712 558 et
737 510 897 558 breve.
950 508 1080 557 Silva
1105 510 1238 557 dicta
1262 507 1402 571 quasi
1427 510 1580 571 xylva,
1600 510 1737 571 quod
1763 507 1831 557 ibi

40 614 62 654 5
85 591 215 656 ligna
234 593 502 640 caedantur
523 609 536 651 3
560 608 674 639 nam
693 590 867 640 Graeci
893 591 1034 647 ξύλον
1051 591 1238 655 lignum
1265 590 1452 639 dicunt.
1512 592 1674 639 Multa
1699 590 1831 640 enim

85 672 259 722 Latina
297 672 500 721 nomina
547 674 789 723 Graecam
838 675 1130 736 plerumque
1178 672 1526 737 etymologiam
1574 671 1829 735 recipiunt.

84 757 275 804 Nemus
301 771 328 803 a
353 754 640 803 numinibus
664 764 1019 818 nuncupatum,
1049 754 1164 819 quia
1188 754 1367 819 pagani
1402 754 1471 804 ibi
1497 754 1630 804 idola
1654 753 1832 803 consti·
1855 751 1890 799 6

84 837 308 885 tuebant:
330 845 442 884 sunt
459 836 590 885 enim
607 854 812 885 nemora
827 838 1025 886 arbores
1044 836 1266 897 maiores,
1278 837 1541 885 umbrosae
1557 836 1829 886 frondibus.

87 920 251 967 Lucus
277 928 350 967 est
380 917 596 967 densitas
629 919 860 967 arborum
895 921 1001 968 solo
1035 921 1197 968 lucem
1228 920 1507 978 detrahens,
1537 928 1680 982 tropo
1713 919 1833 966 anti·
1855 925 1884 973 7

4 1021 61 1050 ·10
85 999 261 1062 phrasi,
290 1016 349 1048 eo
382 1001 518 1063 quod
552 1017 653 1048 non
683 1002 875 1061 luceat3
911 1000 1012 1049 sive
1042 1018 1071 1048 a
1107 1003 1229 1060 luce,
1258 1001 1394 1063 quod
1426 1002 1477 1048 in
1510 1016 1570 1049 eo
1600 1000 1834 1048 lucebant

85 1080 266 1128 funalia
286 1082 360 1129 vel
386 1081 512 1130 cerei
539 1092 735 1145 propter
762 1099 1020 1131 nemorum
1043 1083 1287 1131 tenebras.
1339 1083 1499 1131 Saltus
1518 1090 1590 1130 est
1615 1080 1831 1130 densitas
1858 1082 1888 1129 8

82 1163 312 1210 arborum
337 1164 447 1222 alta,
470 1174 644 1212 vocata
668 1165 764 1212 hoc
790 1164 991 1213 nomine
1018 1181 1079 1212 eo
1104 1165 1240 1227 quod
1267 1165 1429 1212 exiliat
1454 1163 1504 1212 in
1529 1166 1683 1212 altum
1710 1174 1757 1213 et
1783 1163 1833 1212 in

83 1243 294 1293 sublime
319 1254 594 1307 consurgat.
647 1244 844 1293 Aviaria
869 1254 1055 1294 secreta
1075 1262 1290 1304 nemora,
1315 1245 1448 1294 dicta
1472 1247 1610 1308 quod
1636 1245 1703 1294 ibi
1719 1262 1832 1295 aves
1857 1261 1893 1308 9

84 1327 409 1388 frequentant.
484 1326 726 1375 Recidiva
757 1327 989 1375 arborum
1019 1336 1132 1375 sunt
1169 1344 1297 1390 quae
1323 1326 1428 1375 aliis
1455 1327 1599 1376 sectis
1626 1329 1835 1391 repullu-
1857 1345 1918 1381 10

4 1426 58 1468 ‚15
83 1408 197 1454 lant.
250 1406 349 1454 Alii
366 1407 578 1456 recidiva
596 1425 626 1455 a
644 1409 873 1457 cadendo
893 1409 1080 1467 dicunt,
1099 1408 1214 1471 quia
1233 1418 1345 1471 post
1362 1425 1531 1457 casum
1549 1419 1831 1458 nascuntur.

83 1486 182 1535 Alii
200 1505 229 1535 a
247 1486 515 1538 recidendo
541 1497 588 1537 et
613 1490 958 1551 repullulando
984 1488 1230 1538 dixerunt.
1286 1493 1416 1553 Ergo
1442 1489 1727 1550 recidivum,
1748 1490 1832 1539 ubi

85 1586 214 1618 mors
261 1578 346 1617 aut
393 1587 549 1619 casus.
626 1570 801 1619 Insitio
850 1570 1028 1620 dicitur
1075 1587 1187 1619 cum
1237 1572 1354 1620 fisso
1396 1581 1572 1621 trunco
1612 1574 1833 1621 surculus
1858 1583 1903 1617 11

83 1652 326 1700 fecundae
351 1650 536 1700 arboris
563 1650 711 1700 sterili
747 1651 1003 1711 inseritur;
1039 1661 1123 1700 aut
1157 1654 1413 1701 oculorum
1441 1653 1688 1717 inpositio,
1718 1671 1831 1702 cum

84 1731 239 1781 inciso
264 1732 445 1781 cortice
470 1732 594 1782 libro
618 1732 807 1781 alienae
837 1732 1023 1782 arboris
1053 1750 1255 1796 germen
1281 1734 1552 1783 inmittitur.
1629 1737 1833 1784 Plantae
1858 1750 1913 1785 12

5 1833 64 1862 πο
85 1822 198 1860 sunt
223 1814 286 1861 de
310 1814 565 1862 arboribus
584 1833 597 1874 3
632 1815 870 1877 plantaria
895 1832 1021 1873 vero,
1046 1832 1173 1878 quae
1198 1832 1255 1864 ex
1282 1815 1553 1866 seminibus
1580 1827 1696 1865 nata
1720 1827 1833 1865 sunt

85 1910 198 1941 cum
225 1894 471 1943 radicibus
498 1904 545 1944 et
560 1911 589 1942 a
605 1904 730 1943 terra
754 1895 949 1958 propria
965 1898 1335 1946 transferuntur.
1389 1898 1615 1961 Cespites
1636 1898 1832 1947 frutices
1857 1912 1913 1958 13

84 1985 211 2034 sunt,
251 1975 391 2038 quasi
427 1975 671 2038 cuspides,
710 1978 787 2024 vel
823 1976 963 2038 quasi
1000 1977 1128 2026 circa
1163 1980 1331 2041 pedes.
1421 1982 1656 2040 FrondeS‚
1697 1982 1833 2043 quod

83 2058 240 2106 ferant
287 2057 516 2120 virgultas
564 2059 639 2106 vel
689 2058 915 2116 umbras;
967 2069 1081 2107 sunt
1128 2069 1294 2109 autem
1334 2077 1482 2110 causa
1530 2062 1830 2111 umbrarum.

85 2137 231 2187 Oculi
262 2138 380 2188 nodi
414 2149 527 2187 sunt
557 2155 615 2187 ex
645 2138 825 2201 quibus
865 2141 1063 2190 frondes
1094 2151 1286 2190 exeunt.
1363 2143 1525 2193 Radix
1559 2146 1834 2208 appellatur
1857 2157 1913 2204 14

7 2235 61 2276 :25
85 2222 222 2283 quod
247 2220 387 2283 quasi
412 2219 558 2269 radiis
584 2220 882 2282 quibusdam
909 2223 1003 2270 fixa
1024 2223 1159 2271 terris
1186 2225 1235 2271 in
1261 2227 1506 2288 profunda
1531 2226 1830 2290 dimergitur.

87 2304 215 2351 Nam
233 2301 421 2365 physici
442 2304 614 2351 dicunt
634 2318 799 2364 parem
821 2319 928 2352 esse
944 2304 1254 2355 altitudinem
1277 2306 1498 2356 radicum
1518 2317 1565 2356 et
1585 2308 1829 2356 arborum.

143 2445 159 2470 1
193 2432 274 2471 nisi
294 2437 337 2471 et
359 2432 406 2470 fr.
437 2430 475 2469 T
598 2431 754 2470 semino
784 2431 820 2469 T
964 2447 988 2471 2
1021 2447 1121 2474 vero
1143 2449 1227 2475 om.
1246 2435 1291 2473 K
1439 2450 1464 2487 3
1495 2438 1633 2490 nom.]
1654 2451 1831 2478 numero

85 2485 174 2525 ΒΚ
350 2500 374 2535 4
404 2499 506 2525 vero
528 2499 612 2526 om.
635 2485 681 2523 K
815 2488 954 2527 nimus
974 2488 1045 2527 D:
1075 2490 1255 2528 dicimus
1275 2490 1322 2528 K
1445 2492 1556 2532 xilva
1584 2492 1643 2532 T:
1671 2493 1832 2532 exsilva

85 2541 155 2579 D:
183 2554 263 2580 om.
284 2540 330 2579 K
503 2553 527 2589 5
557 2541 670 2590 ligna
692 2555 781 2580 om.
810 2540 848 2579 T
1017 2556 1039 2592 7
1070 2545 1265 2584 numibus
1284 2545 1327 2584 D
1474 2554 1740 2598 nuncupatur
1759 2547 1837 2589 K:

85 2602 186 2634 -tam
208 2595 252 2633 D
387 2597 412 2634 8
442 2601 540 2634 sunt
562 2609 629 2634 en.
651 2608 762 2636 nem.
784 2597 870 2637 arb.
895 2611 976 2636 om.
1009 2597 1046 2635 T
1177 2612 1204 2648 9
1231 2600 1325 2639 solo
1348 2615 1396 2639 ex
1413 2614 1460 2640 so
1490 2601 1527 2639 T
1658 2614 1701 2641 11
1736 2603 1833 2643 sana

86 2650 157 2689 illa
177 2649 223 2687 K
328 2663 476 2689 cereos
497 2648 586 2688 DT
750 2663 796 2688 12
826 2652 911 2691 alto
931 2651 977 2688 K
1134 2667 1181 2703 13
1211 2655 1378 2694 sublimi
1400 2655 1489 2694 DT
1611 2657 1831 2698 Abiariam

84 2710 293 2744 secretam
314 2705 356 2742 D
519 2717 587 2754 qu.
609 2704 688 2756 ibi]
709 2718 790 2755 quo
811 2704 857 2742 K
874 2719 883 2744 :
912 2720 1022 2756 quae
1043 2706 1158 2746 Serv.
1181 2709 1239 2747 ad
1258 2709 1400 2760 Georg.
1423 2724 1461 2762 2,
1479 2724 1562 2761 430
1727 2725 1831 2762 apes

85 2758 128 2797 D
269 2772 318 2809 14
346 2759 438 2798 aliis
458 2771 542 2797 om.
564 2757 609 2795 K
623 2773 632 2797 ε
661 2760 781 2798 taleis
803 2759 1034 2800 Burmann
1054 2762 1098 2800 in
1117 2761 1232 2803 Serv.
1256 2764 1315 2802 ad
1329 2765 1438 2805 Aen.
1466 2779 1528 2817 10,
1546 2767 1599 2816 58
1711 2773 1829 2806 secte

87 2813 131 2851 K
337 2825 383 2863 15
414 2827 438 2853 a
457 2814 648 2852 cadendo
670 2813 783 2855 deta:
813 2828 837 2853 a
858 2817 1047 2855 cedendo
1075 2816 1173 2867 T<12
1190 2831 1219 2856 e.
1243 2820 1362 2858 caed-
1379 2820 1428 2871 2):
1456 2834 1481 2859 a
1502 2820 1734 2860 recidendo
1756 2819 1803 2858 K

86 2867 282 2907 arborum
302 2881 327 2907 a
347 2869 539 2908 cedendo
560 2867 604 2905 D
716 2869 912 2909 dicuntur
927 2871 970 2908 D
1126 2874 1175 2910 16
1205 2874 1499 2915 recedendoD
1654 2887 1700 2925 17
1735 2888 1827 2914 cum

83 2921 136 2973 f.]
157 2923 342 2962 confisso
364 2922 407 2961 D
427 2938 436 2962 :
466 2923 567 2962 fisso
587 2922 632 2960 K
766 2930 912 2964 trunca
933 2928 1000 2977 <ex
1016 2927 1133 2976 -co?)
1150 2926 1194 2964 D
1361 2930 1410 2967 18
1439 2928 1666 2978 sterelique
1689 2930 1768 2970 ins.
1786 2930 1832 2968 D

91 2989 139 3025 19
169 2977 300 3016 incisu
321 2977 390 3016 D:
419 2978 570 3016 incisio
599 2976 655 3015 T:
685 2977 726 3015 in
749 2978 794 3016 K
983 2979 1076 3018 libri
1098 2980 1143 3018 K
1405 2998 1455 3022 22
1485 2997 1554 3034 qu.
1576 2985 1764 3035 cuspites
1785 2984 1832 3022 K

86 3043 138 3080 23
165 3030 344 3080 virgulta
364 3031 410 3070 K
516 3044 568 3080 24
599 3031 748 3071 fondes
777 3031 814 3070 T

909 3137 995 3178 Q2
