2176 3424
384 113 1014 166 ETYMOLOGIARVM
1054 113 1183 160 LIB.
1224 112 1421 158 XVIII.
1464 108 1574 157 iii-v

102 255 306 312 poterat,
352 244 539 295 sonitus
582 243 731 292 tubae
768 241 1038 305 clangentis
1081 240 1367 303 adtingeret.
1442 239 1640 288 Tubam
1683 248 1849 288 autem

102 330 284 378 dictam
320 328 459 391 quasi
493 328 659 385 tofam‚
689 326 738 374 id
773 333 845 372 est
880 340 1064 372 cavam.
1140 324 1267 370 Item
1294 321 1464 370 tubam
1493 320 1633 384 quasi
1659 319 1848 368 tibiam.
1873 339 1905 385 4

104 413 239 460 Inter
275 410 445 459 tubam
482 417 646 456 autem
690 416 738 456 et
779 404 1010 454 bucinam
1055 412 1242 453 veteres
1282 402 1643 452 discernebant.
1719 403 1850 450 Nam

103 492 282 546 bucina
306 491 539 540 insonans
565 487 947 538 sollicitudinem
973 488 1037 535 ad
1056 486 1186 534 bella
1206 484 1544 534 denuntiabat.
1607 483 1851 547 Vergilius

58 591 79 630 5
103 573 248 638 (Aen-
273 588 313 635 7,
334 570 481 636 519)=

774 651 887 712 Qua
924 648 1106 698 bucina
1143 650 1337 712 signum

640 732 744 782 dira
781 733 934 781 dedit.

104 818 250 869 Tuba
274 826 438 867 autem
465 814 704 879 proelium
730 813 1030 873 indicabant,
1060 822 1112 862 ut
1139 811 1292 877 (Virg.
1314 813 1437 861 Aen.
1460 828 1502 873 9,
1524 809 1671 874 503):

577 900 644 946 At
682 896 802 945 tuba
838 895 1105 945 terribilem
1144 893 1377 944 sonitum.

34 1001 83 1030 10
105 984 259 1033 Cuius
313 997 460 1030 sonus
509 978 668 1028 varius
717 986 805 1028 est.
901 978 1030 1026 Nam
1090 976 1337 1026 interdum
1386 973 1577 1024 canitur
1625 983 1678 1023 ut
1727 974 1856 1022 bella

106 1063 488 1122 committantur,
526 1061 772 1110 interdum
809 1068 861 1108 ut
898 1059 1220 1122 insequantur
1253 1073 1337 1106 eos
1368 1055 1452 1120 qui
1479 1055 1684 1119 fugiunt,
1714 1055 1856 1104 inter-

105 1148 225 1198 dum
251 1143 483 1208 receptui.
557 1145 686 1192 Nam
721 1152 946 1204 receptus
982 1140 1160 1191 dicitur
1193 1156 1293 1203 quo
1327 1155 1378 1188 se
1404 1139 1643 1188 exercitus
1669 1136 1853 1200 recipit,

106 1228 240 1276 unde
273 1236 320 1276 et
355 1225 491 1289 signa
524 1223 740 1287 receptui
774 1240 950 1272 canere
975 1222 1220 1272 dicuntum
1291 1219 1509 1271 Classica
1535 1229 1649 1268 sunt
1673 1235 1858 1268 cornua
1881 1235 1911 1284 5

108 1324 234 1372 quae
267 1305 578 1357 convocandi
615 1321 761 1354 causa
797 1314 934 1354 erant
965 1298 1105 1364 facta,
1133 1313 1182 1352 et
1206 1320 1234 1352 a
1259 1302 1470 1352 calando
1496 1301 1700 1350 classica
1725 1300 1856 1349 dice-

37 1415 83 1455 15
108 1391 297 1439 bantur.
373 1391 451 1438 De
476 1388 656 1451 quibus
682 1386 925 1450 Vergilius
954 1387 1098 1450 (Aen.
1122 1400 1162 1448 7,
1183 1384 1300 1449 637)
1323 1404 1331 1433 :

648 1468 868 1519 Classica
904 1467 1103 1531 iamque
1141 1476 1331 1516 sonant.

109 1554 259 1616 Apud
286 1555 563 1601 Amazonas
589 1559 754 1599 autem
782 1566 883 1598 non
910 1549 1042 1609 tuba,
1073 1548 1197 1598 sicut
1230 1566 1259 1597 a
1292 1548 1501 1612 regibus,
1531 1550 1616 1598 sed
1643 1565 1671 1596 a
1696 1549 1861 1612 regina

110 1636 251 1686 sistro
277 1635 544 1684 vocabatur
569 1632 861 1682 seminarum
890 1633 1141 1681 exercitus.

246 1719 328 1765 DE
355 1730 533 1764 ARMls,
606 1717 758 1762 Arma
784 1713 1075 1777 generaliter
1100 1715 1324 1762 omnium
1350 1729 1510 1761 rerum
1537 1711 1863 1761 instrumenta
1885 1724 1922 1762 V

38 1823 90 1851 20
112 1808 226 1849 sunt
245 1818 257 1859 3
293 1800 426 1847 unde
450 1806 497 1847 et
524 1797 606 1849 ubi
634 1805 950 1860 reponuntur,
979 1795 1183 1844 armaria
1213 1795 1346 1844 dicta
1372 1804 1498 1843 sunt.
1575 1797 1701 1842 Item
1728 1811 1863 1842 arma

111 1891 159 1932 et
195 1882 292 1930 tela
327 1879 551 1928 omniurn
589 1894 856 1940 generum3
894 1878 981 1926 sed
1014 1893 1149 1925 arma
1183 1885 1297 1925 sunt
1327 1876 1507 1940 quibus
1533 1875 1625 1939 ipsi
1651 1884 1858 1934 tuemur,

111 1965 208 2013 tela
245 1970 358 2010 sunt
395 1977 522 2024 quae
559 1959 842 2009 emittimus,
919 1960 1047 2007 Nam
1087 1974 1221 2006 arma
1259 1957 1475 2021 duplicia
1512 1967 1654 2005 sunt:
1701 1958 1751 2005 id
1789 1966 1862 2005 est

111 2047 188 2094 vel
236 2043 415 2107 quibus
464 2040 779 2105 percutimus,
831 2041 907 2089 vel
951 2040 1131 2103 quibus
1180 2039 1400 2102 tegimur.
1496 2042 1647 2087 Arma
1696 2047 1860 2086 autem
1885 2053 1915 2087 2

111 2124 305 2189 proprie
330 2123 462 2174 dicta
495 2131 608 2172 sunt
642 2139 701 2171 eo
734 2123 870 2185 quod
922 2137 1084 2170 armos
1116 2130 1298 2184 tegunt.
1376 2122 1503 2169 Nam
1539 2137 1674 2169 arma
1698 2122 1774 2170 vel
1799 2121 1862 2168 ab

44 2232 89 2272 25
113 2206 258 2255 armis
285 2205 527 2265 dicuntur,
556 2204 606 2253 id
633 2213 705 2253 est
731 2204 793 2252 ab
821 2202 1015 2263 umeris,
1043 2211 1096 2251 ut
1124 2201 1277 2266 (Virg.
1298 2205 1422 2251 Aen.
1447 2220 1520 2261 11,
1542 2201 1660 2267 644)
1682 2222 1690 2251 :

176 2350 192 2375 1
228 2342 365 2375 autem
386 2348 466 2375 om.
492 2334 526 2373 C
643 2335 669 2372 6
698 2346 820 2383 quarn
851 2331 887 2370 T
1006 2345 1027 2380 7
1059 2332 1160 2369 dura
1188 2331 1224 2369 T
1340 2332 1364 2371 8
1395 2331 1521 2370 tubae
1541 2331 1654 2370 Serv.
1678 2331 1736 2370 ad
1751 2331 1859 2372 Aen.

122 2404 183 2442 11,
204 2404 283 2440 474
503 2388 714 2427 indicabat
734 2386 859 2425 BCK
1081 2391 1124 2424 ut
1146 2386 1196 2424 ad
1219 2386 1359 2424 tubam
1380 2386 1446 2425 B:
1478 2391 1523 2425 ut
1544 2392 1585 2425 et
1606 2387 1705 2425 tuba
1730 2386 1788 2424 C:
1820 2392 1864 2424 ut

118 2446 265 2485 aturba
288 2445 358 2483 K:
391 2450 434 2482 ut
455 2448 704 2494 pararentur
724 2443 775 2480 ad
794 2442 894 2480 tube
923 2440 960 2478 T
1046 2454 1072 2490 9
1103 2440 1305 2491 sonitum]
1327 2453 1478 2479 sonum
1507 2440 1544 2478 T
1634 2453 1684 2479 10
1713 2442 1863 2492 sonus]

119 2499 280 2539 sonitus
301 2499 356 2536 Β1
538 2511 582 2535 11
618 2499 688 2536 int.
713 2509 838 2535 causa
860 2496 1006 2545 (causa
1025 2508 1048 2534 a
1078 2494 1150 2545 T2)
1173 2508 1256 2535 rec.
1286 2495 1323 2532 T
1489 2509 1536 2534 12
1566 2508 1672 2544 quos
1694 2508 1764 2533 ex.
1785 2495 1871 2532 ΒΤ

120 2555 281 2604 recepit
301 2553 389 2591 ΒΚ
628 2565 674 2600 14
705 2551 884 2590 vocandi
908 2551 955 2589 C1
1149 2550 1324 2588 calendo
1349 2549 1398 2588 C1
1589 2550 1808 2588 dicebatur
1836 2548 1873 2586 T

126 2611 173 2647 16
204 2621 384 2658 namque
407 2607 455 2645 Cl
631 2611 752 2645 sonat
776 2605 810 2644 C
1018 2617 1064 2653 17
1096 2617 1318 2643 amazones
1346 2604 1383 2642 T
1559 2610 1697 2644 autem
1718 2617 1801 2644 om.
1825 2603 1870 2640 K

122 2664 246 2702 tubae
270 2663 374 2715 (·be)
397 2661 529 2699 ΒΚΤ
739 2660 789 2698 si.
815 2673 871 2699 re.
895 2659 962 2697 K:
993 2660 1044 2700 si.
1065 2672 1088 2698 a
1110 2659 1308 2708 gregibus
1328 2658 1382 2696 Β1
1650 2672 1697 2708 19
1727 2671 1865 2696 rerum

123 2731 207 2757 om.
231 2717 265 2756 C
415 2729 468 2754 20
497 2715 769 2754 armametela
791 2714 836 2751 K
853 2714 955 2764 (non
975 2714 1040 2766 N)
1192 2726 1239 2751 21
1275 2727 1357 2752 om.
1379 2726 1479 2762 gen.
1501 2714 1575 2752 sed
1595 2726 1653 2752 ar.
1677 2726 1760 2751 om.
1783 2712 1872 2751 ΚΝ

125 2785 224 2822 gen.
247 2775 346 2810 sunt
367 2771 443 2809 sed
463 2770 504 2808 Β
754 2783 823 2819 qu.
849 2769 905 2819 ip.
931 2775 988 2808 tu.
1011 2773 1067 2807 te.
1090 2774 1186 2807 sunt
1206 2781 1290 2807 om.
1313 2767 1403 2806 KN
1648 2768 1717 2816 qui
1738 2768 1794 2817 ip.
1818 2767 1866 2805 C1

126 2839 177 2864 22
208 2826 410 2864 mittimus
430 2824 519 2862 KN
535 2824 637 2875 (non
658 2823 715 2874 U)
790 2835 840 2872 23
871 2823 937 2862 vel
954 2836 1023 2872 qu.
1040 2823 1219 2871 tegimus
1238 2828 1355 2872 (corr.
1378 2824 1506 2874 -mur)
1523 2822 1588 2861 vel
1609 2835 1680 2870 qu.
1697 2834 1810 2871 perc.
1838 2822 1874 2860 T

128 2881 384 2930 percutimur
405 2879 450 2917 K
600 2891 652 2927 24
683 2891 796 2917 arma
815 2891 896 2917 om.
922 2877 1013 2915 ΚΝ
1028 2877 1130 2927 (non
1158 2877 1213 2927 U)
