2176 3424
280 121 911 172 ETYMOLOGIARVM
954 121 1083 167 LIB.
1124 120 1323 166 XVIII.
1362 118 1652 166 xxxvii-xliii

99 254 353 318 sanguine.
426 253 582 301 Albos
625 252 844 314 zephyris
881 259 928 298 et
971 248 1154 298 serenis
1191 248 1582 311 tempestatibus,
1627 249 1851 312 prasinos

98 336 300 386 floribus
337 345 385 384 et
426 345 592 394 terrae,
632 342 835 382 venetos
873 330 1012 393 aquis
1054 333 1131 379 vel
1169 330 1282 391 aeri,
1321 331 1437 393 quia
1473 332 1699 379 caeruleo
1738 342 1852 380 sunt

99 420 278 477 colore,
306 419 477 475 luteos,
506 415 557 463 id
590 424 664 463 est
697 429 910 472 croceos,
939 411 1038 475 igni
1072 422 1120 460 et
1153 411 1258 472 soli,
1285 428 1557 475 purpureos
1596 410 1662 460 Iri
1699 427 1851 459 sacra-

98 510 285 558 verunt,
313 514 463 561 quam
487 513 655 545 arcum
682 494 906 554 dicimus,
936 495 1071 556 quod
1097 493 1136 542 is
1174 493 1410 556 plurimos
1436 495 1625 542 colores
1652 493 1846 541 habeat.

47 595 68 634 5
97 580 290 644 Sicque,
317 582 436 628 dum
463 580 554 626 hac
588 575 892 640 spectatione
926 576 1132 624 deorum
1163 574 1377 623 cultibus
1406 584 1556 637 atque
1592 573 1849 623 elementis
1871 584 1901 629 3

98 660 433 712 mundialibus
466 661 798 722 profanantur,
834 658 1039 706 eosdem
1074 658 1195 705 deos
1221 666 1368 719 atque
1402 657 1578 705 eadem
1604 657 1850 705 elementa

96 741 424 806 proculdubio
472 742 632 789 colere
680 747 965 786 noscuntur.
1038 739 1186 786 Vnde
1241 737 1631 786 animadvertere
1679 737 1848 796 debeS,

97 823 390 882 Christiane,
419 823 555 885 quod
593 820 790 871 Circum
826 819 1032 868 numina
1064 818 1306 868 inmunda
1343 821 1646 882 possideant.
1721 821 1852 880 Qua—

96 915 293 969 propter
328 903 516 953 alienus
554 903 642 951 erit
680 900 769 950 tibi
805 902 943 948 locus
981 917 1129 963 quem
1167 900 1364 963 plurimi
1403 902 1616 949 Satanae
1653 900 1848 963 spiritus

15 1003 72 1030 ¹10
95 995 490 1050 occupaverunt:
552 994 710 1034 totum
761 982 894 1031 enirn
954 982 1093 1030 illum
1155 982 1383 1031 diabolus
1434 993 1482 1032 et
1531 982 1691 1046 angeli
1745 982 1849 1031 eius

96 1070 419 1132 repleverunt.

231 1153 313 1198 DE
349 1163 611 1197 THEATRo.
685 1148 958 1195 Theatrum
989 1156 1061 1194 est
1086 1162 1186 1208 quo
1217 1162 1366 1193 scena
1401 1145 1679 1205 includitur,
1708 1146 1847 1194 semi-
1869 1153 1991 1192 XLII

95 1232 262 1280 circuli
288 1233 490 1294 figuram
516 1229 723 1289 habens,
744 1230 794 1275 in
819 1243 919 1290 quo
945 1237 1130 1276 stantes
1156 1243 1330 1275 omnes
1355 1226 1637 1290 inspiciunt.
1692 1227 1847 1277 Cuius

96 1315 252 1362 forma
285 1311 498 1375 primum
531 1311 744 1358 rotunda
781 1319 896 1369 erat,
930 1308 1054 1357 sicut
1090 1319 1139 1358 et
1168 1307 1514 1371 amphitheatri
1532 1328 1545 1370 3
1587 1319 1759 1372 postea
1790 1326 1848 1359 ex

25 1411 72 1452 15
98 1396 264 1444 medio
288 1393 651 1457 amphitheatro
677 1394 921 1440 theatrum
941 1392 1124 1439 factum
1152 1401 1237 1439 est.
1300 1392 1572 1439 Theatrum
1597 1402 1763 1440 autem
1784 1392 1848 1440 ab

96 1477 380 1538 spectaculo
417 1473 745 1530 nominatum,
782 1475 871 1521 ἀπὸ
907 1476 990 1535 τῆς
1027 1473 1229 1536 θεωρίας,
1267 1474 1404 1535 quod
1443 1472 1494 1520 in
1532 1489 1592 1521 eo
1635 1475 1848 1536 populus

95 1568 228 1606 stans
268 1558 478 1620 desuper
525 1565 673 1618 atque
716 1564 944 1618 spectans
991 1556 1135 1603 ludos
1184 1556 1612 1617 contemplaretur.
1702 1557 1846 1604 Idem
1870 1570 1900 1604 2

94 1655 208 1688 vero
234 1639 490 1697 theatrum,
513 1636 646 1686 idern
663 1647 711 1685 et
735 1637 1076 1699 prostibulum,
1098 1653 1158 1685 eo
1184 1637 1320 1698 quod
1347 1646 1457 1698 post
1481 1638 1626 1685 ludos
1651 1646 1848 1685 exactos

96 1719 373 1769 meretrices
421 1718 489 1767 ibi
538 1727 904 1780 prostrarentur.
981 1719 1124 1766 Idem
1154 1728 1221 1765 ret
1268 1719 1473 1780 lupanar
1514 1728 1743 1767 vocatum
1783 1719 1847 1768 ab

11 1821 74 1848 ,ιο
96 1801 284 1851 eisdem
328 1799 679 1858 meretricibus,
730 1816 856 1862 quae
894 1808 1092 1862 propter
1126 1798 1307 1862 vulgati
1343 1801 1561 1862 corporis
1597 1800 1846 1850 levitatem

95 1884 240 1946 lupae
265 1881 705 1945 nuncupabantur:
744 1898 859 1929 nam
897 1883 1042 1944 lupae
1076 1882 1354 1929 meretrices
1385 1892 1499 1930 sunt
1528 1899 1556 1931 a
1581 1883 1846 1946 rapacitate

94 1974 310 2022 vocatae,
352 1965 488 2026 quod
527 1965 590 2012 ad
634 1980 685 2011 se
724 1962 914 2025 rapiant
957 1962 1161 2011 miseros
1204 1973 1251 2011 et
1288 1965 1678 2026 adprehendant.
1754 1967 1847 2014 Lu-

95 2045 294 2108 panaria
332 2044 463 2093 enim
506 2062 534 2092 a
572 2044 774 2107 paganis
814 2043 1082 2092 constituta
1124 2054 1237 2092 sunt
1279 2054 1332 2092 ut
1380 2046 1540 2107 pudor
1588 2045 1847 2095 mulierum

94 2125 365 2175 infelicium
400 2125 469 2174 ibi
503 2124 849 2188 publicaretur,
883 2135 930 2174 et
960 2124 1174 2174 ludibrio
1204 2125 1501 2175 haberentur
1538 2137 1639 2176 tam
1677 2130 1726 2176 hi
1763 2131 1846 2192 qui

12 2226 70 2266 ,25
95 2209 311 2256 facerent
336 2224 485 2269 quam
512 2206 596 2269 qui
622 2216 916 2269 paterentur.

231 2291 314 2336 DE
358 2302 537 2336 SCENA.
611 2289 769 2336 Scena
811 2297 975 2336 autem
1017 2297 1118 2336 erat
1156 2290 1293 2336 locus
1332 2288 1455 2337 infra
1503 2291 1746 2339 theatrum
1791 2291 1840 2339 in
1866 2301 2010 2340 XLIII

97 2371 302 2418 modurn
339 2370 518 2417 domus
555 2368 789 2416 instructa
824 2385 936 2416 cum
974 2368 1178 2432 pulpito,
1218 2368 1302 2431 qui
1339 2369 1555 2433 pulpitus
1592 2374 1841 2421 orchestra

94 2451 392 2509 vocabatur3
438 2448 525 2498 ubi
561 2450 827 2498 cantabant
863 2448 1056 2508 cornici,
1095 2449 1278 2513 tragici,
1313 2461 1461 2514 atque
1498 2453 1742 2501 saltabant
1773 2453 1841 2500 hi-

151 2593 175 2617 2
205 2579 318 2618 floris
337 2577 469 2616 BKT
483 2577 538 2621 <et
553 2578 692 2628 lsid.3)
859 2578 969 2616 aeris
989 2576 1092 2615 BlT
1254 2578 1410 2617 cerulei
1434 2578 1480 2616 K
1660 2594 1685 2629 4
1715 2593 1838 2630 quern

88 2633 218 2673 BCT
339 2633 407 2671 his
426 2631 557 2671 BKT
573 2633 619 2679 (i.
633 2646 665 2671 e.
684 2632 758 2684 is):
787 2632 861 2671 iris
883 2632 918 2671 C
1039 2631 1232 2681 plurimis
1252 2632 1292 2671 Β
1484 2646 1508 2683 5
1539 2629 1840 2684 expectatione

96 2688 209 2727 codd.
352 2700 373 2735 7
403 2687 544 2726 colore
566 2685 651 2725 BT
740 2692 971 2726 noscantur
998 2684 1036 2723 T
1126 2693 1168 2725 et
1187 2687 1312 2727 anim.
1338 2686 1396 2726 C:
1426 2688 1536 2726 enim
1556 2690 1780 2728 advertere
1808 2689 1846 2727 T

96 2743 121 2780 8
149 2742 211 2781 vel
227 2747 331 2791 quot
432 2741 600 2780 nomina
622 2740 709 2779 ΒΚ
820 2741 1073 2780 inmunditia
1095 2740 1146 2779 Cl
1262 2755 1309 2780 12
1340 2743 1452 2792 quod
1474 2756 1530 2782 sc.
1563 2743 1600 2782 T
1735 2757 1783 2793 13
1813 2758 1838 2782 a

98 2797 166 2845 fig.
189 2797 356 2835 habens
375 2810 505 2846 usque
525 2795 582 2834 ad
602 2794 743 2847 (XIX.
765 2808 824 2834 vr.
849 2796 892 2846 2)
924 2797 1036 2845 quod
1070 2795 1168 2845 igne
1198 2795 1328 2846 deficit
1348 2796 1393 2846 C,
1416 2798 1546 2836 tribus
1565 2803 1614 2837 ut
1633 2798 1712 2837 vid.
1721 2798 1839 2848 foliis

97 2852 256 2890 exsectis
469 2862 516 2899 15
548 2856 610 2889 est
631 2863 713 2888 om.
738 2849 784 2888 K
946 2851 997 2888 ab
1019 2852 1295 2900 expectaculo
1316 2851 1403 2889 ΒΚ
1409 2851 1446 2890 T
1456 2865 1505 2890 ex
1523 2866 1623 2892 corr.
1647 2854 1713 2904 (ut
1731 2853 1835 2901 vid.)

103 2907 151 2943 16
176 2919 440 2956 αποτεσοριας
470 2905 508 2944 T
624 2905 782 2955 populo
809 2905 847 2943 T
969 2918 1014 2954 17
1045 2911 1279 2954 expectans
1299 2905 1340 2942 B
1466 2920 1518 2944 20
1547 2907 1675 2958 quae]
1698 2921 1778 2957 qua
1797 2907 1838 2946 Β

98 2972 145 2997 21
179 2959 271 2998 luce
295 2958 347 2997 Tl
511 2965 808 3008 nuncupantur
827 2959 884 2997 Β1
1077 2971 1127 3007 25
1157 2959 1228 3008 qui
1249 2958 1290 2997 Β
1311 2964 1356 2998 ut
1371 2960 1454 3000 vid.
1485 2960 1546 3000 T:
1575 2961 1645 3011 qui
1666 2969 1709 3001 et
1729 2975 1837 3012 quae

98 3012 145 3051 K
158 3028 166 3054 :
197 3027 306 3063 quae
325 3011 518 3052 Lactant.
539 3014 637 3052 inst.
660 3015 702 3062 6,
715 3027 779 3063 23,
797 3026 819 3062 7
950 3026 999 3062 27
1031 3013 1212 3053 orcistra
1232 3014 1340 3055 codd.
1457 3016 1509 3053 28
1539 3016 1741 3067 traicique
1760 3017 1832 3056 sal.

98 3067 145 3106 K
280 3067 477 3107 isti-iones
497 3066 543 3105 K
557 3082 567 3106 ι
595 3068 778 3107 striones
798 3067 838 3105 Β
849 3067 885 3105 T
