2228 3444
418 148 1050 198 ETYMOLOGIARVM
1089 148 1219 195 LIB.
1260 148 1379 194 VII.
1419 144 1546 194 x—xii

113 282 375 342 Propterea
412 295 526 342 ergo
564 277 683 327 dicti
722 277 897 337 clerici,
941 277 1056 341 quia
1095 279 1158 326 de
1197 286 1326 326 sorte
1365 285 1479 325 sunt
1517 274 1737 334 Domini,
1776 275 1853 323 vel
1875 289 1905 323 2

109 360 224 423 quia
251 359 455 409 Domini
478 369 665 423 partem
692 359 891 408 habent.
959 358 1264 408 Generaliter
1286 367 1454 407 autem
1480 356 1643 406 clerici
1669 373 1853 404 nuncu-

107 452 284 507 pantur
308 459 479 491 omnes
500 441 584 505 qui
610 441 660 489 in
685 440 892 491 ecclesia
912 440 1095 491 Christi
1120 442 1416 500 deserviunt,
1439 455 1649 503 quorum
1674 439 1852 502 gradus

109 531 157 571 et
199 523 401 572 nomina
443 526 564 573 haec
613 533 753 572 sunt:
805 523 1044 584 ostiariuS,
1084 522 1349 586 psalmista,
1390 524 1556 582 lector,
1596 520 1848 580 exorcista,
1876 538 1906 584 3

62 624 85 665 5
107 607 376 668 acolythUS‚
404 605 751 665 subdiaconus,
780 607 1033 664 diaconus,
1066 605 1331 668 presbyter,
1363 606 1638 668 episcopus.
1713 604 1852 653 Ordo
1874 620 1908 667 4

109 686 455 751 episcoporum
498 687 876 751 quadripertitus
925 697 1011 747 est,
1057 686 1108 736 id
1151 696 1224 736 est
1264 686 1315 734 in
1357 685 1658 750 patriarchis,
1701 684 1854 734 archi-

109 769 366 833 episcopis,
405 769 794 832 metropolitanis
830 779 978 832 atque
1015 768 1275 832 episcopis.
1351 767 1631 817 Patriarcha
1664 769 1852 817 Graeca
1877 777 1907 826 5

109 850 274 915 lingua
299 869 518 901 summus
545 860 737 914 patrum
772 851 1128 915 interpretatur,
1157 851 1271 914 quia
1296 852 1523 914 primurn,
1553 850 1603 900 id
1636 860 1709 900 est
1741 867 1853 914 apo-

110 933 351 995 stolicum,
379 936 553 983 retinet
578 935 743 982 locum
763 952 775 994 3
811 942 859 982 et
883 933 1011 992 ideo,
1041 932 1156 996 quia
1182 950 1378 982 summo
1403 935 1592 982 honore
1621 932 1850 996 fungitur,

39 1016 191 1065 rotali
238 1017 438 1066 nomine
486 1025 727 1076 censetur,
772 1015 897 1064 sicut
938 1018 1210 1074 Romanus,
1252 1015 1598 1064 Antiochenus
1647 1023 1695 1064 et
1742 1016 1853 1063 Ale-

109 1098 387 1147 xandrinus.
449 1098 866 1162 Archiepiscopus
893 1099 1086 1147 Graeco
1107 1098 1352 1147 vocabulo
1378 1099 1514 1161 quod
1543 1097 1603 1146 sit
1630 1114 1852 1146 summus
1877 1101 1912 1148 6

108 1179 467 1244 episcoporum.
527 1184 689 1230 Tenet
715 1180 847 1229 enirn
873 1180 1031 1229 vicem
1057 1182 1381 1243 apostolicam
1408 1190 1455 1229 et
1481 1181 1726 1244 praesidet
1752 1189 1850 1228 tam

108 1262 494 1326 metropolitanis
528 1281 677 1326 quam
716 1262 960 1326 episcopis
994 1263 1180 1311 ceteris.
1258 1260 1656 1328 [Metropolitani
1685 1270 1849 1310 autem
1873 1276 1902 1326 7

106 1361 135 1391 a
172 1362 399 1394 mensura
434 1344 686 1393 civitatum
723 1342 923 1410 vocati]
996 1344 1208 1408 Singulis
1245 1344 1377 1394 enim
1415 1344 1677 1408 provinciis
1713 1361 1853 1407 prae-

37 1443 82 1484 15
108 1425 341 1486 eminent,
391 1444 600 1489 quorum
648 1425 925 1475 auctoritati
974 1436 1021 1475 et
1069 1426 1323 1476 doctrinae
1376 1426 1525 1475 ceteri
1574 1428 1853 1475 sacerdotes

108 1508 315 1558 subiecti
353 1519 479 1570 sunt,
509 1508 614 1558 sine
640 1509 819 1572 quibus
857 1508 978 1556 nihil
1015 1508 1228 1572 reliquos
1259 1511 1518 1573 episcopos
1548 1526 1690 1573 agere
1723 1508 1849 1557 licet.

109 1590 398 1640 Sollicitudo
424 1591 555 1640 enim
582 1591 730 1640 totius
757 1590 1037 1654 provinciae
1068 1591 1184 1654 ipsis
1214 1591 1479 1640 commissa
1504 1601 1590 1640 est.
1664 1593 1854 1640 Omnes
1880 1590 1910 1636 8

109 1682 274 1720 autem
307 1673 527 1736 superius
561 1672 802 1735 designati
828 1674 1025 1721 ordines
1059 1689 1159 1722 uno
1185 1675 1464 1736 eodemque
1490 1673 1734 1722 vocabulo
1758 1672 1856 1736 epi-

111 1753 247 1817 scopi
284 1754 613 1813 nominantur,
653 1756 740 1803 sed
776 1754 893 1803 inde
929 1754 1117 1817 privato
1154 1757 1356 1804 nomine
1392 1754 1596 1818 quidam
1633 1764 1852 1815 utuntur,

38 1850 88 1878 20
109 1845 306 1898 propter
324 1835 691 1885 distinctionem
718 1845 1017 1900 potestatum
1039 1854 1187 1900 quam
1214 1837 1518 1901 singulariter
1542 1847 1851 1900 acceperunt.

112 1916 392 1966 Patriarcha
417 1927 552 1981 pater
576 1919 869 1981 principum.
921 1919 1109 1983 Ἄρχων
1133 1921 1266 1968 enim
1292 1922 1534 1983 princeps.
1602 1919 1856 1983 Archiepi-
1878 1929 1927 1975 9,
1958 1930 2016 1965 10

111 2015 289 2061 scopus
322 1998 548 2062 princeps
586 1999 945 2062 episcoporum.
1021 2003 1451 2064 Metropolitanus.
1525 2000 1854 2065 Episcopatus
1876 2015 1922 2048 11

110 2090 277 2129 autem
315 2081 612 2128 vocabulum
650 2080 767 2129 inde
805 2080 1008 2141 dictum,
1048 2083 1184 2144 quod
1225 2083 1318 2143 ille,
1359 2082 1443 2146 qui
1485 2083 1852 2146 superefficitur,

112 2161 494 2224 superintendat,
517 2179 682 2210 curam
710 2161 895 2210 scilicet
920 2163 1230 2211 subditorum
1255 2181 1441 2227 gerens.
1499 2167 1697 2217 Σκοπεῖν
1721 2165 1853 2214 enim

39 2260 86 2300 25
114 2244 287 2292 Latine
307 2242 563 2292 intendere
582 2242 772 2291 dicitur.
825 2243 1059 2307 Episcopi
1077 2254 1243 2293 autem
1264 2247 1467 2306 Graece,
1491 2246 1666 2295 Latine
1686 2264 1855 2311 specu·
1878 2264 1932 2298 12

110 2327 286 2374 latores
313 2326 702 2388 interpretantur.
775 2327 903 2374 Nam
941 2328 1218 2389 speculator
1250 2337 1323 2377 est
1356 2327 1662 2392 praepositus
1689 2330 1737 2377 in
1766 2332 1855 2377 Ec-

172 2466 188 2491 1
222 2454 339 2506 quia]
361 2456 472 2505 quod
494 2454 571 2493 BC
790 2468 815 2493 2
847 2455 984 2494 Deum
1005 2463 1169 2506 partem
1194 2457 1228 2496 C
1430 2461 1456 2496 6
1485 2459 1791 2509 quadripertita
1806 2459 1855 2497 Cl

114 2522 135 2558 7
158 2509 441 2559 metropolitis
455 2509 576 2548 BCT
657 2522 705 2549 10
726 2509 794 2549 tal.
813 2511 947 2562 nom.]
966 2511 1124 2550 talione
1148 2511 1184 2550 T
1265 2525 1308 2550 11
1335 2513 1409 2553 Gr.
1424 2514 1540 2566 voc.]
1558 2514 1696 2553 Greca
1712 2515 1856 2564 lingua

115 2562 160 2601 K
180 2565 281 2616 (non
301 2564 408 2613 AD)
518 2565 572 2603 sit
592 2578 673 2605 om.
695 2564 738 2602 D
853 2578 900 2603 12
919 2567 1317 2616 arceepiscoporum
1333 2567 1382 2606 Cl
1498 2581 1546 2617 13
1569 2569 1752 2619 Metrop.
1776 2601 1784 2609 .
1807 2600 1817 2609 .
1842 2603 1850 2611 .

115 2631 202 2658 voe.
219 2619 313 2659 hab.
329 2617 597 2658 CTUMon.:
628 2633 709 2659 om.
728 2618 941 2658 BDGKO
956 2620 1077 2660 Rem.
1195 2635 1242 2671 14
1272 2628 1478 2661 vocantur
1493 2622 1653 2664 CMon.
1672 2632 1776 2668 (non
1793 2625 1853 2675 U)

114 2673 270 2723 singuli
288 2673 322 2712 C
334 2675 439 2725 (non
458 2673 519 2724 U)
631 2674 741 2712 enim
759 2687 841 2713 om.
868 2674 1018 2726 T(non
1039 2675 1098 2727 U)
1209 2677 1421 2727 preminet
1438 2679 1596 2727 (prae)
1614 2679 1654 2716 Β
1671 2678 1786 2718 Voss.
1802 2680 1853 2717 82

120 2739 167 2776 15
197 2729 449 2767 auctoritate
471 2733 513 2766 et
534 2727 785 2768 doctrinaK
1018 2733 1068 2769 16
1099 2730 1272 2780 reliquis
1295 2732 1508 2783 episcopis
1530 2733 1589 2771 nil
1605 2731 1767 2782 K(non
1789 2734 1853 2784 A)

119 2783 168 2820 18
196 2789 335 2822 autem
356 2795 439 2822 om.
460 2783 506 2820 K
523 2783 624 2834 (non
646 2784 709 2834 A)
843 2797 892 2835 19
921 2784 1041 2836 inde]
1064 2786 1162 2824 ideo
1183 2785 1263 2824 BC
1395 2800 1443 2826 21
1475 2787 1537 2826 vel
1554 2786 1676 2838 ἀρχός
1695 2801 1704 2825 :
1724 2801 1852 2826 arcon

118 2835 244 2888 (-ch·)
259 2837 369 2877 codd.
484 2836 778 2888 Arciepiscopi
796 2839 1012 2890 principes
1025 2838 1071 2878 K
1178 2854 1230 2879 22
1251 2845 1347 2892 post
1361 2843 1489 2892 episc.
1507 2841 1603 2880 add.
1618 2843 1855 2890 patriarcha

119 2895 160 2928 et
179 2892 523 2943 archiepiscopus
544 2898 585 2931 et
604 2892 674 2930 alii
696 2897 740 2931 c?
761 2893 804 2940 (i.
821 2908 852 2933 e.
876 2895 1017 2933 clerici
1031 2895 1062 2947 ἓ)
1086 2895 1277 2945 episcopi
1307 2895 1419 2937 Trin.
1577 2896 1702 2934 Metr.
1724 2895 1862 2934 AKT

118 2943 239 2984 Rem.
266 2944 377 2986 Trin.
401 2961 410 2986 :
439 2947 547 2986 sicut
568 2953 690 2988 metr.
707 2947 875 2987 BDGO
896 2963 906 2988 t
935 2955 1057 2989 metr.
1075 2962 1099 2987 a
1116 2961 1313 2990 mensura
1332 2950 1548 2990 civitatum
1568 2950 1603 2989 C
1615 2950 1730 2990 Mon.
1751 2954 1853 3000 (om.

119 2998 161 3050 a)
184 3012 194 3037 t
223 3006 343 3041 metr.
363 3014 559 3041 mensura
579 3001 789 3042 civitatem
818 3002 861 3041 U
1012 3003 1247 3055 Episcopus
1270 3004 1308 3043 O
1464 3019 1516 3055 23
1547 3010 1686 3044 autem
1708 3019 1786 3046 om.
1812 3004 1858 3044 K

120 3054 220 3105 (non
241 3055 304 3105 A)
467 3057 494 3096 i.
516 3057 684 3096 ductum
711 3055 748 3096 T
763 3062 856 3097 ante
875 3072 972 3098 corr.
997 3073 1004 3098 :
1034 3060 1248 3098 inductum
1269 3059 1310 3098 A
1491 3074 1540 3110 24
1573 3073 1638 3099 en.
1661 3059 1702 3098 in
1723 3060 1792 3102 lat.
1823 3059 1860 3098 T

118 3119 167 3156 25
199 3114 336 3147 autem
357 3122 436 3149 om.
461 3109 506 3149 K
522 3109 626 3160 (non
647 3111 711 3162 A)
