2228 3444
1041 208 1315 258 ISIDORI

299 346 465 386 autem
500 336 677 401 psalmi
708 338 843 401 apud
892 338 1153 387 Hebraeos
1188 337 1393 388 metrico
1430 341 1648 390 carmine
1683 349 1911 390 constant
1948 359 2055 391 esse

299 418 561 483 conpositi.
636 421 767 468 Nam
811 420 861 467 in
905 436 1041 469 more
1086 422 1303 469 Romani
1343 421 1507 470 Flacci
1545 432 1592 470 et
1629 423 1806 472 Graeci
1839 423 2054 483 Pindari,

300 518 434 550 nunc
453 501 534 550 alii
554 501 722 550 iambo
742 511 955 561 currunt,
974 519 1108 551 nunc
1129 503 1332 552 Alcaico
1358 514 1636 567 personant,
1656 522 1789 554 nunc
1809 505 2058 570 Sapphico

221 583 275 630 18
300 582 458 632 nitent
483 584 718 643 trimetrO,
737 585 814 632 vel
839 593 1123 633 tetrametro
1149 586 1277 648 pede
1302 584 1603 636 incedentes.
1659 589 1909 648 Salomon,
1929 587 2056 636 filius

300 664 477 726 David,
512 682 594 715 rex
645 667 796 715 Israel
844 665 978 715 iuxta
1020 683 1282 715 numerum
1327 668 1681 718 vocabulorum
1725 686 1926 718 suorum
1968 670 2058 720 tria
2081 685 2102 724 5

296 747 551 796 volumina
588 747 758 808 edidit,
799 765 1010 811 quorum
1047 748 1235 813 primus
1273 758 1347 798 est
1386 752 1636 799 Masloth:
1693 768 1840 814 quern
1880 751 2056 801 Graeci

299 830 580 890 Parabolas,
609 830 772 879 Latini
801 830 1177 880 Proverbiorum
1205 831 1478 892 nominant,
1508 849 1567 882 eo
1593 834 1729 896 quod
1754 832 1804 881 in
1831 832 1939 897 ipso
1965 834 2057 883 sub

298 911 614 976 conparativa
641 911 964 962 similitudine
998 914 1176 975 figuras
1202 914 1463 963 verborum
1499 924 1547 963 et
1580 913 1817 978 imagines
1843 914 2057 964 veritatis

213 1007 274 1054 19
299 994 583 1043 ostenderit.
638 996 806 1058 Ipsam
832 1004 999 1044 autem
1016 995 1271 1045 veritatem
1291 998 1355 1045 ad
1376 996 1763 1060 intellegendum
1784 996 2059 1060 legentibus

299 1075 574 1125 reservavit.
649 1078 937 1126 Secundum
987 1076 1166 1126 librum
1207 1078 1455 1128 Coheleth
1491 1077 1698 1138 vocavit,
1744 1078 1828 1141 qui
1870 1079 2059 1128 Graece
2085 1091 2134 1121 10

302 1158 627 1208 Ecclesiastes
665 1158 856 1218 dicitur,
887 1160 1063 1208 Latine
1101 1159 1444 1219 Contionator,
1485 1176 1545 1210 eo
1583 1161 1719 1223 quod
1757 1177 1917 1209 sermo
1955 1160 2058 1210 eius

299 1256 402 1289 non
428 1239 702 1305 specialiter
735 1242 799 1290 ad
833 1258 1003 1301 unum,
1033 1240 1158 1290 sicut
1195 1241 1245 1290 in
1283 1242 1575 1302 Proverbiis,
1605 1243 1692 1291 sed
1717 1244 1781 1291 ad
1806 1242 2059 1292 universos

297 1323 587 1388 generaliter
621 1322 867 1387 dirigatur,
897 1325 1085 1372 docens
1123 1323 1302 1384 omnia,
1333 1340 1461 1387 quae
1498 1325 1548 1371 in
1583 1326 1772 1374 mundo
1798 1324 2058 1386 cernimus,

207 1423 275 1460 20
298 1407 489 1456 caduca
514 1422 621 1455 esse
647 1414 695 1454 et
722 1405 900 1465 brevia,
930 1415 978 1454 et
1003 1406 1068 1454 ob
1103 1407 1199 1455 hoc
1232 1406 1436 1455 minime
1466 1408 1762 1470 adpetenda.
1835 1403 2058 1455 Tertium

297 1488 478 1537 librum
501 1487 575 1537 Sir
594 1487 820 1536 hassirim
846 1488 1165 1552 praenotavit,
1190 1488 1275 1552 qui
1300 1490 1349 1536 in
1371 1490 1600 1537 Latinam
1626 1488 1843 1552 linguam
1860 1486 2060 1538 vertitur
2085 1500 2133 1541 15

301 1570 566 1620 Canticum
586 1569 906 1630 canticorum,
926 1570 1011 1618 ubi
1032 1587 1118 1634 per
1138 1569 1509 1634 epithalamium
1532 1587 1729 1620 carmen
1757 1569 2059 1620 coniunctio-

300 1670 415 1702 nem
443 1652 629 1703 Christi
655 1662 703 1703 et
731 1651 985 1702 Ecclesiae
1020 1651 1224 1715 mystice
1251 1654 1395 1700 canit.
1472 1651 1675 1700 Dictum
1701 1662 1868 1701 autem
1895 1651 2060 1702 Canti-

299 1751 413 1782 cum
440 1734 760 1795 canticorum,
785 1752 845 1784 eo
872 1736 1008 1798 quod
1034 1734 1269 1783 omnibus
1295 1733 1499 1783 canticis
1526 1734 1837 1797 praeferatur,
1856 1750 1982 1797 quae
2008 1735 2057 1781 in

301 1817 560 1880 Scripturis
581 1816 727 1866 sacris
745 1817 1003 1877 habentur,
1023 1816 1148 1866 sicut
1165 1818 1408 1880 quaedam
1428 1815 1478 1864 in
1498 1818 1604 1880 lege
1623 1815 1853 1865 dicuntur
1872 1824 2055 1875 sancta,

223 1915 279 1950 21
303 1899 482 1963 quibus
524 1899 707 1947 maiora
744 1909 857 1947 sunt
895 1909 1065 1948 sancta
1101 1909 1397 1948 sanctorum.
1474 1901 1669 1947 Horum
1707 1909 1872 1948 autem
1910 1898 2056 1948 trium
2082 1918 2133 1946 20

302 1983 539 2032 librorum
566 1981 784 2031 carmina
809 1980 1101 2030 hexametris
1123 1991 1169 2030 et
1196 1980 1513 2044 pentametris
1539 1981 1759 2030 versibus
1783 1982 1919 2044 apud
1945 1997 2057 2029 suos

301 2063 562 2127 conposita
604 2063 937 2126 perhibentur,
975 2072 1026 2112 ut
1067 2062 1298 2127 Iosippus
1343 2062 1779 2126 Hieronymusque
1822 2062 2057 2112 scribunt.

210 2162 275 2196 22
303 2148 488 2207 Esaias,
518 2145 817 2210 evangelista
846 2146 1009 2209 potius
1037 2163 1184 2209 quam
1219 2147 1473 2209 propheta,
1502 2145 1658 2195 edidit
1691 2145 1869 2194 librum
1897 2163 2059 2205 suum,

301 2228 439 2277 cuius
466 2245 616 2277 omne
640 2236 828 2277 textum
862 2227 1175 2291 eloquentiae
1208 2244 1354 2290 prosa
1379 2227 1577 2277 incedit.
1652 2227 1917 2278 Canticum
1942 2244 2058 2276 vero

213 2326 276 2373 23
301 2312 586 2360 hexametro
613 2319 660 2359 et
692 2319 1003 2374 pentametro
1028 2326 1170 2359 versu
1204 2308 1442 2358 discurrit.
1520 2308 1800 2358 Hieremias
1838 2308 2058 2358 similiter
2079 2326 2127 2366 25

301 2392 457 2443 edidit
493 2393 672 2442 librum
711 2410 854 2441 suum
881 2409 995 2441 cum
1022 2391 1208 2441 threnis
1234 2391 1353 2452 eius,
1383 2408 1507 2455 quos
1535 2409 1625 2440 nos
1652 2393 1893 2441 Lamenta
1917 2408 2057 2440 voca-

301 2492 424 2535 mus,
453 2492 514 2524 eo
551 2476 687 2539 quod
722 2474 774 2523 in
810 2474 1104 2523 tristioribus
1141 2475 1287 2523 rebus
1319 2473 1673 2537 funeribusque
1697 2474 2028 2523 adhibeantur
2046 2492 2058 2534 3

300 2559 350 2605 in
384 2557 564 2620 quibus
599 2556 973 2621 quadruplicem
1007 2557 1202 2607 diverso
1232 2566 1390 2605 metro
1423 2555 1686 2619 conposuit
1718 2555 2052 2620 alphabetum,

356 2702 380 2726 2
411 2693 454 2727 et
474 2700 559 2726 om.
582 2687 622 2725 Β
809 2700 834 2737 3
864 2687 1047 2738 alcaico]
1069 2687 1161 2726 aleo
1182 2686 1224 2724 A
1246 2701 1255 2725 ε
1287 2686 1431 2725 eroico
1452 2684 1499 2723 K
1661 2699 1686 2734 4
1716 2686 1996 2725 incendentes
2023 2685 2062 2723 T

299 2755 324 2792 5
356 2756 433 2780 rex
453 2743 497 2780 in
521 2742 596 2781 Isr.
620 2741 667 2779 K
682 2756 691 2781 :
720 2743 833 2791 regis
854 2742 929 2781 Isr.
951 2741 1080 2782 ΑΒΕ
1241 2745 1267 2780 6
1297 2740 1478 2780 masloth
1501 2740 1613 2780 codd.
1800 2742 1826 2779 8
1862 2753 1985 2790 conp.
2010 2746 2054 2779 ut

299 2797 422 2837 simil.
447 2798 498 2837 Cl
610 2810 636 2847 9
670 2798 919 2836 ostenderet
938 2795 980 2833 Β
1122 2810 1172 2835 10
1200 2795 1368 2835 coeleth
1389 2794 1592 2834 ABKT:
1622 2795 1762 2834 coelet
1784 2794 1833 2835 Cl
1962 2808 2054 2834 voc.

299 2866 383 2891 om.
405 2851 465 2889 Kl
618 2864 665 2890 12
694 2853 746 2890 ad
766 2864 836 2890 un.
858 2864 973 2901 spec.
996 2850 1043 2888 K
1060 2852 1162 2900 (non
1181 2851 1244 2902 A)
1399 2862 1448 2897 14
1479 2849 1659 2889 menime
1680 2849 1747 2890 K:
1780 2849 1952 2888 menine
1975 2849 2054 2888 Cl:

299 2907 472 2945 nomine
491 2906 534 2944 B
758 2918 804 2956 15
835 2907 1038 2945 sirasirim
1058 2904 1183 2945 BCK
1200 2919 1209 2944 ε
1237 2904 1403 2944 sisarim
1433 2904 1470 2943 T
1711 2910 1816 2944 vert.
1839 2903 1999 2942 cantica
2022 2903 2058 2942 C

302 2962 351 2999 18
372 2961 502 3012 quae]
520 2962 589 3010 qui
614 2961 650 3001 C
759 2974 808 3011 19
829 2960 985 3012 sacris]
1006 2961 1165 3000 sanctis
1184 2959 1230 2997 K
1311 2974 1365 2999 20
1394 2958 1557 3010 autem]
1575 2959 1704 3008 igitur
1731 2959 1768 2997 T
1853 2970 1901 2996 21
1925 2957 2050 3001 suos]

298 3016 482 3055 hebreos
503 3015 549 3053 K
713 3029 765 3064 24
794 3021 881 3055 tex,
903 3015 970 3054 vel
994 3016 1105 3065 eloq.
1135 3014 1173 3052 T
1305 3015 1416 3064 eloq.
1437 3027 1538 3054 suae
1558 3015 1640 3053 ine.
1666 3013 1701 3052 C
1842 3024 1991 3052 verum
2018 3010 2056 3050 T

298 3083 348 3120 25
380 3071 621 3110 discurrunt
641 3071 675 3110 C
783 3073 835 3109 26
864 3071 952 3109 eius
966 3075 1007 3109 et
1024 3083 1128 3120 quos
1151 3069 1187 3109 C
1204 3083 1213 3108 ε
1233 3070 1308 3109 sed
1328 3082 1436 3119 quos
1456 3067 1514 3107 13¹
1535 3083 1543 3106 :
1563 3069 1654 3108 eius
1675 3080 1780 3118 quas
1801 3066 1847 3105 K
1864 3069 1968 3118 (non
1985 3066 2047 3117 A)

299 3138 375 3164 nos
395 3137 476 3164 om.
498 3124 544 3162 K
563 3127 666 3173 (non
688 3125 751 3173 A)
919 3138 969 3173 27
1002 3124 1290 3164 tristitioribus
1313 3124 1348 3163 C
1511 3125 1564 3162 28
1600 3122 1829 3173 quadrubla
1851 3134 1945 3161 cum
1969 3121 2018 3160 Cl
2040 3135 2049 3159 :
2123 3164 2127 3168 ,

297 3179 548 3229 quatruplex
569 3179 614 3216 K
