2228 3444
290 641 343 680 LI

1103 171 1373 220 ISIDORI

367 302 585 352 hiemem
611 301 741 362 facit,
760 309 812 350 ut
833 301 1050 350 hibernis
1077 301 1369 349 humoribus
1389 317 1446 348 ac
1467 302 1652 364 pruinis
1673 311 1797 351 terra
1818 304 2120 365 pinguescat.

369 386 631 433 Accedens
667 383 867 447 propius
902 385 966 432 ad
997 382 1382 446 septentrionem
1409 393 1646 433 aestatem
1676 386 1855 446 reddit,
1882 394 1935 433 ut
1961 387 2120 448 fruges

367 466 648 515 maturitate
673 468 928 526 durentur,
947 475 995 514 et
1021 481 1148 528 quae
1174 474 1287 513 sunt
1313 467 1360 512 in
1388 466 1605 515 humidis
1632 468 1840 526 incocta,
1861 469 2122 516 fervefacta

367 550 643 598 mitescant.

509 634 591 679 DE
611 645 843 678 EFFECTV
864 644 1019 677 SOLIS.
1077 630 1161 677 Sol
1181 630 1342 678 oriens
1365 630 1496 678 diem
1518 631 1650 690 facit,
1669 632 1903 680 occidens
1924 641 2121 681 noctem
2147 654 2168 692 5

370 715 593 774 inducit,
630 730 745 761 nam
781 711 886 761 dies
914 722 986 760 est
1017 713 1090 761 sol
1120 729 1266 775 super
1295 722 1459 771 terras,
1488 729 1586 761 nox
1621 723 1693 761 est
1728 715 1800 761 sol
1835 714 1926 761 sub
1957 723 2121 763 terras.

374 798 448 844 Ex
485 799 592 859 ipso
630 795 763 845 enim
801 804 915 844 sunt
951 795 1130 843 horae:
1171 811 1229 843 ex
1266 794 1374 857 ipso
1410 796 1529 855 dies,
1569 812 1683 843 cum
1720 798 2026 845 ascenderit:
2066 814 2124 846 ex

372 879 480 941 ipso
510 880 659 927 etiam
690 895 800 938 nox,
829 895 941 925 cum
978 877 1242 926 occiderit:
1282 895 1339 926 ex
1365 879 1473 940 ipso
1504 894 1699 927 menses
1730 887 1777 927 et
1809 878 1926 926 anni
1957 895 2125 928 nume-

325 974 355 1008 2
373 971 540 1009 rantur
557 980 569 1022 3
607 977 665 1009 ex
690 962 798 1023 ipso
818 959 1182 1009 vicissitudines
1203 968 1481 1022 temporum
1503 961 1642 1008 fiunt.
1716 962 1934 1022 Quando
1958 971 2123 1010 autem

279 2358 355 2398 LII

373 1060 459 1105 per
495 1044 753 1091 meridiem
796 1043 961 1102 currit,
1000 1042 1206 1090 vicinior
1248 1051 1403 1090 terrae
1442 1050 1546 1102 est,
1595 1043 1797 1104 quando
1834 1059 1949 1091 vero
1992 1043 2124 1090 iuxta
2152 1051 2200 1078 10

373 1124 776 1188 septentrionem,
819 1124 1044 1172 sublimis
1093 1125 1343 1173 attollitur.
1420 1121 1539 1190 [Cui
1587 1125 1701 1173 ideo
1746 1127 1884 1173 Deus
1933 1125 2125 1172 diversa

373 1225 544 1257 cursus
583 1207 794 1255 instituit
837 1209 946 1255 loca
986 1216 1034 1255 et
1077 1215 1318 1269 tempora,
1357 1224 1438 1267 ne,
1475 1208 1597 1256 dum
1641 1223 1834 1270 semper
1873 1208 1922 1254 in
1965 1208 2123 1255 isdem

372 1299 643 1339 moraretur
691 1291 829 1349 locis,
865 1290 1138 1337 cottidiano
1176 1306 1355 1352 vapore
1403 1291 1507 1338 eius
1556 1299 1900 1351 consumeret,
1943 1292 2031 1339 sed
2074 1300 2126 1338 ut

359 1375 609 1423 Clemens
635 1374 732 1420 ait:
774 1373 987 1421 ‘Cursus
1018 1373 1237 1420 diversos
1271 1371 1467 1435 accipit,
1492 1372 1672 1435 quibus
1708 1373 1831 1420 aeris
1865 1373 2126 1434 temperies

374 1472 462 1518 pro
488 1455 679 1503 ratione
704 1463 983 1517 temporum
1019 1455 1348 1516 dispensatur,
1373 1464 1422 1502 et
1452 1455 1574 1502 ordo
1600 1453 1992 1503 vicissitudinum
2020 1471 2126 1517 per·
2157 1472 2200 1510 ¹5

375 1538 809 1598 mutationumque
829 1544 1062 1584 servatur.
1119 1538 1250 1583 Nam
1272 1537 1392 1584 dum
1412 1537 1476 1584 ad
1497 1538 1747 1599 superiora
1767 1538 2128 1597 conscenderit,

374 1637 457 1669 ver
504 1627 743 1681 temperat
768 1637 776 1666 :
837 1617 923 1665 ubi
971 1619 1035 1666 ad
1085 1635 1335 1666 summum
1384 1620 1583 1677 venerit,
1635 1620 1846 1667 aestivos
1899 1621 2127 1667 accendit

376 1703 592 1750 calores:
631 1701 880 1749 decedens
907 1716 1069 1748 rursus
1096 1702 1320 1748 autumni
1347 1702 1636 1764 temperiem
1663 1700 1838 1749 reddit.
1894 1701 1994 1748 Vbi
2014 1718 2128 1750 vero

375 1785 440 1831 ad
466 1784 746 1832 inferiorem
779 1783 905 1831 redit
933 1781 1186 1842 circulum,
1217 1799 1275 1831 ex
1304 1784 1493 1845 glaciali
1519 1799 1742 1846 conpage
1771 1783 1892 1831 caeli
1918 1785 2127 1845 rigorem

377 1864 522 1913 nobis
549 1863 743 1912 hiberni
774 1863 962 1927 frigoris
989 1861 1339 1930 derelinquit.’]
1414 1863 1654 1928 (sequitur
1665 1865 1837 1926 figura
1864 1865 2124 1925 circularis,
2155 1882 2206 1908 20

377 1964 498 2008 quae
522 1948 573 1995 in
607 1947 755 1994 medio
779 1947 922 1993 habet
947 1946 1166 1993 medium
1197 1943 1316 2012 [est]
1345 1947 1538 2007 mundi,
1561 1948 1682 1994 circa
1716 1954 1873 1994 autem
1905 1947 2131 1994 stationes

378 2030 490 2077 solis
512 2030 579 2076 sic
594 2029 879 2091 inscriptas:
915 2028 996 2075 hic
1022 2037 1156 2076 ortus
1184 2028 1298 2075 solis
1320 2028 1370 2075 in
1395 2030 1558 2076 natale
1579 2029 1782 2076 Domini
1802 2045 1813 2086 ;
1851 2038 1986 2077 sexta
2012 2030 2131 2076 hora

381 2110 478 2159 diei
502 2129 514 2170 3
564 2126 770 2158 occasus
820 2109 869 2156 in
920 2110 1082 2157 natale
1133 2108 1339 2157 Domini
1361 2128 1374 2170 3
1429 2126 1633 2158 occasus
1682 2111 1732 2157 in
1781 2111 2132 2172 aequinoctio,

381 2208 585 2240 occasus
623 2192 738 2239 solis
777 2192 827 2237 in
864 2193 1027 2239 natale
1066 2192 1305 2239 Iohannis
1326 2209 1339 2252 3
1389 2208 1582 2254 semper
1619 2193 1783 2241 media
1820 2208 1948 2250 nox3
1998 2201 2131 2240 ortus

383 2276 497 2323 solis
523 2275 573 2321 in
600 2275 761 2322 natale
788 2274 1027 2321 Iohannis
1047 2291 1059 2332 3
1095 2274 1175 2320 hic
1202 2282 1336 2321 ortus
1363 2274 1478 2321 solis
1506 2274 1554 2320 in
1580 2272 1936 2337 aequinoctio.)
2157 2285 2206 2324 25

521 2358 604 2403 DE
641 2370 861 2402 ITlNERE
898 2369 1054 2402 SOLIS.
1127 2355 1210 2403 Sol
1248 2355 1409 2402 oriens
1439 2370 1525 2417 per
1557 2354 1814 2403 meridiem
1843 2356 1933 2404 iter
1967 2356 2130 2403 habet.

385 2439 485 2500 Qui
533 2447 798 2500 postquam
845 2438 908 2486 ad
951 2453 1182 2486 occasum
1232 2436 1419 2486 venerit
1474 2447 1521 2485 et
1569 2437 1774 2486 Oceano
1822 2454 1874 2486 se
1922 2439 2135 2497 tinxerit,

444 2581 460 2606 1
484 2574 526 2607 et
547 2567 591 2606 Cl
695 2566 865 2606 hiberni
881 2566 993 2605 CKL
1105 2567 1350 2606 humoribus
1365 2565 1491 2604 ΑΒΕ
1495 2566 1551 2604 T:
1571 2566 1786 2616 geloribus
1800 2566 1880 2605 KL
1993 2579 2017 2604 2
2038 2579 2134 2617 pro-

386 2624 504 2674 prius
526 2622 637 2661 codd.
769 2628 924 2662 statem
945 2621 986 2659 Β
1113 2622 1263 2661 reddat
1287 2621 1335 2659 Cl
1497 2623 1524 2658 6
1553 2634 1682 2672 supra
1699 2621 1740 2659 Β
1862 2621 1941 2661 sub
1962 2627 2075 2661 terra
2094 2621 2140 2659 K

389 2692 410 2728 7
443 2678 556 2717 enim
575 2691 659 2717 om.
682 2677 718 2714 T
824 2690 907 2715 asc.
926 2682 969 2715 et
985 2690 1038 2715 ex
1055 2676 1090 2714 C
1197 2678 1222 2715 8
1251 2677 1305 2726 ip.
1321 2676 1432 2715 enim
1449 2689 1504 2714 m.
1530 2676 1567 2714 T
1673 2689 1813 2715 enum.
1834 2676 1879 2714 K
1990 2689 2035 2714 11
2068 2675 2135 2715 cui

388 2734 485 2772 ideo
513 2763 523 2772 .
554 2762 564 2771 .
596 2763 604 2771 .
634 2732 765 2773 derel.
791 2731 907 2784 (Isid.
927 2732 1025 2770 Nat.
1055 2744 1119 2781 17,
1140 2731 1184 2780 3)
1207 2731 1297 2771 hab.
1326 2730 1505 2769 CHKM
1521 2730 1644 2770 th'll.
1672 2733 1771 2782 1831
1793 2745 1801 2769 ε
1841 2745 1929 2770 om.
1949 2730 2141 2769 B1DTU

389 2789 583 2827 diversos
597 2786 708 2825 codd.
823 2800 871 2825 12
903 2787 1124 2825 constituit
1136 2786 1190 2824 H
1296 2786 1432 2824 isdem
1446 2791 1641 2824 oraretur
1658 2785 1706 2825 Cl
1721 2800 1730 2826 ;
1761 2786 1827 2825 his
1841 2786 2137 2825 demoraretur

389 2842 487 2881 ΚΜ
492 2841 617 2881 th'll.
639 2842 763 2890 1831:
795 2842 961 2880 hisdem
979 2839 1280 2880 moraretur-H
1388 2852 1435 2889 15
1466 2847 1564 2891 post
1576 2841 1783 2880 rationem
1800 2846 1827 2879 t.
1843 2841 2133 2890 dispensatum

392 2898 428 2937 C
533 2896 870 2935 vicissitudinem
895 2895 945 2935 Cl
1064 2897 1113 2934 16
1141 2893 1354 2945 servatur]
1377 2897 1545 2946 accepit
1568 2895 1710 2948 <-cip-)
1736 2894 1834 2935 CK:
1866 2894 2072 2944 accipitur
2090 2894 2142 2934 H

389 2954 442 2992 ad
463 2965 546 2992 om.
573 2950 620 2991 C²
639 2952 739 3000 (non
759 2950 810 2987 H
813 2951 828 3001 )
940 2951 1182 2990 ascenderit
1197 2949 1250 2988 H
1358 2963 1404 2999 17
1437 2950 1507 2988 ubi
1525 2956 1667 2990 autem
1687 2951 1742 2988 ad
1761 2962 1925 2988 sumum
1947 2948 2053 2987 caeli
2069 2962 2135 2988 ve.

390 3007 442 3045 H
547 3019 601 3046 20
630 3005 791 3044 hiberni
816 3004 922 3046 CH:
951 3005 1104 3044 hiemis
1125 3004 1172 3043 K
1274 3005 1459 3055 figuram
1480 3018 1563 3044 om.
1579 3004 1624 3043 -C
1628 3004 1665 3042 T
1680 3005 1784 3056 (non
1804 3004 1868 3055 A)
1990 3016 2039 3041 21
2073 3009 2140 3043 est

391 3076 480 3101 om.
497 3061 543 3098 K
559 3066 664 3112 (non
680 3061 743 3112 A)
858 3072 908 3109 27
939 3061 992 3099 ad
1014 3073 1101 3099 occ.
1121 3072 1218 3098 ven.
1238 3072 1318 3099 om.
1341 3059 1390 3098 C1
1499 3059 1675 3098 tinxerit
1693 3058 1823 3102 BDT
1837 3058 1953 3096 Mon.
1974 3057 2140 3097 Rem.²:

393 3117 590 3158 trinxerit
610 3116 670 3156 U:
705 3116 948 3156 inmerserit
967 3117 1105 3158 CG2K
1120 3114 1243 3155 Phill.
1271 3115 1397 3164 1831:
1428 3116 1530 3155 inex
1553 3115 1651 3167 (seq.
1674 3118 1800 3166 spat.)
1816 3113 1858 3151 A
1877 3129 1885 3154 :
1918 3113 2140 3155 intinxerit

395 3174 446 3213 Gl
468 3173 608 3213 Rem}
