2228 3444
649 145 1051 222 PRAEFATIO
1101 145 1433 193 EDITORIS

166 281 240 329 sit.
314 281 468 342 Spero
501 293 702 339 quoque
727 277 1016 339 propediem
1052 283 1100 322 et
1126 275 1190 323 de
1220 275 1568 337 orthographia
1597 283 1645 323 et
1671 276 1734 322 de
1758 291 1915 337 gram—

167 360 344 409 matica
368 359 522 407 nostri
547 357 795 420 scriptoris
821 357 975 404 fusius
1001 355 1309 417 disputatum
1334 355 1405 403 iri.

234 443 291 489 In
328 442 474 490 rebus
511 439 655 503 igitur
684 436 1074 500 orthographicis
1109 445 1157 484 et
1193 435 1524 499 grammaticis
1559 453 1638 484 me
1671 437 1720 483 in
1755 436 1916 483 huius-

167 525 302 572 modi
319 522 560 572 .editionis
585 529 822 583 apparatu
847 518 1018 567 critico
1043 535 1145 566 non
1172 517 1444 580 religiosius
1470 519 1785 566 immoratum
1811 535 1917 566 esse

167 621 315 653 nemo
351 605 470 651 vitio
509 602 674 660 dabit;
730 602 852 650 illud
891 601 1096 648 fortasse
1135 599 1239 647 iure
1280 599 1535 658 obicietur,
1580 600 1717 661 quod
1757 601 1918 647 sontes

166 685 357 744 Isidori,
386 684 623 748 quoniam
658 682 779 731 mihi
805 684 882 730 lex
916 698 974 730 ea
999 681 1232 745 imposita
1264 690 1338 729 est
1372 691 1424 729 ut
1450 680 1675 729 brevitati
1702 680 1751 728 in
1775 697 1919 744 appa-

167 777 271 815 ratu
298 782 614 829 summopere
640 765 970 823 consulerem,
996 762 1089 810 nisi
1127 762 1208 810 hic
1241 761 1339 810 illic
1374 762 1737 810 emendationis
1771 778 1919 809 causa

168 866 267 897 non
295 847 641 903 indicaverim3
680 847 865 908 quippe
899 846 981 906 qui
1016 843 1227 906 plurimi,
1257 860 1357 890 non
1393 860 1568 892 omnes
1594 843 1778 907 (neque
1813 843 1916 905 ipse

167 948 340 980 omnes
367 931 643 993 exploratos
670 928 868 990 habeo),
898 926 948 973 in
979 927 1198 974 editione
1225 927 1518 973 Arevaliana
1543 925 1766 973 adnotati
1800 926 1911 972 sint.

167 1017 246 1060 Tu
274 1013 430 1075 igitur,
459 1013 612 1059 lector
637 1010 892 1068 benevole,
922 1024 1037 1055 cum
1058 1006 1364 1055 Arevalianis
1389 1005 1796 1055 adnotationibus
1822 1007 1917 1053 hoc

165 1096 290 1143 libro
327 1109 440 1141 meo
474 1093 824 1154 qualicumque
857 1098 994 1138 utere
1027 1088 1245 1137 feliciter.
1318 1089 1448 1136 Nam
1482 1089 1548 1136 ad
1574 1089 1916 1136 Arevalianam

166 1175 438 1224 editionem
481 1190 644 1222 meam
683 1180 925 1234 quantum
964 1169 1103 1233 potui
1143 1171 1554 1228 adcommodavi3
1610 1168 1732 1232 quin
1770 1171 1916 1217 etiam

167 1257 246 1304 hic
281 1257 378 1304 illic
404 1254 468 1320 (v.
487 1273 530 1318 g.
555 1258 614 1304 V.
639 1269 784 1302 XXXI.
819 1252 937 1319 5-7)
969 1251 1199 1300 vitiosum
1238 1252 1654 1314 paragraphorum
1691 1250 1915 1299 ordinem

166 1341 441 1402 relinquere
478 1338 628 1386 malui
669 1353 817 1399 quam
857 1335 1116 1383 citationes
1153 1334 1287 1396 apud
1321 1334 1694 1396 lexicographos
1737 1349 1918 1395 magno

165 1438 279 1467 cum
305 1420 516 1467 virorum
545 1420 805 1467 doctorum
833 1417 1156 1464 incommodo
1181 1415 1477 1463 conturbare
1492 1415 1522 1463 ¹.

1385 1541 1459 1587 W.
1491 1541 1561 1588 M.
1593 1541 1845 1587 LINDSAV.

220 1624 388 1662 Dabam
409 1623 450 1661 A
458 1623 666 1674 ndreapolz

273 1693 334 1730 die
354 1692 400 1732 S.
420 1691 615 1730 Andreae
637 1703 771 1730 MCMX.

219 1811 233 1835 ¹
268 1810 370 1848 Post
404 1811 508 1849 haec
541 1810 698 1859 scripta
729 1810 966 1848 accuratius
994 1809 1046 1847 de
1074 1814 1160 1847 tota
1190 1808 1356 1846 ratione
1386 1807 1542 1844 edendi
1569 1806 1660 1844 libri
1693 1805 1913 1844 Isidoriani

167 1866 261 1902 alibi
287 1867 317 1916 (‘
334 1865 469 1904 Class.
497 1864 657 1912 Quart!
681 1876 718 1913 5,
739 1865 809 1914 42)
832 1863 1061 1913 disputavi.

999 3095 1079 3141 xiii
