2176 3424
1034 121 1306 170 ISIDORI

293 248 544 310 vocantur,
585 251 668 313 qui
707 260 820 299 sunt
854 252 917 299 de
955 267 1053 298 una
1089 249 1285 309 familia,
1326 249 1478 297 idest
1512 249 1666 312 patria
1685 268 1697 309 3
1733 252 1854 312 quas
1885 249 2047 297 Latini

293 332 611 395 paternitates
649 332 1045 396 interpretantur,
1085 348 1199 379 cum
1237 348 1296 380 ex
1332 347 1431 379 una
1467 330 1631 379 radice
1668 333 1822 380 multa
1857 330 2047 394 generis

293 415 437 462 turba
462 414 767 463 diffunditur.
842 416 907 462 Et
940 413 991 461 in
1027 413 1211 463 Genesi
1241 413 1363 462 dixit
1393 414 1647 462 Abraham
1680 415 1744 463 ad
1764 414 1909 461 *Loth
1944 412 2045 476 (13,

294 495 374 560 8):
416 498 564 544 ‘Non
596 495 657 544 sit
682 498 783 544 rixa
807 495 934 544 inter
965 512 1045 543 me
1077 505 1124 544 et
1149 504 1198 543 te
1232 504 1279 544 et
1309 494 1435 544 inter
1467 505 1687 558 pastores
1721 504 1832 543 tuos
1867 504 1915 542 et
1943 510 2048 557 pas-

292 587 422 626 tores
448 594 600 637 meos,
629 578 744 641 quia
770 595 945 627 omnes
970 578 1138 625 fratres
1158 594 1249 625 nos
1276 578 1476 625 sumus.’
1549 579 1614 624 Et
1632 585 1763 625 certe
1788 577 1920 624 Loth
1945 591 2048 623 non
2073 593 2094 631 5

212 677 270 710 10
293 668 395 708 erat
419 661 564 707 frater
589 659 835 717 Abrahae,
866 660 954 707 sed
981 658 1108 706 filius
1134 657 1290 706 fratris
1317 657 1421 706 eius
1447 661 1613 706 Aram.
1678 659 1869 719 Quarto
1894 657 2047 705 modo

292 743 472 789 affectu
489 743 658 789 fratres
679 740 791 799 dici,
815 740 900 802 qui
919 740 971 788 in
987 742 1089 789 duo
1109 739 1424 789 scinduntur:
1464 739 1678 802 spiritale
1699 747 1747 788 et
1763 755 2044 787 commune.

294 823 531 886 Spiritale‚
555 840 656 886 quo
682 839 855 871 omnes
883 821 1152 872 Christiani
1172 824 1340 871 fratres
1366 839 1612 881 vocamur,
1633 831 1685 870 ut
1713 820 1913 885 (Psalm.
1939 838 2044 883 133,

298 901 345 966 Ι)
368 923 376 951 ;
418 907 428 927 ‘
449 906 582 953 Ecce
608 922 757 967 quam
785 905 988 962 bonum,
1009 914 1056 952 et
1082 920 1230 966 quam
1257 903 1531 952 iucundum
1556 902 1778 951 habitare
1804 903 1972 950 fratres
1997 901 2047 948 in

292 985 480 1032 unum.’
551 985 611 1031 In
649 1000 929 1042 commune,
969 1000 1084 1030 cum
1122 992 1170 1031 et
1207 999 1380 1030 omnes
1417 980 1644 1029 homines
1681 997 1739 1028 ex
1774 997 1876 1028 uno
1911 990 2048 1043 patre
2076 1002 2123 1028 10

291 1065 394 1113 nati
419 1065 522 1128 pari
546 1065 673 1114 inter
698 1082 788 1114 nos
813 1064 1135 1128 germanitate
1161 1063 1519 1127 coniungimur,
1542 1063 1789 1127 Scriptura
1814 1064 2048 1125 loquente

293 1146 429 1210 (Isai.
454 1150 531 1207 66,
554 1146 637 1212 5):
679 1147 871 1195 ‘Dicite
898 1148 974 1194 his
1009 1146 1093 1209 qui
1129 1148 1340 1195 oderunt
1374 1163 1490 1195 vos:
1547 1147 1737 1194 Fratres
1771 1144 1925 1193 nostri
1961 1161 2048 1192 vos

222 1243 271 1276 11
294 1229 440 1278 estiS.'
511 1230 761 1278 Germana
786 1229 852 1278 ita
884 1228 1181 1292 intellegitur
1214 1238 1267 1277 ut
1297 1245 1573 1292 germanus,
1602 1229 1776 1276 eadem
1803 1227 2048 1290 genetrice

218 1325 272 1360 12
295 1328 515 1360 manans.
592 1313 739 1361 Soror
775 1320 955 1369 autern,
996 1320 1050 1358 ut
1086 1312 1244 1358 frater.
1318 1311 1450 1358 Nam
1487 1318 1623 1358 soror
1659 1319 1731 1358 est
1774 1325 1833 1356 ex
1869 1310 2046 1357 eodem

294 1395 482 1442 semine
518 1393 664 1452 dicta,
704 1395 840 1456 quod
877 1395 981 1441 sola
1011 1409 1124 1440 cum
1159 1392 1386 1440 fratribus
1420 1391 1470 1439 in
1501 1400 1630 1439 sorte
1662 1389 1938 1453 agnationis
1968 1392 2048 1439 ha·
2072 1413 2118 1453 15

217 1491 272 1536 13
294 1477 481 1525 beatur.
554 1478 745 1524 Fratres
772 1477 1015 1538 patrueles
1041 1474 1174 1533 dicti,
1198 1491 1258 1523 eo
1284 1475 1421 1536 quod
1446 1483 1606 1537 patres
1633 1489 1804 1520 eorum
1828 1472 2047 1535 germani

220 1575 274 1622 14
296 1559 462 1606 fratres
500 1557 626 1606 inter
662 1574 714 1606 se
751 1559 962 1605 fuerunt.
1036 1555 1337 1606 Consobrini
1374 1571 1489 1603 vero
1532 1554 1708 1614 vocati,
1749 1556 1829 1616 qui
1867 1563 1952 1602 aut
1990 1571 2048 1602 ex

294 1657 460 1689 sorore
487 1649 534 1689 et
567 1641 723 1699 fratre,
751 1649 834 1687 aut
872 1656 929 1687 ex
962 1639 1157 1686 duabus
1191 1636 1438 1686 sororibus
1470 1646 1583 1685 sunt
1617 1638 1733 1694 nati,
1761 1635 1900 1698 quasi
1935 1652 2047 1683 con-

215 1738 268 1786 15
292 1721 512 1772 sororini.
605 1723 880 1770 Fratrueles
928 1730 1095 1769 autem
1145 1728 1434 1767 materterae
1491 1717 1578 1765 filii
1633 1727 1760 1766 sunt.
1847 1716 2044 1766 Sobrini

208 1814 266 1860 16
291 1803 705 1854 consobrinorum
732 1802 830 1850 filii.
904 1805 949 1850 T
952 1802 1026 1850 ius
1054 1803 1301 1850 Graecum
1327 1809 1413 1849 est.
1488 1802 1695 1847 Patruus
1729 1800 1872 1847 frater
1896 1797 2044 1861 patris
2071 1823 2122 1850 20

293 1893 379 1944 est,
409 1885 549 1947 quasi
574 1894 712 1948 pater
737 1884 876 1932 alius.
946 1884 1096 1931 Vnde
1130 1892 1177 1930 et
1207 1881 1449 1930 moriente
1478 1890 1613 1944 patre
1647 1879 1889 1942 pupillum
1915 1880 2045 1943 prior

216 1983 268 2032 17
292 1973 494 2027 patruus
532 1963 747 2027 suscipit,
795 1972 843 2011 et
879 1961 1019 2025 quasi
1057 1960 1211 2009 filium
1249 1962 1356 2023 lege
1397 1969 1573 2008 tuetur.
1646 1961 1935 2007 Avunculus
1971 1969 2044 2008 est

292 2045 459 2094 matris
485 2048 642 2104 frater,
680 2044 819 2093 cuius
853 2060 1040 2092 nornen
1069 2044 1277 2092 formam
1312 2039 1592 2090 diminutivi
1625 2040 1807 2088 habere
1836 2039 2042 2101 videtur,

212 2131 267 2178 18
292 2126 407 2190 quia
438 2127 503 2175 ab
532 2144 625 2176 avo
658 2126 823 2175 venire
857 2134 1168 2174 monstratur.
1211 2124 1214 2126 ’
1243 2123 1410 2171 Amita
1443 2131 1516 2171 est
1549 2138 1685 2171 soror
1720 2121 1868 2184 patris
1906 2123 2044 2184 quasi

291 2209 386 2257 alia
428 2217 597 2257 mater.
671 2210 939 2256 Matertera
978 2216 1051 2255 est
1099 2222 1235 2254 soror
1278 2204 1459 2262 matris,
1500 2203 1640 2266 quasi
1684 2213 1838 2252 mater
1878 2205 2042 2252 altera.
2069 2232 2116 2271 25
2171 2222 2176 2226 ·

208 2310 268 2356 19
294 2292 444 2340 Socer
469 2299 555 2348 est,
582 2289 667 2353 qui
694 2289 843 2337 filiam
870 2290 1022 2337 dedit.
1079 2288 1245 2337 Gener
1270 2296 1356 2346 est,
1384 2285 1469 2348 qui
1494 2285 1644 2333 filiam
1671 2284 1822 2334 duxit.
1879 2285 2045 2334 Gener
2168 2273 2176 2282 '⁴

350 2434 366 2458 1
399 2420 615 2459 vocabitur
638 2419 688 2458 Cl
800 2419 897 2457 fam.
921 2431 1005 2456 una
1024 2418 1066 2455 Β
1156 2415 1323 2467 pareria
1345 2415 1394 2454 C1
1478 2414 1606 2454 latine
1635 2414 1672 2452 T
1794 2428 1818 2452 2
1848 2428 1931 2454 una
1951 2417 2039 2455 rad.

290 2477 423 2514 multa
443 2475 587 2514 radice
609 2487 690 2514 rnu.
716 2488 782 2524 ge.
804 2473 854 2512 C1
939 2485 965 2521 3
987 2473 1108 2510 turba
1121 2485 1203 2511 om.
1219 2469 1276 2507 B1
1361 2483 1385 2516 4
1406 2476 1448 2508 te
1468 2475 1510 2507 et
1530 2470 1605 2509 int.
1629 2481 1748 2508 meos
1769 2475 1810 2507 et
1829 2475 1924 2508 tuos
1943 2470 2042 2520 quia

288 2531 335 2568 K
355 2533 460 2582 (non
481 2530 546 2580 A)
566 2545 575 2568 ι
604 2534 645 2567 te
667 2535 708 2567 et
729 2530 802 2568 int.
828 2542 870 2578 p.
893 2541 1010 2566 meos
1032 2533 1134 2575 etp.
1156 2531 1249 2564 tuos
1270 2524 1337 2562 B:
1367 2530 1408 2562 te
1430 2530 1471 2563 et
1493 2525 1568 2562 int.
1593 2537 1632 2572 p.
1650 2529 1707 2562 tu.
1731 2528 1772 2561 et
1791 2524 1904 2562 inter
1924 2537 1964 2574 p.
1984 2538 2037 2563 rn.

292 2585 327 2623 C
453 2597 476 2635 5
509 2596 657 2622 omnes
677 2597 759 2622 om.
784 2582 829 2620 K
851 2583 952 2632 (non
973 2581 1034 2633 A)
1192 2593 1213 2628 7
1245 2579 1326 2617 dici
1349 2580 1416 2632 (ex
1435 2579 1550 2617 diciti
1571 2578 1634 2628 K)
1656 2577 1806 2616 BCK:
1837 2578 1934 2617 dicti
1954 2579 2045 2617 AT

290 2641 397 2678 duos
416 2638 457 2675 Β
476 2654 484 2678 :
508 2640 639 2677 duoos
662 2637 713 2676 C1
824 2637 1032 2675 scinditur
1052 2634 1099 2672 K
1115 2634 1217 2685 (non
1237 2633 1297 2683 A)
1411 2647 1437 2683 9
1457 2633 1538 2672 hab
1560 2662 1569 2671 .
1594 2662 1604 2672 .
1628 2663 1637 2672 .
1663 2632 1757 2683 un.]
1774 2638 1815 2670 et
1836 2639 1980 2672 cetera
1999 2633 2044 2671 K

290 2696 394 2743 (non
413 2693 476 2746 A)
578 2707 626 2731 10
648 2705 797 2731 omnes
816 2705 898 2731 om.
921 2690 968 2728 K
1077 2702 1122 2728 11
1146 2686 1257 2739 pari]
1274 2688 1384 2737 patri
1409 2687 1502 2726 CT:
1522 2701 1606 2726 om.
1630 2686 1676 2724 K
1747 2687 2042 2736 coniungimus

295 2749 333 2787 T
433 2760 481 2797 13
510 2746 590 2798 ita]
612 2748 739 2796 igitur
766 2747 803 2785 T
911 2758 958 2795 15
990 2743 1125 2797 quod]
1144 2756 1251 2793 quae
1273 2742 1314 2779 Β
1397 2742 1627 2792 agnitionis
1651 2741 1701 2780 Cl
1785 2742 1962 2780 habetur
1981 2740 2039 2778 Β1

292 2806 340 2842 16
372 2803 544 2842 Fratres
565 2802 670 2840 BT:
703 2801 896 2840 Fratrum
920 2800 994 2838 filii
1017 2797 1095 2838 CK
1245 2810 1291 2846 17
1322 2796 1420 2846 quia
1439 2802 1510 2835 aut
1530 2795 1652 2834 OT:
1690 2794 1787 2845 quia
1805 2795 1847 2833 Β
1983 2810 2039 2835 ex

286 2858 389 2909 sor.]
414 2869 596 2896 exorare
619 2855 669 2894 Cl
787 2856 834 2894 18
857 2861 899 2894 et
919 2854 993 2906 fr.]
1015 2861 1087 2892 aut
1109 2866 1164 2891 ex
1184 2851 1233 2892 sr.
1263 2852 1301 2890 T
1378 2850 1601 2890 consoroni
1620 2849 1663 2886 B
1683 2863 1691 2887 :
1713 2849 1954 2888 consubrini
1981 2849 2038 2889 T:

285 2912 527 2951 consabrini
552 2910 603 2949 C1
735 2922 784 2959 19
813 2904 1008 2948 exobrini
1028 2907 1123 2945 KC1
1234 2920 1287 2945 20
1316 2919 1378 2956 gr.
1401 2918 1556 2944 nomen
1577 2909 1642 2942 est
1665 2903 1700 2942 C
1822 2916 1871 2941 21
1908 2904 2035 2956 mon]

287 2967 538 3006 discedente
559 2964 600 3002 B
710 2977 762 3002 22
792 2964 982 3014 suscepit
1001 2960 1110 3000 B1K
1215 2966 1280 3000 est
1301 2974 1381 3000 om.
1404 2960 1446 2999 A
1559 2971 1612 3008 23
1643 2958 1691 2997 fr.
1713 2971 1792 2997 rna.
1814 2957 1896 2998 Kc
1912 2958 2034 3010 (mat)

289 3023 390 3061 (non
411 3021 477 3069 A)
591 3019 684 3058 hab.
709 3018 816 3069 vid.]
838 3018 1021 3056 habetur
1040 3014 1098 3054 K1
1124 3015 1225 3067 (non
1246 3015 1310 3065 A)
1427 3025 1479 3063 25
1509 3013 1579 3052 alt.
1603 3026 1683 3052 ma.
1707 3011 1820 3051 AB:
1850 3012 1932 3052 alia
1951 3026 2029 3054 ma.

286 3074 333 3112 K
441 3077 494 3113 26
523 3079 590 3112 est
611 3087 693 3112 om.
716 3073 761 3111 K
784 3074 885 3125 (non
906 3071 970 3123 A)
1084 3069 1174 3120 de.]
1195 3069 1313 3108 duxit
1333 3068 1375 3106 Β
1485 3073 1550 3106 est
1569 3080 1653 3106 om.
1677 3065 1726 3104 K
1741 3067 1842 3118 (non
1861 3065 1924 3117 A)
