2228 3444
1060 140 1333 189 ISIDORI

313 265 672 330 apponebatur.
747 265 896 313 Vnde
922 273 969 314 et
994 264 1146 313 habet
1170 281 1257 328 per
1281 262 1504 318 medium
1530 265 1698 324 telum,
1727 264 1778 313 id
1803 272 1877 312 est
1901 264 2070 313 mortis

311 345 521 410 signum.
598 349 678 396 De
703 363 802 410 qua
827 346 1023 395 Persius
1047 345 1115 395 ait
1143 345 1208 410 (4,
1234 344 1314 410 13)
1336 367 1345 396 :
1925 352 1928 356 '

581 430 646 477 Et
680 427 808 492 potis
846 438 920 477 est
957 427 1149 492 nigrum
1187 427 1307 476 vitio
1343 429 1608 491 praefigere
1646 429 1792 476 theta.

254 529 283 563 2
310 512 439 561 Cum
458 520 626 560 autem
646 509 926 574 inperitiam
944 509 1218 573 significare
1243 511 1438 567 vellent,
1459 509 1634 558 Labda
1657 509 1817 558 littera
1836 509 1911 559 usi
1937 519 2064 568 sunt,

309 592 434 642 sicut
459 602 670 642 mortem
698 592 1057 656 significabant,
1078 609 1191 640 cum
1213 593 1468 655 ponebant
1493 594 1657 641 Theta
1680 593 1744 641 ad
1770 601 1930 655 caput.
2006 593 2066 639 In
2091 612 2112 651 5

309 673 666 738 stipendiorum
695 692 896 739 quoque
922 673 1179 739 largitione
1205 675 1430 738 propriae
1457 683 1593 723 erant
1619 682 1781 722 notae.

160 766 285 806 XXV
446 758 531 805 DE
563 772 718 806 N0T1s
752 771 1111 805 LITTERARVM.
1185 758 1342 806 Notas
1373 755 1521 805 etiam
1556 755 1823 805 litterarum
1857 755 1982 804 inter
2015 772 2066 804 se

309 848 497 888 veteres
535 837 796 900 faciebant,
837 849 890 887 ut
927 837 1174 903 quidquid
1209 840 1404 888 occulte
1440 837 1652 887 invicem
1687 855 1773 901 per
1802 837 2065 900 scripturas

309 921 583 985 significare
613 924 809 981 vellent,
838 930 1009 971 mutue
1035 921 1317 970 scriberent.
1393 922 1556 969 Testis
1582 929 1656 969 est
1682 922 1876 979 Brutus,
1906 921 1990 983 qui
2015 918 2065 966 in

308 1003 384 1053 his
427 1003 599 1053 litteris
651 1022 708 1053 ea
756 1021 883 1067 quae
925 1013 1122 1052 acturus
1166 1012 1268 1051 erat
1311 1003 1529 1063 notabat,
1575 1001 1916 1066 ignorantibus
1959 1000 2065 1049 aliis
2094 1021 2141 1048 10

255 1108 286 1142 2
309 1085 430 1150 quid
464 1086 559 1136 sibi
590 1088 771 1136 vellent
815 1087 940 1135 haec
978 1085 1183 1135 litterae.
1259 1086 1443 1135 Caesar
1479 1101 1681 1148 quoque
1717 1087 1970 1148 Augustus
2000 1084 2064 1131 ad

308 1168 480 1229 filium,
512 1173 523 1193 ‘
542 1168 811 1232 quoniam,'
831 1167 1005 1231 inquit,
1030 1166 1439 1215 ‘innumerabilia
1462 1165 1696 1215 accidunt
1721 1165 1918 1215 assidue
1938 1181 2065 1228 quae

309 1249 456 1300 scribi
492 1253 726 1300 alterutro
764 1259 989 1314 oporteat
1033 1258 1080 1298 et
1122 1264 1229 1297 esse
1267 1256 1467 1307 secreta,
1502 1249 1775 1297 habeamus
1813 1246 1938 1296 inter
1973 1263 2065 1295 nos

308 1342 451 1382 notas
489 1333 528 1382 si
562 1332 632 1382 vis
670 1334 791 1381 tales
830 1342 898 1392 ut,
934 1349 1049 1380 curn
1086 1330 1275 1394 aliquid
1311 1330 1442 1379 notis
1477 1329 1795 1380 scribendum
1833 1329 1936 1390 erit,
1977 1345 2065 1392 pro

307 1431 607 1479 unaquaque
632 1415 793 1464 littera
819 1414 1091 1464 scribamus
1119 1421 1411 1476 sequentem
1438 1414 1534 1462 hoc
1559 1414 1727 1472 modo,
1751 1429 1839 1476 pro
1864 1429 1893 1460 a
1917 1412 1950 1460 b
1976 1429 2065 1475 pro
2092 1431 2140 1473 15

305 1499 337 1548 b
355 1515 382 1547 c
399 1508 447 1547 et
466 1498 704 1562 deinceps
725 1499 902 1547 eadem
919 1496 1109 1546 ratione
1129 1505 1316 1545 ceteras
1326 1514 1339 1557 3
1365 1505 1664 1559 prozautem
1681 1495 1841 1544 littera
1859 1496 2066 1543 redeun-

305 1582 425 1630 dum
443 1580 532 1630 erit
548 1582 613 1630 ad
630 1582 813 1644 duplex
832 1597 860 1628 a
876 1581 935 1628 a.'
1006 1578 1227 1641 Quidam
1245 1577 1392 1627 etiam
1419 1577 1569 1627 versis
1588 1576 1749 1626 verbis
1770 1576 2005 1626 scribunt.

134 1675 281 1716 XXVI
443 1665 526 1711 DE
553 1677 707 1711 Norls
729 1676 1046 1711 DIGITORVM.
1122 1663 1246 1711 Sunt
1267 1661 1515 1723 quaedam
1535 1669 1583 1709 et
1609 1659 1875 1723 digitorum
1901 1668 2063 1727 notae,

307 1753 420 1794 sunt
446 1754 493 1794 et
519 1746 791 1804 oculorum,
821 1743 1003 1807 quibus
1031 1759 1202 1792 secum
1227 1741 1362 1790 taciti
1389 1743 1660 1805 proculque
1685 1743 1926 1791 distantes
1951 1757 2065 1789 con-

306 1830 591 1891 loquuntur.
665 1826 802 1877 Sicut
828 1843 936 1875 mos
962 1835 1036 1875 est
1063 1824 1298 1884 militariS,
1327 1834 1380 1872 ut
1406 1823 1638 1887 quotiens
1663 1826 1911 1874 consentit
1936 1841 2065 1873 exer·
2091 1844 2141 1871 20

308 1906 448 1969 citus,
478 1909 594 1973 quia
630 1926 752 1959 voce
782 1926 884 1958 non
920 1917 1096 1973 potest,
1128 1924 1279 1956 manu
1316 1906 1584 1970 promittat.
1659 1906 1770 1966 Alii,
1800 1906 1916 1970 quia
1943 1924 2065 1955 voce

254 2010 285 2045 2
309 2007 411 2040 non
437 2001 660 2055 possunt,
685 1991 963 2055 gladiorum
990 1999 1129 2040 motu
1155 1991 1385 2039 salutant.
1459 1987 1650 2038 Ennius
1677 1990 1740 2038 de
1761 1990 1975 2053 quadam
1996 1988 2064 2036 in-

308 2073 491 2137 pudica
517 2074 695 2139 (Naev.
715 2073 861 2125 Com.
885 2087 908 2135 7
918 2072 968 2138 5)
989 2092 998 2121 :

511 2186 577 2191 —
614 2156 772 2219 Quasi
810 2155 859 2204 in
897 2157 1050 2204 choro
1086 2154 1185 2219 pila

512 2240 689 2288 ludens
727 2236 982 2305 da[ta]tim
1019 2239 1104 2287 dat
1142 2252 1250 2285 sese
1288 2245 1336 2285 et
1374 2251 1694 2285 communem
1730 2234 1860 2284 facit.
2091 2259 2109 2286 2
2119 2258 2141 2297 5

513 2320 682 2369 Alium
720 2329 870 2380 tenet,
911 2319 994 2368 alii
1031 2320 1257 2378 adnutat,
1295 2316 1413 2366 alibi
1450 2334 1625 2365 manus

514 2412 587 2452 est
624 2411 882 2467 occupata,
920 2402 1002 2451 alii
1039 2400 1260 2466 pervellit
1298 2401 1492 2464 pedem,

367 2545 390 2580 4
421 2532 558 2582 inper.
588 2532 675 2571 LK
704 2534 766 2583 (—a
797 2532 860 2584 K)
890 2533 931 2570 Β
950 2533 1100 2571 Rem.:
1131 2530 1374 2581 inpuritiam
1411 2528 1507 2568 UC¹
1533 2543 1541 2567 :
1570 2528 1840 2579 inpueritiam
1869 2522 1906 2566 T
1929 2529 2067 2570 1W0n.¹

314 2586 432 2637 Quae
451 2587 510 2625 ad
530 2586 769 2637 inperitiam
796 2588 839 2638 (u
862 2587 1092 2639 suprascr.)
1115 2586 1237 2637 refero
1319 2585 1443 2623 lauda
1472 2583 1553 2622 KL
1573 2598 1582 2622 :
1625 2583 1737 2622 lauta
1756 2583 1798 2622 Β
1883 2595 1907 2632 5
1938 2584 2066 2633 signi-

312 2643 441 2681 ficant
461 2641 542 2679 KL
751 2644 776 2680 8
806 2642 1015 2691 scriptura
1035 2642 1080 2679 K
1286 2654 1312 2691 9
1340 2639 1413 2689 qui
1432 2639 1474 2677 in
1494 2638 1560 2678 his
1582 2638 1608 2679 1.
1630 2638 1690 2678 T:
1718 2638 1867 2688 quibus
1888 2638 1932 2676 in
1954 2638 1978 2678 l.
1997 2638 2064 2677 K:

312 2696 466 2747 quibus
500 2697 544 2735 in
583 2697 651 2735 his
680 2695 840 2735 AlBCl
1065 2709 1114 2735 12
1144 2694 1363 2746 quoniam]
1396 2698 1498 2744 quot
1535 2693 1582 2731 K
1734 2693 1927 2732 incidunt
1944 2693 2069 2732 ΑΒΕ

316 2765 365 2801 13
394 2752 643 2791 alterutrum
665 2751 775 2790 codd.
793 2766 801 2792 :
831 2752 883 2790 ad
905 2752 958 2790 al.
979 2751 1074 2791 dett.
1179 2757 1223 2790 et
1242 2762 1329 2789 om.
1351 2748 1397 2786 K
1487 2761 1564 2787 nos
1584 2761 1664 2786 om.
1690 2747 1727 2786 T
1836 2761 1885 2797 14
1916 2748 2062 2800 notas]

313 2812 483 2846 nostras
513 2805 578 2845 Α1
691 2806 727 2854 si
756 2806 842 2858 vis]
866 2806 945 2844 sibi
981 2806 1018 2845 T
1123 2805 1254 2857 notis]
1274 2804 1397 2843 nobis
1426 2803 1473 2841 K
1638 2814 1685 2853 15
1714 2803 1794 2842 hoc
1822 2803 1949 2841 modo
1975 2816 2056 2842 om.

312 2862 358 2899 K
545 2874 592 2911 17
624 2860 864 2900 scribebant
896 2860 942 2899 K
1150 2873 1200 2911 19
1227 2859 1356 2899 tacito
1392 2858 1430 2896 T
1608 2870 1660 2896 22
1689 2863 1790 2897 votu
1820 2857 1881 2897 sic
1911 2857 2063 2896 ludunt

312 2916 358 2954 K
390 2915 486 2968 (pro
518 2916 735 2967 saludant)
876 2916 1059 2966 quodam
1092 2915 1139 2954 K
1321 2925 1371 2964 25
1402 2912 1586 2952 dadatim
1607 2913 1675 2952 L:
1705 2912 1834 2951 datirn
1854 2912 1907 2951 M
1922 2912 2061 2952 Rem.¹

311 2970 432 3021 (fort.
459 2971 568 3023 recte)
594 2973 700 3024 (non
721 2969 860 3024 Mon.)
945 2972 1042 3010 data
1067 2971 1110 3010 U
1236 2970 1290 3008 26
1317 2968 1390 3007 alii
1409 2969 1584 3008 adnotat
1603 2983 1628 3006 a
1649 2965 1906 3019 (=ABC1):
1934 2966 2060 3005 alium

310 3027 484 3065 adnotat
499 3028 527 3070 β
542 3025 716 3078 (=KL1
732 3039 742 3065 ε
761 3038 856 3065 aum
869 3030 988 3065 notat
1002 3024 1089 3077 M):
1113 3025 1186 3064 alii
1200 3025 1374 3063 adnutat
1387 3037 1416 3074 ’γ
1434 3024 1495 3076 (=
1513 3021 1618 3062 TU:
1639 3021 1709 3062 alii
1722 3027 1840 3061 nutat
1858 3021 2063 3071 V)Mon.:

311 3079 381 3119 alii
402 3081 576 3120 adnotat
594 3095 642 3120 ex
657 3081 712 3121 ali
729 3082 904 3120 adnutat
925 3079 1046 3120 Rem.
1175 3091 1346 3119 manum
1367 3077 1405 3116 T
1554 3090 1604 3128 27
1635 3077 1842 3128 pervellet
1860 3075 1902 3114 A
1922 3075 2060 3116 Rem.¹
