2176 3424
443 134 1072 182 ETYMOLOGIARVM
1114 137 1239 183 LIB.
1270 138 1439 185 XVII.
1479 137 1524 184 ix

106 263 283 312 habeat
302 265 513 312 radicem
532 265 793 312 rotundam
811 284 819 312 :
837 265 1014 313 Graeci
1031 265 1162 313 enim
1182 265 1352 316 κύκλον
1367 269 1635 317 rotundum
1653 281 1847 320 vocant.

106 345 258 396 Cuius
302 345 435 394 radix
477 354 560 394 aut
603 361 762 405 sucus,
800 345 838 394 si
877 346 993 394 vino
1036 347 1178 396 fuerit
1218 348 1478 410 admixtuS,
1515 350 1676 399 ebrios
1719 353 1846 402 facit.

105 426 335 476 Nascitur
358 426 408 474 in
435 426 554 475 locis
581 426 769 475 silvosis
795 436 842 476 et
867 430 1004 491 agris.
1060 427 1304 493 ''Afmrdtos-
1328 433 1483 495 λευκή,
1505 431 1606 481 sive
1627 432 1844 496 bryonia,
1871 453 1944 499 90

103 525 251 571 quam
292 508 454 557 Latini
490 507 638 557 vitem
678 509 840 557 albam
877 518 1069 570 vocant,
1109 513 1185 560 vel
1221 529 1250 560 a
1286 514 1520 576 qualitate
1557 514 1733 563 coloris
1770 517 1847 564 vel

55 606 77 646 5
103 591 237 652 quod
263 591 365 638 eius
392 589 526 638 radix
543 591 754 638 contrita
771 599 819 639 et
838 592 1030 654 corpori
1055 591 1276 642 infricata
1302 594 1593 644 teneriorem
1616 604 1663 644 et
1683 597 1847 645 candi-

102 670 287 719 diorem
315 680 478 720 cutem
504 672 691 720 reddat.
743 673 873 720 Nam
895 682 942 721 et
962 689 1108 722 sucus
1134 674 1367 724 bacarum
1387 677 1491 726 eius
1517 679 1592 726 lac
1611 678 1845 727 uberibus

102 752 242 800 siccis
278 752 452 801 reddit.
518 751 760 816 *Αμπελος
793 755 1004 817 μέλαινα,
1044 754 1094 803 id
1132 767 1204 805 est
1241 758 1350 807 vitis
1386 759 1534 822 nigra,
1569 761 1845 824 eademque
1872 775 1931 822 91

101 835 353 883 labrusca:
391 835 506 883 folia
530 837 742 885 hederae
780 836 955 886 similia
978 857 989 899 3
1026 840 1075 886 in
1112 840 1343 889 omnibus
1375 843 1529 890 maior
1559 859 1706 906 quam
1734 843 1845 893 vitis

100 915 241 963 alba:
281 916 426 964 bacas
470 915 690 965 similiter
731 918 934 978 habenS,
971 937 1098 983 quae
1137 922 1187 969 in
1227 923 1505 973 maturitate
1546 925 1843 988 nigrescunt,

28 1014 78 1043 10
101 998 234 1046 unde
254 1006 301 1046 et
321 998 616 1046 vocabulum
644 1000 865 1062 sumpsit.
918 1001 1145 1052 Viticella
1166 1004 1319 1052 herba
1337 1021 1365 1052 a
1388 1004 1574 1054 Latinis
1599 1009 1845 1070 appellata
1870 1024 1939 1070 92

101 1079 236 1140 quod
275 1079 399 1127 sicut
447 1078 555 1128 vitis
604 1080 847 1144 quidquid
887 1083 1164 1145 proximum
1212 1085 1452 1144 habuerit,
1503 1086 1845 1151 adprehendat

99 1160 355 1223 corymbis,
384 1172 507 1223 quos
532 1164 706 1211 anulos
731 1165 1049 1227 appellamus.
1124 1167 1447 1230 Bupthalmos
1485 1170 1655 1218 florem
1694 1171 1844 1221 habet
1869 1188 1937 1235 93

98 1258 343 1302 croceum,
383 1245 528 1292 oculo
565 1243 810 1305 similem3
846 1248 979 1295 unde
1017 1256 1065 1296 et
1101 1265 1129 1295 a
1167 1248 1367 1298 Graecis
1411 1267 1596 1299 nomen
1635 1255 1839 1315 accepit.

99 1325 188 1372 Est
212 1333 375 1373 autem
397 1327 536 1374 caule
554 1328 716 1384 molle,
739 1326 865 1375 foliis
885 1328 1126 1378 coriandri
1148 1329 1403 1380 similibus.
1457 1332 1686 1381 Nascitur
1711 1334 1843 1383 iuxta

27 1425 73 1466 15
98 1423 263 1455 muros
296 1406 561 1455 civitatum.
637 1409 888 1466 Phlomos‚
923 1426 1071 1472 quam
1104 1411 1266 1460 Latini
1305 1413 1591 1462 verbascum
1633 1426 1810 1465 vocant
1831 1435 1843 1476 3
1866 1434 1935 1482 94

98 1504 303 1551 quarum
329 1490 478 1537 altera
504 1497 576 1537 est
602 1492 864 1548 masculu8‚
887 1491 1210 1542 albidioribus
1232 1494 1358 1542 foliis
1383 1504 1531 1558 atque
1556 1498 1843 1560 angustiori-

97 1569 203 1630 bus,
230 1571 379 1618 altera
404 1570 598 1630 femina,
627 1571 753 1619 foliis
780 1572 1032 1622 latioribus
1057 1584 1207 1638 atque
1233 1576 1394 1639 nigris,
1469 1579 1641 1627 Ferula
1668 1589 1841 1629 vocata
1875 1592 1940 1641 95

96 1668 125 1699 a
145 1653 360 1700 medulla
380 1672 387 1701 :
425 1669 539 1700 nam
567 1651 698 1700 illam
719 1656 872 1702 Varro
892 1655 1039 1705 tradit
1059 1673 1165 1707 esse
1185 1660 1367 1708 ferulae
1384 1661 1669 1719 medullam,
1691 1677 1839 1724 quam

98 1735 368 1797 ἀσφόδελον
392 1734 568 1783 Graeci
596 1744 786 1784 vocant.
864 1738 1104 1786 Nonnulli
1126 1756 1154 1787 a
1174 1741 1394 1789 feriendo
1421 1743 1623 1790 ferulam
1651 1742 1837 1794 dicunt.

25 1834 74 1861 20
98 1818 176 1866 Ad
217 1818 343 1864 hanc
380 1815 511 1865 enim
548 1818 684 1879 pueri
722 1827 769 1866 et
794 1820 986 1881 puellae
1023 1823 1252 1884 vapulare
1289 1824 1480 1872 solent:
1519 1823 1663 1873 huius
1694 1842 1839 1875 sucus

96 1895 359 1959 galbanum
386 1907 471 1947 est.
524 1900 767 1963 Papyrum
795 1902 980 1949 dictum
1009 1905 1144 1965 quod
1170 1903 1269 1966 igni
1295 1913 1343 1953 et
1368 1905 1519 1954 cereis
1546 1915 1618 1955 est
1643 1916 1813 1971 aptum
1827 1927 1839 1970 3
1865 1920 1938 1978 96

95 1983 185 2042 πῦρ
210 1979 341 2028 enim
369 1981 543 2028 Graeci
570 1980 733 2044 ignem
768 1984 953 2032 dicunt.
1031 1987 1214 2035 Iuncus
1243 1983 1325 2052 [eo
1351 1989 1486 2050 quod
1514 1987 1692 2038 iunctis
1718 1992 1840 2039 radi-

91 2060 235 2109 cibus
261 2059 497 2127 haereat].
587 2063 802 2127 Scirpus,
827 2081 925 2128 quo
956 2075 1144 2130 segetes
1174 2076 1420 2131 teguntur,
1445 2069 1549 2118 sine
1575 2073 1710 2121 nodo
1727 2090 1740 2133 3
1777 2074 1841 2123 de
1865 2090 1932 2139 97

96 2160 192 2206 qua
219 2145 407 2191 Ennius
435 2142 555 2208 (Sat.
577 2144 658 2209 70)
681 2166 688 2195 :

12 2247 70 2288 ,25
299 2227 555 2287 Quaerunt
592 2227 640 2275 in
680 2228 852 2291 scirpo,
894 2231 1029 2293 quod
1067 2230 1195 2279 soliti
1234 2231 1411 2294 dicere,
1450 2236 1653 2285 nodum.

152 2368 169 2393 1
204 2368 328 2404 grece
349 2356 392 2394 D
535 2357 647 2396 enim
670 2370 736 2396 om
771 2358 816 2395 K
946 2359 1027 2410 [cm]
1052 2360 1197 2399 ciclum
1221 2360 1289 2400 K:
1319 2363 1425 2402 eicla
1446 2363 1534 2402 DT
1692 2379 1715 2404 2
1746 2368 1836 2419 aut]

94 2409 159 2447 vel
183 2409 228 2448 K
368 2424 393 2459 3
423 2412 585 2450 brionia
604 2412 715 2452 DK:
748 2426 792 2451 -e
820 2412 857 2451 T
998 2425 1021 2463 5
1053 2420 1094 2453 et
1115 2428 1228 2466 corp.
1252 2417 1322 2457 inf.
1346 2431 1427 2458 om.
1460 2418 1497 2456 T
1604 2423 1770 2471 corpori
1791 2436 1840 2460 ex

94 2465 340 2514 corporibus
363 2465 408 2503 K
489 2466 686 2515 infrigata
702 2467 742 2505 E
755 2468 859 2518 <non
878 2467 989 2520 CF>:
1021 2469 1279 2509 infasciatam
1301 2471 1368 2512 N:
1400 2473 1577 2513 susciata
1592 2474 1639 2512 K
1727 2478 1753 2513 6
1773 2476 1836 2515 lac

95 2532 177 2558 om.
200 2518 246 2556 K
380 2522 522 2571 8f0rt.
547 2522 674 2560 simili
815 2536 840 2572 9
870 2524 997 2562 bacus
1017 2524 1087 2563 D:
1116 2538 1164 2563 ac
1192 2525 1229 2564 T
1354 2527 1474 2577 nigra
1495 2535 1595 2568 sunt
1614 2530 1684 2568 D:
1715 2530 1836 2578 nigra

95 2578 160 2612 est
182 2572 227 2611 K
372 2587 415 2613 11
449 2575 617 2627 quidq.]
640 2577 777 2626 siquid
799 2577 845 2615 K
994 2591 1042 2616 12
1070 2580 1287 2628 appellant
1307 2580 1354 2619 K
1461 2582 1704 2623 Bultalmon
1727 2585 1835 2626 KT:

95 2627 344 2667 Bubtalmon
363 2629 407 2667 D
548 2643 596 2679 13
626 2644 790 2670 crocem
812 2632 855 2671 D
966 2633 1114 2672 vocolo
1134 2633 1178 2672 D
1287 2636 1387 2674 inde
1409 2636 1455 2674 K
1585 2652 1632 2689 15
1665 2639 1835 2678 Flomos

94 2681 210 2722 DK:
236 2683 425 2723 Flosmos
452 2683 490 2721 T
575 2698 699 2734 quem
727 2686 764 2725 T
870 2687 919 2725 16
947 2688 1025 2726 alb.
1050 2688 1221 2728 floribus
1242 2689 1348 2729 foliis
1368 2696 1494 2741 atque
1523 2691 1561 2730 T
1670 2695 1718 2732 18
1750 2707 1835 2733 me-

93 2736 206 2775 dullo
229 2736 318 2774 DT
448 2739 564 2777 illum
584 2739 675 2778 DT
805 2754 909 2780 varo
937 2741 974 2779 T
1161 2755 1208 2793 19
1237 2745 1449 2793 apodelon
1469 2746 1581 2787 codd.
1605 2747 1670 2799 (cf.
1696 2760 1735 2787 X.
1761 2750 1831 2800 85)

92 2802 218 2839 grece
239 2791 282 2829 D
392 2805 444 2831 20
473 2794 525 2833 ad
545 2806 626 2832 om.
654 2793 690 2832 T
780 2795 967 2846 vapulari
988 2796 1031 2834 D
1142 2810 1190 2836 21
1224 2799 1310 2850 est]
1331 2807 1480 2840 vocant
1507 2800 1545 2839 T
1634 2802 1833 2852 Papirum

93 2843 162 2883 D:
193 2845 403 2896 Papirium
425 2846 496 2888 K:
528 2847 668 2886 Pirum
697 2848 734 2886 T
837 2851 946 2900 quod
969 2856 1010 2890 et
1031 2851 1167 2891 ceries
1186 2852 1229 2890 D
1350 2868 1401 2894 22
1431 2869 1482 2895 eo
1504 2884 1513 2894 .
1540 2887 1548 2896 .
1566 2885 1575 2896 .
1600 2857 1716 2897 haer.
1738 2858 1831 2898 hab.

99 2897 157 2937 T:
186 2913 268 2940 om.
289 2900 380 2938 DK
541 2915 593 2952 23
622 2915 678 2943 sc.
703 2917 726 2942 a
746 2917 827 2954 quo
847 2904 891 2942 D
1029 2912 1197 2955 segetes
1223 2907 1278 2946 T:
1307 2910 1468 2958 segites
1492 2910 1535 2949 D
1555 2925 1564 2950 ε
1592 2917 1744 2960 gentes
1763 2911 1833 2952 K:

92 2958 258 3002 tegetes
285 2954 325 2992 A
333 2968 412 2995 rev.
646 2964 848 3007 teguntur
866 2959 997 2999 codd.:
1027 2965 1228 3000 texuntur
1246 2963 1370 3003 Arev.
1601 2966 1752 3005 sinodo
1773 2967 1831 3004 D1

93 3018 144 3056 25
174 3014 352 3056 querent
373 3008 551 3048 KMNP
567 3012 668 3058 (non
692 3012 849 3052 CEFU
864 3013 1004 3066 Mon.)
1193 3016 1234 3054 in
1256 3030 1336 3058 om.
1365 3018 1407 3056 U
1588 3020 1696 3060 solet
1718 3020 1832 3062 KM:

91 3061 228 3100 solent
250 3062 332 3100 NP
348 3064 452 3115 (non
476 3063 631 3104 CEFU
646 3065 784 3117 Mon.)

150 3117 251 3154 1182
273 3129 305 3155 11
960 3138 983 3171 S
