2176 3424
1035 128 1310 176 ISIDOR1

203 267 265 318 19
287 269 422 300 nunc
459 252 663 316 quidam
703 270 967 313 eversores,
1006 271 1110 302 non
1142 257 1425 304 defensores
1463 256 1689 306 existunt.
1764 258 2041 307 Numerarii

196 352 264 387 20
287 334 448 383 vocati
474 345 602 394 sunt,
630 335 746 398 quia
770 335 1027 398 publicum
1053 353 1315 384 nummum
1340 337 1535 386 aerariis
1556 340 1785 388 inferunt.
1847 334 2040 400 Funcffi,

285 417 350 464 ab
375 433 435 465 eo
460 418 598 479 quod
630 418 895 480 fungantur
921 416 1084 467 officio
1117 427 1164 466 et
1197 419 1387 467 honore
1419 421 1586 483 aliquo
1612 420 1745 469 dicti.
1822 421 1959 470 Hinc
1992 432 2041 471 et

285 497 548 547 defunctos
573 508 794 547 mortuos
821 498 1046 558 dicimus,
1075 498 1159 561 qui
1184 502 1540 563 conpleverunt
1559 501 1687 551 vitae
1704 503 1864 551 officia
1882 522 1894 563 3
1919 503 2041 552 nihil

208 590 264 624 21
285 579 418 628 enim
452 580 550 629 iam
583 581 784 631 faciunt.
859 581 1141 645 Municipes
1172 591 1286 630 sunt
1318 582 1369 630 in
1403 585 1582 633 eodem
1614 585 1885 648 municipio
1922 585 2037 645 nati,
2064 601 2087 641 5

284 662 348 710 ab
386 661 549 711 officio
586 680 847 712 munerum
887 663 1022 723 dicti,
1060 680 1120 712 eo
1158 666 1294 726 quod
1331 664 1532 727 publica
1568 665 1740 713 munia
1774 664 2037 729 accipiunt.

287 744 464 792 Munia
512 744 644 793 enim
695 744 855 794 officia
903 755 1031 793 sunt.
1106 747 1255 794 Vnde
1297 755 1345 794 et
1393 747 1622 796 inmunes
1666 747 1911 806 dicuntur,
1955 747 2040 810 qui

195 840 260 874 22
283 827 475 874 nullum
500 837 675 890 gerunt
701 826 932 875 officium.
990 826 1323 890 Municipales
1342 828 1600 892 originales
1625 829 1756 879 cives
1781 839 1829 878 et
1854 829 1905 878 in
1929 832 2040 879 loco

197 926 261 972 23
284 908 501 956 officium
527 918 764 971 gerentes.
821 908 1129 958 Decuriones
1155 909 1288 969 dicti,
1311 912 1449 972 quod
1475 910 1571 960 sint
1591 913 1654 960 de
1671 911 1845 961 ordine
1861 911 2036 960 curiae.

285 989 518 1039 Officium
545 990 677 1039 enim
704 990 867 1039 curiae
892 990 1249 1039 administrant.
1312 993 1461 1041 Vnde
1485 1009 1588 1041 non
1613 1003 1686 1042 est
1711 993 1926 1052 decurio,
1956 992 2039 1056 qui
2066 1007 2115 1036 10

195 1084 261 1132 24
283 1088 530 1120 summam
556 1089 659 1120 non
696 1071 859 1121 intulit
895 1075 972 1121 vel
1005 1074 1190 1121 curiam
1224 1073 1543 1137 participavit.
1619 1074 1839 1125 Curiales
1871 1084 2038 1124 autem

283 1152 416 1202 idem
438 1164 485 1202 et
511 1154 817 1203 decuriones.
895 1157 960 1203 Et
985 1154 1103 1203 dicti
1130 1155 1349 1216 curiales,
1379 1156 1494 1219 quia
1519 1156 1679 1205 civilia
1703 1174 1908 1206 munera
1932 1174 2039 1220 pro-

195 1247 259 1296 25
285 1246 457 1284 curant
490 1246 538 1284 et
576 1246 900 1300 exequuntur.
974 1236 1286 1300 Principales,
1324 1238 1590 1301 magistrati
1625 1249 1671 1288 et
1705 1239 2036 1288 duumvirales

283 1317 540 1366 curialium
567 1318 841 1367 officiorum
867 1318 1065 1367 ordines
1091 1329 1217 1367 sunt.
1272 1318 1573 1383 Principales
1588 1320 1722 1380 dicti,
1741 1322 1876 1383 quod
1893 1321 2036 1384 primi

190 1404 259 1450 26
284 1399 380 1448 sint
406 1400 784 1463 magistratibus.
842 1400 1119 1464 Magistrati
1144 1418 1271 1459 vero,
1302 1403 1436 1464 quod
1463 1402 1671 1451 maiores
1699 1412 1812 1451 sunt
1837 1402 2035 1466 reliquis
2061 1417 2109 1459 15

193 1498 257 1546 27
283 1481 468 1531 officiis.
543 1483 891 1532 Duumvirales
921 1499 944 1526 *
975 1501 1013 1529 *.
1086 1483 1315 1531 Tabellio
1340 1493 1542 1532 vocatus
1569 1500 1629 1532 eo
1663 1486 1799 1546 quod
1833 1483 1894 1532 sit
1929 1501 2037 1547 por-

282 1562 396 1612 titor
435 1563 740 1613 tabellarum.
841 1566 985 1614 Idem
1025 1574 1270 1628 exceptor,
1315 1565 1448 1613 idem
1493 1575 1539 1614 et
1589 1565 1748 1615 scriba
1789 1565 2030 1629 publicus,

193 1651 259 1698 28
282 1647 398 1708 quia
433 1662 492 1695 ea
528 1655 735 1706 tantum,
775 1663 903 1710 quae
938 1646 1086 1710 gestis
1130 1646 1458 1709 publicantur,
1498 1647 1677 1696 scribit.
1752 1647 1971 1711 Burgarii
2006 1666 2036 1696 a

283 1726 447 1791 burgis
473 1727 606 1788 dicti,
636 1728 752 1791 quia
777 1728 947 1778 crebra
979 1745 1066 1791 per
1101 1727 1281 1776 limites
1315 1728 1597 1777 habitacula
1622 1729 1891 1778 constituta
1928 1730 2035 1778 bur-

280 1826 368 1872 gos
398 1811 545 1873 vulgo
578 1819 770 1859 vocant.
845 1812 993 1858 Vnde
1031 1819 1078 1858 et
1113 1809 1527 1872 Burgundionum
1557 1812 1715 1873 gentis
1747 1827 1934 1859 nomen
1967 1810 2035 1858 in-
2059 1828 2111 1856 ιο

281 1889 452 1951 haesit,
492 1907 618 1954 quos
654 1892 911 1954 quondam
948 1891 1154 1939 subacta
1196 1891 1464 1940 Germania
1500 1890 1719 1940 Romani
1755 1909 1841 1954 per
1877 1901 2034 1940 castra

185 1986 255 2033 29
279 1970 644 2036 disposuerunt,
673 1982 823 2036 atque
847 1972 915 2021 ita
939 1989 1126 2021 nomen
1152 1989 1211 2020 ex
1235 1972 1355 2021 locis
1382 1982 1710 2036 sumpserunt.
1774 1972 2032 2036 Collegiati

280 2053 525 2114 dicuntur,
554 2057 691 2119 quod
717 2072 776 2104 ex
801 2073 972 2104 eorum
1003 2054 1213 2118 collegio
1247 2054 1584 2119 custodiisque
1609 2057 1922 2118 deputentur,
1947 2055 2032 2118 qui

280 2136 470 2185 facinus
495 2136 699 2200 aliquod
725 2137 1095 2187 commiserunt.
1170 2139 1259 2185 Est
1293 2137 1426 2185 enim
1457 2136 1850 2186 sordidissimum
1876 2153 2030 2199 genus

186 2242 255 2288 30
279 2218 541 2268 hominum
575 2229 711 2283 patre
741 2219 930 2268 incerto
962 2219 1288 2283 progenitum.
1353 2219 1533 2267 Privati
1567 2229 1680 2278 sunt
1717 2218 1931 2268 extranei
1966 2219 2030 2267 ab
2055 2233 2105 2275 ¹5

279 2300 451 2348 officiis
488 2301 713 2364 publicis.
790 2303 879 2350 Est
911 2303 1044 2350 enim
1084 2317 1269 2350 nomen
1308 2299 1642 2364 magistratum
1682 2299 1884 2349 habenti
1917 2317 2031 2349 con-

279 2381 493 2443 trarium,
535 2394 582 2432 et
619 2383 738 2433 dicti
775 2383 948 2447 privati
985 2385 1123 2446 quod
1160 2383 1258 2431 sint
1293 2382 1357 2431 ab
1394 2382 1566 2431 officiis
1602 2381 1765 2431 curiae
1799 2382 2027 2431 absoluti.

338 2527 355 2551 1
388 2515 520 2566 nunc]
542 2527 636 2553 cum
661 2514 711 2553 Cl
860 2526 1084 2553 aversores
1106 2511 1152 2550 K
1170 2513 1271 2564 (non
1291 2512 1351 2563 A)
1495 2512 1731 2551 Numinarii
1751 2510 1797 2549 K
1815 2512 1917 2562 (non
1936 2505 1999 2558 Α)
2018 2527 2026 2552 :

281 2569 404 2607 Nune
425 2569 580 2608 aerarii
600 2568 642 2606 Β
798 2582 822 2607 2
843 2582 884 2608 n.
905 2569 1059 2607 aerarii
1081 2567 1151 2606 K:
1181 2567 1433 2606 numerariis
1457 2566 1507 2605 Cl
1671 2579 1696 2616 3
1726 2567 1925 2615 fungatur
1945 2565 2033 2606 KT

281 2624 405 2662 officii
428 2630 470 2662 et
492 2625 533 2662 h.
562 2623 621 2662 T:
653 2623 836 2662 officium
857 2636 989 2662 exore
1013 2624 1237 2674 (suprascr.
1259 2622 1307 2672 h)
1330 2620 1377 2659 K
1481 2624 1507 2660 6
1536 2621 1776 2672 munerum]
1799 2621 1962 2660 numeri
1985 2621 2031 2660 K

281 2679 382 2729 (non
396 2678 458 2730 A)
547 2692 597 2716 eo
616 2679 725 2728 quod
747 2691 828 2718 om.
845 2677 892 2717 K
906 2681 1009 2728 (non
1021 2678 1083 2729 A)
1169 2676 1379 2727 publicam
1402 2676 1452 2715 Cl
1538 2689 1622 2714 mu.
1646 2677 1760 2715 enim
1781 2688 1849 2725 pu.
1864 2674 2025 2724 K(non

278 2733 341 2782 A)
428 2733 640 2784 accipiant
661 2732 702 2770 Β
784 2746 870 2772 acc.
894 2746 978 2772 mu.
1003 2746 1070 2772 en.
1096 2744 1179 2770 om.
1203 2729 1274 2770 K:
1303 2744 1390 2769 acc.
1412 2743 1495 2770 mu.
1519 2744 1601 2770 om.
1625 2729 1667 2768 A
1780 2731 1805 2768 8
1835 2729 1961 2768 nullis
1981 2743 2021 2780 g.

280 2787 430 2827 officiis
454 2786 494 2827 T
614 2787 754 2826 locum
774 2786 854 2826 BC
857 2788 895 2827 T
1041 2800 1089 2825 12
1118 2785 1276 2837 civilia]
1299 2785 1471 2825 curialia
1489 2784 1690 2824 Schwarz
1847 2797 1896 2834 13
1925 2797 2023 2824 exe-

278 2849 439 2892 guntur
469 2841 546 2882 C1:
577 2848 842 2881 exercuntur
869 2841 916 2880 K
1213 2836 1471 2879 dumvirales
1500 2853 1555 2878 ex
1584 2839 1652 2879 K:
1682 2840 1780 2878 dum
1813 2838 1956 2878 civiles
1986 2839 2028 2877 B

284 2910 333 2947 14
363 2892 512 2936 ordine
532 2895 582 2934 ‘K
718 2909 766 2946 15
795 2897 950 2936 maiore
970 2896 1011 2934 Β
1119 2897 1206 2935 sint
1227 2893 1274 2932 K
1290 2895 1391 2946 (non
1411 2894 1526 2946 ΑΗ)
1681 2896 1729 2931 16
1761 2892 2024 2939 Dumvirales

283 2951 383 2990 CT:
414 2965 497 2992 om.
516 2950 562 2989 K
575 2951 682 3001 (non
699 2951 812 3002 ΑΗ)
1034 2950 1169 3001 port.]
1191 2949 1339 2988 fortior
1355 2948 1402 2987 K
1653 2961 1700 2997 17
1731 2946 1963 3000 tabularum
1976 2948 2026 2993 'B

279 3012 453 3056 sceptor
472 3005 562 3044 ΒΚ
566 3005 604 3044 T
709 3011 751 3044 et
772 3019 854 3046 om.
877 3004 926 3044 Κ
1070 3005 1118 3043 18
1146 3004 1218 3054 qui
1240 3017 1290 3042 ea
1311 3003 1358 3041 K
1361 3004 1399 3042 T
1508 3011 1511 3013 “
1557 3015 1610 3042 20
1637 3000 2022 3052 burgundionoruin

279 3060 421 3109 genti*
447 3062 460 3106 (
467 3061 541 3099 -tis
560 3058 636 3110 K2)
659 3058 707 3098 K
812 3074 863 3098 22
893 3061 951 3099 ita
981 3071 1064 3099 om.
1087 3058 1134 3098 K
1265 3060 1319 3096 26
1347 3058 1640 3108 magistrarum
1665 3059 1783 3109 (corr.
1805 3055 2027 3107 -0rum)*B

281 3124 332 3164 27
362 3113 431 3154 off.
456 3120 498 3154 et
518 3114 630 3154 euris
650 3112 779 3154 soluti
803 3113 952 3165 (delet.)
973 3114 1062 3153 abs.
1085 3112 1133 3152 K
