2228 3444
70 104 81 121 ⁴
385 87 1016 142 ETYMOLOGIARVM
1055 86 1185 132 LIB.
1226 84 1344 130 VII.
1385 82 1479 142 viii,
1519 85 1565 130 ix

60 158 73 272 li
98 225 148 274 id
183 232 257 273 est
295 227 477 282 Petrus,
518 221 644 269 filius
684 219 745 268 sit
786 214 1037 274 Iohannis,
1072 214 1204 262 iuxta
1236 213 1368 261 illam
1407 211 1838 275 interrogationem

53 314 61 367 j
97 306 228 370 (Ioh.
251 323 274 353 2
287 323 324 364 1,
344 303 444 369 15):
475 302 666 352 ‘Simon
683 298 934 358 Iohannis,
952 296 1111 360 diligis
1127 312 1207 345 me
1222 297 1262 344 ?'
1296 304 1344 344 et
1358 296 1529 343 volunt
1546 292 1838 356 scriptorum

52 390 53 393 ’
97 386 215 436 vitio
241 389 572 450 depravatum,
593 392 645 431 ut
670 398 758 446 pro
777 380 1183 437 Bar—Iohannem,
1208 379 1304 426 hoc
1320 386 1393 426 est
1410 375 1564 424 filium
1583 374 1835 430 Iohannis,

99 467 308 517 Barione
345 466 579 530 scriptum
623 465 698 523 sit,
737 480 835 512 una
873 463 1093 510 detracta
1131 459 1328 524 syllaba.
1403 459 1630 506 Iohanna
1671 465 1837 504 autem

51 558 73 599 5
98 549 437 612 interpretatur
486 545 691 596 Domini
737 543 900 609 gratia.
976 545 1039 591 Et
1077 541 1225 591 fuisse
1273 543 1472 589 Petrum
1520 537 1836 587 trinomium:
1861 539 1897 586 6

97 633 310 690 Petrum,
350 631 571 693 Cephan,
609 636 657 676 et
691 626 863 676 Simon
899 624 1137 673 Bariona:
1175 622 1346 672 Simon
1381 630 1549 670 autem
1588 618 1839 669 Hebraice

96 711 437 776 interpretatur
460 709 679 759 audiens.
741 709 914 756 Saulus
942 706 1176 755 Hebraeo
1197 721 1424 754 sermone
1439 701 1699 766 temptatio
1724 700 1840 750 dici·
1864 714 1893 764 7

98 802 187 853 tur,
215 810 274 842 eo
299 794 434 856 quod
459 791 590 855 prius
615 792 666 838 in
690 790 1014 854 temptatione
1049 787 1301 836 Ecclesiae
1332 786 1391 834 sit
1425 794 1656 834 versatus.
1731 786 1841 831 Per-

99 884 292 924 secutor
317 874 449 923 enim
475 883 605 922 erat:
643 872 759 921 inde
786 888 972 920 nomen
996 870 1148 919 habet
1179 869 1324 929 istud,
1355 869 1557 931 quando
1582 883 1841 930 perseque-

18 968 75 997 ‘10
99 957 238 1005 batur
264 955 582 1007 Christianos.
658 958 836 1003 Postea
867 962 1057 1001 mutato
1083 953 1285 1000 nomine
1315 952 1378 1000 de
1409 951 1558 999 Saulo
1583 951 1741 997 factus
1767 957 1840 997 est
1865 950 1895 996 8

98 1040 291 1098 Paulus,
330 1039 466 1101 quod
502 1038 844 1099 interpretatur
882 1033 1131 1094 mirabilis,
1170 1034 1271 1082 sive
1307 1034 1505 1081 electus.
1581 1029 1838 1090 Mirabilis,

97 1121 172 1167 vel
196 1121 308 1182 quia
335 1121 488 1167 multa
508 1119 643 1182 signa
659 1117 787 1177 fecit,
807 1119 882 1165 vel
908 1115 1023 1179 quia
1040 1116 1103 1163 ab
1125 1116 1312 1163 oriente
1337 1131 1493 1176 usque
1517 1114 1581 1162 ad
1607 1129 1838 1161 occasum

97 1201 402 1264 evangelium
429 1200 611 1251 Christi
638 1200 687 1247 in
713 1198 944 1248 omnibus
973 1197 1202 1262 gentibus
1235 1195 1547 1260 praedicavit.
1624 1197 1837 1254 Electus,
1865 1210 1899 1257 9

98 1282 221 1331 sicut
260 1283 310 1330 in
346 1283 553 1331 Actibus
596 1283 932 1346 apostolorum
982 1281 1188 1343 Spiritus
1231 1287 1428 1327 sanctus
1478 1277 1596 1326 dicit
1636 1276 1736 1341 (13,
1760 1275 1839 1340 2):

26 1372 72 1413 ¹5
101 1366 389 1428 ‘Segregate
415 1364 534 1412 mihi
563 1364 824 1413 Barnaban
851 1373 898 1411 et
926 1363 1133 1410 Paulum
1160 1362 1223 1410 ad
1249 1377 1387 1424 opus,
1417 1361 1552 1423 quod
1579 1359 1702 1422 elegi
1723 1361 1839 1408 eos.⁷

99 1446 276 1496 Latino
299 1457 464 1496 autem
491 1464 717 1496 sermone
739 1448 919 1494 Paulus
945 1462 973 1493 a
998 1444 1198 1493 modico
1219 1445 1392 1502 dictus,
1413 1444 1545 1491 unde
1573 1451 1619 1490 et
1645 1441 1748 1505 ipse
1773 1441 1840 1489 ait

97 1529 142 1593 (1
165 1530 278 1579 Cor.
305 1544 375 1592 15,
398 1530 448 1594 9)
473 1549 480 1577 ε
535 1531 673 1592 ‘Ego
715 1537 880 1577 autem
930 1545 1037 1576 sum
1088 1525 1321 1574 minimus
1370 1524 1594 1573 omnium
1644 1533 1840 1587 aposto-

97 1612 285 1660 lorum‚’
339 1613 556 1673 Quando
572 1611 703 1661 enim
724 1612 912 1670 Saulus,
936 1609 1189 1672 superbus,
1210 1610 1364 1657 elatus
1385 1626 1396 1668 3
1422 1608 1623 1670 quando
1642 1608 1835 1666 Paulus,

98 1692 309 1753 humilis,
338 1693 575 1742 modicus.
652 1694 776 1741 Ideo
803 1691 871 1740 sic
896 1691 1171 1754 loquimur:
1214 1691 1391 1753 ‘paulo
1418 1699 1528 1752 post
1554 1688 1734 1738 videbo
1760 1692 1839 1748 te,'
1862 1703 1921 1738 10

24 1785 74 1813 ²0
95 1775 145 1822 id
171 1784 243 1823 est
269 1785 379 1838 post
405 1775 669 1823 modicum.
728 1777 856 1823 Nam
877 1774 991 1837 quia
1017 1773 1242 1823 modicus
1266 1775 1422 1821 factus
1447 1781 1533 1831 est,
1562 1770 1665 1834 ipse
1691 1771 1839 1821 dicit:

99 1858 238 1919 ‘Ego
273 1856 405 1905 enirn
442 1873 550 1904 surn
587 1856 882 1904 novissimus
920 1854 1184 1922 [omnium]
1210 1856 1578 1919 apostolorum‚'
1612 1864 1660 1902 et
1689 1854 1835 1917 (Eph.

98 1955 140 2001 3,
162 1938 242 2003 8):
284 1938 443 1986 ‘Mihi
480 1938 687 1986 minimo
717 1939 940 1986 omniurn
974 1939 1286 1986 sanctorum.'
1357 1938 1554 1999 Cephas
1588 1945 1752 1984 autem
1791 1946 1839 1985 et

96 2021 270 2069 Saulus
306 2019 419 2069 ideo
457 2029 645 2068 mutato
681 2021 883 2067 nomine
917 2029 1031 2067 sunt
1063 2018 1237 2078 vocati,
1267 2028 1319 2066 ut
1349 2026 1512 2066 essent
1545 2016 1692 2065 etiam
1731 2017 1838 2080 ipso

97 2101 299 2150 nomine
336 2101 462 2160 novi,
504 2101 628 2150 sicut
664 2102 916 2149 Abraham
954 2110 1001 2149 et
1039 2103 1190 2149 Sarra.
1264 2101 1489 2148 Andreas
1526 2100 1670 2147 frater
1708 2099 1837 2148 Petri
1860 2116 1905 2151 11

23 2196 72 2236 25
95 2199 254 2243 carne,
282 2192 329 2232 et
359 2184 590 2231 cohaeres
623 2183 787 2246 gratia.
860 2184 1145 2232 Secundum
1177 2182 1462 2231 Hebraeam
1490 2182 1836 2245 etymologiam

94 2265 435 2328 interpretatur
459 2267 680 2326 decorus,
707 2265 807 2314 sive
832 2266 1135 2329 respondens
1155 2283 1168 2325 3
1202 2281 1427 2313 sermone
1452 2274 1618 2313 autem
1646 2266 1837 2314 Graeco

95 2363 123 2394 a
146 2346 249 2395 viro
274 2346 420 2395 virilis
444 2348 731 2410 appellatur.
803 2349 1052 2396 Iohannes
1078 2348 1296 2409 quodam
1322 2346 1552 2395 vaticinio
1579 2364 1636 2395 ex
1663 2347 1836 2395 merito
1860 2362 1913 2396 12

150 2489 174 2513 2
202 2477 450 2525 scripturam
470 2477 527 2516 vi.
549 2478 818 2527 depravatam
842 2476 881 2513 Β
1022 2490 1046 2526 3
1081 2489 1156 2525 pro
1177 2490 1258 2515 om.
1285 2474 1354 2515 K:
1383 2489 1461 2526 per
1486 2477 1523 2515 T
1699 2477 1835 2516 bario—

97 2531 237 2570 hanna
258 2530 298 2567 Β
318 2546 326 2569 :
354 2532 471 2570 vario
492 2532 714 2570 iohannam
741 2531 778 2570 T
940 2531 1051 2570 filius
1072 2530 1112 2568 Β
1223 2545 1247 2580 4
1277 2531 1453 2569 bariona
1473 2530 1562 2568 ΒΚ
1680 2544 1704 2581 5
1734 2533 1832 2571 trin.

95 2585 265 2624 Petrum
288 2599 373 2625 om.
401 2586 438 2624 T
541 2589 567 2624 6
596 2593 742 2636 petrus
757 2586 938 2635 caephas
952 2585 998 2624 K
1078 2592 1120 2625 et
1138 2586 1282 2625 Simon
1304 2599 1386 2625 om.
1404 2585 1446 2622 Β
1556 2599 1576 2636 7
1610 2586 1744 2626 dictus
1764 2586 1805 2623 Β
1827 2602 1836 2625 :

94 2640 232 2678 dictus
254 2646 320 2679 est
340 2640 385 2678 K
403 2642 505 2691 (non
526 2641 587 2693 A)
817 2643 842 2679 8
873 2641 1051 2680 ecclesia
1071 2639 1112 2676 Β
1290 2646 1564 2679 conversatus
1584 2639 1626 2677 B
1647 2643 1750 2692 (non
1770 2642 1833 2685 A)

94 2701 410 2744 persecutorem
430 2694 486 2732 Β1
597 2709 624 2746 9
642 2694 760 2748 inde]
783 2695 877 2735 ideo
891 2696 932 2733 A
1045 2695 1227 2735 habebat
1250 2695 1284 2734 C
1393 2709 1443 2733 12
1473 2696 1543 2745 qui
1563 2696 1614 2734 ab
1641 2697 1678 2735 T
1782 2696 1835 2734 ad

95 2762 177 2789 om.
194 2749 240 2787 K
323 2763 371 2798 14
391 2762 507 2789 sanc.
532 2750 634 2800 spir.
657 2750 694 2788 T
771 2751 925 2789 dicitur
942 2749 998 2787 Β1
1098 2762 1143 2799 15
1163 2750 1294 2802 quod]
1318 2750 1372 2789 ad
1389 2752 1501 2800 quod
1519 2749 1559 2787 Β
1655 2752 1702 2788 16
1722 2750 1764 2801 a]
1781 2751 1835 2789 ad

95 2802 136 2840 Β
216 2804 372 2856 dictus]
391 2803 625 2855 appellatus
645 2804 691 2842 K
800 2819 849 2856 19
871 2806 934 2844 De
956 2818 1007 2844 eo
1027 2804 1120 2843 ΑΚ
1225 2805 1414 2854 loquitur
1428 2804 1475 2843 K
1581 2818 1632 2843 20
1652 2818 1746 2843 nam
1763 2834 1773 2844 .
1793 2835 1802 2844 .
1823 2835 1834 2845 .

95 2865 337 2899 sanctorum
357 2872 437 2899 om.
459 2858 505 2897 K
523 2861 627 2912 (non
647 2859 710 2910 A)
822 2874 870 2898 21
903 2860 1015 2899 enim
1036 2859 1151 2912 sum]
1175 2860 1370 2899 minimus
1396 2860 1433 2899 T
1538 2860 1720 2897 omnium
1740 2860 1832 2900 lzab.

99 2911 196 2951 CT:
215 2927 297 2955 om.
320 2912 407 2952 ΑΒ
517 2928 567 2953 22
588 2913 748 2966 autem]
770 2915 881 2954 enim
909 2915 946 2954 T
960 2914 1064 2965 (non
1084 2913 1146 2964 A)
1259 2927 1311 2964 24
1332 2915 1432 2954 novi
1453 2926 1534 2952 om.
1560 2912 1621 2950 Kl
1640 2928 1648 2952 :
1669 2914 1753 2953 nivi
1774 2913 1836 2952 K2

98 2978 150 3016 25
178 2979 326 3007 carnes
348 2968 398 3008 Cl
622 2970 784 3019 gratiae
807 2969 842 3008 C
1058 2971 1111 3008 26
1141 2969 1443 3020 interpretatur
1461 2982 1543 3007 om.
1567 2967 1625 3006 Κ1
1648 2969 1751 3021 <non
1771 2969 1837 3024 A)

99 3034 148 3070 27
178 3022 296 3074 app.]
315 3029 492 3063 vocatur
512 3022 558 3062 K
574 3022 678 3074 (non
700 3023 762 3075 A)
927 3025 1094 3074 quidam
1118 3022 1158 3060 Β
