2176 3424
1080 117 1167 163 ISI
1177 115 1351 164 DORI

253 270 307 319 15
331 258 402 298 ter
428 248 620 296 missus.
696 248 892 295 Sextula
918 245 993 294 bis
1019 242 1383 312 adsum[ma]ta
1409 246 1623 294 duellam
1645 245 1759 294 facit
1782 264 1794 306 3
1830 255 1900 294 ter
1926 247 2085 309 posita

247 343 306 390 16
333 340 560 379 staterem
589 328 765 378 reddit.
840 329 997 376 Stater
1022 336 1188 376 autem
1210 326 1450 376 medietas
1477 327 1652 376 unciae
1677 337 1763 386 est,
1792 329 2083 390 adpendens

329 428 505 462 aureos
541 421 671 471 tres;
708 412 841 459 unde
880 419 927 459 et
967 418 1169 458 vocatus
1208 418 1356 458 stater
1392 411 1528 472 quod
1571 409 1725 458 tribus
1765 410 1933 459 solidis
1973 419 2082 460 stet.

333 497 478 544 Haec
503 503 552 543 et
577 491 845 552 semuncia,
875 491 990 555 quia
1018 491 1165 540 semis
1190 492 1341 540 habet
1367 493 1430 540 de
1450 493 1607 540 uncia.
1685 494 1828 540 Haec
1853 501 1901 540 et
1921 494 2085 541 semis-

256 589 309 638 17
334 577 416 637 sis,
433 576 547 640 quia
573 574 806 639 ponderis
827 573 974 623 semis
1001 583 1087 633 est,
1111 573 1251 636 quasi
1278 573 1424 622 semis
1445 575 1579 622 assis.
1621 575 1961 634 Quadrantem
1987 576 2086 622 He·
2111 591 2133 631 5

335 660 469 708 braei
507 657 728 707 similiter
765 658 1052 706 codrantem
1090 664 1270 704 vocant
1288 674 1301 717 3
1344 665 1391 704 et
1428 665 1631 704 vocatur
1663 657 1910 718 quadrans
1949 657 2085 719 quod

259 746 311 793 18
336 741 511 790 unciae
538 748 760 804 quartam
787 747 976 802 partem
1003 739 1298 800 adpendeat.
1373 737 1515 797 Sicel,
1542 737 1626 800 qui
1654 737 1833 785 Latino
1859 754 2086 786 sermone

335 823 482 873 siclus
507 830 735 885 corrupte
761 822 1046 885 appellatur,
1078 820 1368 868 Hebraeum
1403 836 1587 868 nomen
1625 828 1712 879 est,
1741 819 1928 868 habens
1953 820 2085 882 apud

335 923 419 955 eos
436 906 611 954 unciae
627 905 839 968 pondus.
891 904 1043 966 Apud
1065 901 1269 950 Latinos
1295 911 1459 950 autem
1486 910 1534 950 et
1552 903 1769 950 Graecos
1790 909 1962 963 quarta
1977 917 2086 963 pars

334 987 510 1037 unciae
527 995 600 1036 est
621 995 667 1035 et
689 984 878 1034 stateris
900 983 1157 1044 medietas,
1178 985 1404 1047 dragmas
1420 984 1711 1046 adpendens
1739 984 1875 1031 duas.
1938 983 2086 1031 Vnde
2113 997 2162 1026 10

334 1086 448 1118 curn
486 1068 536 1116 in
574 1067 743 1116 litteris
775 1066 953 1116 divinis
991 1067 1178 1129 legatur
1216 1065 1376 1123 siclus,
1406 1065 1552 1113 uncia
1590 1074 1698 1124 est3
1734 1081 1847 1112 cum
1886 1080 2000 1112 vero
2037 1063 2086 1111 in

251 1163 309 1209 19
334 1150 606 1215 gentilium,
636 1158 809 1212 quarta
833 1165 943 1212 pars
971 1149 1146 1196 unciae
1173 1155 1258 1196 est.
1333 1146 1493 1195 Vncia
1527 1146 1660 1195 dicta
1693 1147 1829 1209 quod
1855 1145 2087 1194 universi-

336 1242 487 1282 tatem
515 1231 762 1280 minorum
788 1230 1067 1293 ponderum
1094 1246 1182 1278 sua
1208 1228 1396 1277 unitate
1415 1228 1610 1289 vinciat,
1630 1228 1680 1276 id
1697 1236 1770 1277 est
1790 1230 2085 1290 conplectat.

337 1317 546 1365 Constat
582 1323 747 1362 autem
781 1311 994 1375 dragmis
1025 1321 1153 1370 octo,
1192 1312 1242 1360 id
1273 1321 1347 1360 est
1378 1309 1600 1373 scripulis
1632 1309 1801 1373 viginti
1840 1318 2084 1372 quattuor.

339 1398 491 1458 Quod
517 1394 725 1459 proinde
752 1393 1026 1457 legitimum
1053 1394 1250 1456 pondus
1271 1393 1493 1451 habetur,
1516 1392 1631 1455 quia
1652 1407 1885 1439 numerus
1911 1391 2089 1453 scripu·
2115 1405 2160 1446 15

338 1481 497 1527 lorum
525 1477 628 1526 eius
656 1478 800 1524 horas
826 1475 925 1524 diei
952 1476 1213 1538 noctisque
1247 1474 1458 1533 metitur,
1487 1475 1563 1522 vel
1594 1473 1708 1536 quia
1738 1473 1911 1522 libram
1943 1471 2088 1522 efficit

245 1578 313 1614 20
338 1560 609 1610 duodecies
647 1567 959 1622 conputatus.
1037 1557 1184 1606 Libra
1221 1557 1488 1606 duodecim
1527 1555 1684 1604 unciis
1714 1554 1992 1618 perficitur3
2042 1563 2089 1602 et

338 1644 454 1691 inde
491 1642 701 1690 habetur
733 1639 935 1704 perfecti
974 1639 1208 1703 ponderis
1244 1656 1399 1702 genus
1437 1638 1552 1702 quia
1590 1647 1662 1687 tot
1699 1646 1893 1686 constat
1933 1635 2089 1684 unciis

339 1733 459 1787 quot
495 1722 749 1772 mensibus
783 1738 957 1770 annus.
1035 1721 1181 1769 Dicta
1211 1730 1376 1769 autem
1407 1720 1531 1769 libra
1567 1721 1703 1783 quod
1741 1719 1802 1768 sit
1838 1718 2003 1773 libera,
2043 1727 2090 1766 et

258 1824 314 1858 21
339 1815 520 1855 cuncta
553 1804 678 1853 intra
715 1820 766 1853 se
802 1804 1024 1866 pondera
1063 1804 1314 1866 praedicta
1352 1803 1629 1851 concludat.
1707 1800 1847 1848 Mina
1883 1800 1933 1847 in
1971 1816 2088 1863 pon-
2116 1814 2168 1842 20

341 1887 540 1937 deribus
579 1894 778 1935 centum
818 1884 1032 1948 dragmis
1069 1883 1396 1946 adpenditur3
1433 1892 1480 1931 et
1517 1891 1589 1932 est
1621 1898 1803 1930 nomen
1844 1883 2087 1930 Graecum

341 1969 499 2037 [quod
518 1977 630 2017 sunt
651 1967 856 2030 siliquae
878 1980 1067 2024 MDCCC,
1091 1964 1338 2014 tremisses
1356 1979 1542 2023 ccxxv,
1557 1964 1700 2012 solidi
1723 1978 1876 2021 LXXV,
1889 1971 2090 2011 stateres

253 2070 315 2106 22
341 2049 485 2117 xxv}
561 2051 829 2098 Talentum
857 2064 1108 2096 summum
1135 2063 1241 2095 esse
1268 2048 1464 2109 pondus
1485 2045 1770 2109 perhibetur
1789 2044 1840 2092 in
1860 2043 2061 2093 Graecis
2080 2062 2092 2104 3

342 2150 456 2181 nam
483 2131 604 2180 nihil
631 2140 703 2180 est
729 2132 867 2179 calco
894 2129 1071 2189 minus,
1101 2128 1222 2176 nihil
1247 2130 1434 2177 talento
1458 2127 1633 2176 maius.
1725 2126 1879 2177 Cuius
1905 2126 2089 2175 varium

341 2216 473 2279 apud
499 2214 719 2263 diversas
743 2220 914 2274 gentes
940 2212 1139 2274 pondus
1170 2210 1392 2258 habetur.
1466 2210 1616 2272 Apud
1644 2211 1900 2257 Romanos
1925 2218 2088 2257 autem
2117 2222 2176 2262 252

342 2299 582 2346 talentum
624 2310 731 2343 esse
773 2292 1084 2356 septuaginta
1125 2290 1378 2358 [duarum]
1430 2291 1680 2351 librarum,
1724 2292 1850 2338 sicut
1889 2291 2091 2338 Plautus

345 2380 516 2442 (Most.
537 2377 656 2440 644)
693 2374 923 2434 ostendit,
953 2375 1036 2437 qui
1067 2373 1133 2422 ait
1168 2375 1269 2422 duo
1302 2375 1484 2422 talenta
1518 2389 1625 2421 esse
1662 2380 1862 2420 centum
1889 2372 2092 2434 quadra-

342 2461 475 2524 ginta
495 2458 656 2507 libras.
731 2458 820 2505 Est
836 2466 1001 2505 autem
1023 2457 1196 2519 triplex
1220 2476 1228 2504 :
1266 2454 1316 2503 id
1338 2464 1410 2503 est
1428 2453 1600 2513 minor,
1622 2452 1828 2513 medius,
1853 2466 2086 2500 summus.

345 2541 513 2590 Minor
539 2537 911 2602 quinquaginta,
926 2537 1119 2586 medius
1137 2537 1446 2600 septuaginta
1465 2537 1672 2584 duarum
1694 2533 1940 2591 librarum,
1964 2548 2091 2580 sum-

255 2643 320 2690 23
345 2639 454 2672 mus
479 2630 678 2670 centum
707 2619 875 2683 viginti
904 2628 1110 2667 constat.
1187 2616 1539 2669 Centenarium
1574 2615 1765 2664 numeri
1799 2629 1983 2663 nomen
2017 2621 2088 2661 est
2112 2630 2176 2670 302

403 2766 419 2790 1
454 2759 518 2791 ter
539 2750 615 2802 m.]
635 2750 852 2788 tremissus
881 2749 917 2787 T
1035 2749 1297 2787 adsummata
1317 2745 1362 2782 K
1378 2760 1386 2784 :
1415 2745 1640 2795 adsumpta
1656 2743 1697 2781 Β
1717 2757 1726 2781 :
1757 2746 1940 2781 assumta
1967 2739 2004 2776 T
2019 2740 2086 2790 (ch

344 2806 455 2846 xxvi.
476 2809 522 2859 6)
634 2804 816 2843 duellem
847 2803 884 2841 T
988 2815 1013 2851 3
1044 2808 1095 2841 st.
1118 2815 1209 2841 voc.
1239 2801 1292 2840 T:
1324 2806 1498 2839 vocatur
1519 2804 1570 2838 st.
1596 2797 1641 2835 K
1748 2811 1772 2846 4
1803 2793 2030 2835 semiuncia
2049 2793 2090 2831 Β

346 2862 415 2900 hic
443 2860 480 2899 T
639 2860 666 2896 6
696 2858 831 2909 codr.]
855 2858 1102 2907 quadratem
1124 2855 1169 2893 K
1334 2869 1354 2904 7
1385 2855 1600 2904 adpendat
1627 2852 1664 2890 T
1779 2862 1861 2890 ser.
1885 2849 2012 2887 siclos
2031 2846 2088 2886 B¹
2172 2896 2174 2898 q

349 2929 393 2955 11
427 2916 584 2965 legitur
603 2913 690 2953 ΒΤ
798 2926 845 2962 14
876 2913 1073 2961 dragmas
1094 2911 1134 2950 B
1217 2910 1422 2960 scripulos
1444 2909 1558 2958 t-ol-)
1576 2905 1663 2944 ΒΚ
1773 2906 1821 2943 18
1850 2903 2029 2954 ponderi
2059 2901 2096 2940 T

346 2984 399 3010 20
430 2969 643 3009 concludit
671 2967 708 3006 T
841 2967 955 3005 Mina
975 2965 1044 3006 K:
1077 2966 1174 3004 Mna
1194 2964 1280 3003 BT
1452 2977 1503 3002 22
1533 2962 1642 3012 quod
1664 2966 1778 3008 sunt,
1799 2963 1883 3009 etc.,
1906 2957 1997 2996 hab.
2030 2955 2088 2995 T:
2173 3008 2176 3009 γ

346 3038 426 3065 om.
448 3023 535 3063 ΒΚ
607 3035 660 3073 23
691 3036 758 3073 po.
785 3034 881 3060 esse
903 3020 944 3058 Β
1018 3034 1068 3071 24
1098 3020 1241 3059 varius
1260 3018 1305 3056 K
1382 3031 1434 3068 25
1465 3024 1605 3057 autern
1628 3028 1709 3054 om.
1733 3013 1774 3051 Β
1853 3014 1906 3051 26
1934 3017 2000 3051 est
2021 3010 2088 3049 B:

346 3086 388 3118 et
415 3079 452 3118 T
603 3079 777 3116 duarum
798 3090 880 3116 om.
906 3074 1020 3115 Serv.
1045 3075 1103 3114 ad
1119 3075 1223 3114 Aen.
1250 3086 1375 3123 5,112
2167 3068 2176 3070 ’
