2228 3444
1053 133 1327 186 ISIDORI

509 257 729 305 Multum
766 258 978 307 nebulae
1014 257 1199 307 circum
1237 261 1331 309 dea
1366 261 1493 310 fudit
1527 261 1779 323 amictum,

208 352 278 386 20
302 355 391 401 pro
411 337 777 387 ‘circumfudit'
820 341 1074 403 Synthesis
1086 338 1216 407 [est],
1230 341 1316 390 ubi
1335 358 1394 391 ex
1410 342 1547 392 omni
1563 353 1701 407 parte
1719 345 1927 394 confusa
1946 355 2061 395 sunt

301 420 463 480 verba,
493 430 546 469 ut
571 420 692 470 illud
720 419 873 486 (Virg.
894 424 1023 472 Aen.
1044 440 1085 482 2,
1107 422 1227 488 348)
1257 443 1267 473 :

877 506 1105 566 Iuvenes,
1144 505 1409 555 fortissima
1445 508 1620 556 frustra

504 595 723 649 pectora,
762 585 802 634 si
839 585 979 635 vobis
1016 587 1236 636 audendi
1273 597 1491 638 extrema
1526 588 1710 653 cupido
1747 600 1820 639 est
2084 608 2106 648 5

503 677 634 717 certa
661 667 814 731 sequi,
855 685 983 732 quae
1020 670 1082 718 sit
1118 669 1265 718 rebus
1302 671 1499 720 fortuna
1534 671 1726 722 videtis.

504 753 772 799 Excessere
810 767 984 799 omnes
1021 750 1167 800 aditis
1203 751 1400 815 arisque
1436 753 1616 802 relictis

502 831 586 892 dii,
625 831 805 895 quibus
844 832 1088 896 inperium
1125 835 1222 882 hoc
1259 844 1489 896 steterat;
1540 835 1821 885 succurritis
1858 837 1963 886 urbi

503 915 737 963 incensae
757 933 769 975 3
824 914 1091 963 moriamur
1127 925 1175 964 et
1213 915 1262 963 in
1301 916 1466 965 media
1500 934 1636 965 arma
1671 935 1883 966 ruamus.

297 996 436 1045 Ordo
467 995 574 1044 talis
606 1006 707 1044 est:
748 1001 758 1020 ‘
780 998 994 1046 Iuvenes
1028 997 1292 1046 fortissima
1322 1008 1536 1061 pectora,
1570 1001 1743 1048 frustra
1776 1000 2055 1050 succurritis
2082 1026 2131 1054 10

296 1077 406 1126 urbi
454 1077 701 1138 incensae,
747 1078 863 1142 quia
905 1088 1222 1128 excesserunt
1261 1079 1343 1129 dii.
1417 1082 1567 1130 Vnde
1607 1080 1645 1130 si
1688 1081 1830 1131 vobis
1869 1082 2054 1147 cupido

296 1170 427 1208 certa
453 1170 526 1209 est
560 1178 639 1210 me
670 1161 810 1225 sequi
842 1163 1112 1211 audentem
1144 1155 1375 1223 extrema,
1405 1180 1603 1212 ruamus
1637 1163 1687 1211 in
1723 1164 1887 1213 media
1919 1181 2054 1213 arma

217 1253 272 1287 21
296 1251 343 1291 et
369 1242 667 1292 moriamur.⁷
751 1245 1045 1307 Hyperbole
1080 1254 1153 1294 est
1190 1247 1446 1295 excelsitas
1477 1247 1628 1295 fidem
1660 1247 1903 1296 excedens
1929 1248 2054 1296 ultra

295 1341 444 1388 quam
471 1327 778 1375 credendum
805 1336 893 1387 est,
921 1336 973 1375 ut
1001 1326 1156 1391 (Virg.
1174 1331 1302 1377 Aen.
1323 1346 1365 1391 3,
1385 1328 1504 1393 423)
1526 1348 1534 1377 :

634 1407 805 1458 Sidera
842 1409 1065 1458 verberat
1102 1411 1263 1469 unda;
2080 1428 2126 1468 15

294 1499 342 1538 et
370 1489 521 1554 (Virg.
543 1492 668 1539 Aen.
696 1509 734 1550 1,
761 1490 905 1555 107):

630 1575 835 1622 Terram
872 1573 998 1622 inter
1035 1575 1212 1623 fluctus
1247 1573 1416 1638 aperit.

291 1656 410 1703 Hoc
427 1654 560 1703 enim
582 1657 735 1704 modo
751 1657 878 1704 ultra
897 1657 1047 1705 fidem
1068 1655 1256 1720 aliquid
1282 1667 1499 1720 augetur,
1519 1674 1613 1707 nec
1629 1667 1795 1707 tamen
1811 1675 1840 1705 a
1856 1658 2049 1708 tramite

290 1735 644 1799 significandae
677 1736 891 1786 veritatis
926 1747 1124 1799 erratur,
1164 1740 1388 1801 quamvis
1423 1740 1571 1789 verba
1604 1757 1732 1804 quae
1768 1739 2049 1789 indicantur

288 1821 544 1880 excedant,
576 1829 630 1867 ut
663 1821 890 1868 voluntas
920 1820 1183 1883 loquentis,
1224 1838 1326 1869 non
1358 1821 1568 1871 fallentis
1604 1832 1851 1885 appareat.
1931 1826 2047 1885 Quo
2073 1843 2121 1870 20

287 1911 430 1963 tropo
456 1919 558 1950 non
585 1903 745 1950 solum
783 1911 988 1965 augetur
1017 1902 1220 1966 aliquid,
1249 1905 1336 1952 sed
1370 1913 1419 1952 et
1449 1903 1708 1955 minuitur:
1746 1917 1964 1970 augetur,
1994 1914 2046 1953 ut

290 1983 533 2032 ‘velocior
567 1987 702 2032 Euro
724 1987 764 2032 ²:
803 1983 1052 2045 minuitur,
1085 1994 1138 2033 ut
1181 1985 1406 2034 ‘mollior
1438 1988 1637 2049 pluma,⁷
1661 1989 1858 2038 ‘durior
1897 1989 2044 2039 saxo.’

195 2076 261 2111 22
287 2067 536 2129 Allegoria
570 2077 642 2115 est
675 2066 1063 2130 alieniloquium.
1138 2067 1290 2117 Aliud
1316 2067 1448 2116 enim
1486 2078 1643 2130 sonat,
1676 2079 1723 2119 et
1749 2071 1883 2122 aliud
1904 2072 2042 2121 intel-

284 2147 471 2211 legitur,
501 2158 554 2196 ut
582 2148 735 2212 (Virg.
757 2151 882 2197 Aen.
910 2167 948 2208 1,
973 2150 1087 2213 184)
1113 2169 1120 2197 :

623 2233 747 2279 Tres
783 2230 923 2280 litore
959 2248 1128 2280 cervos
2064 2251 2115 2291 25

621 2312 864 2375 conspicit
900 2322 1129 2362 errantes.

283 2389 383 2438 Vbi
409 2399 503 2438 tres
530 2392 683 2439 duces
712 2390 829 2439 belli
854 2391 1044 2451 Punici,
1072 2393 1149 2440 vel
1175 2391 1264 2440 tria
1303 2393 1431 2440 bella
1465 2393 1654 2442 Punica
1687 2394 2038 2459 significantur.

284 2474 347 2520 Et
373 2470 422 2519 in
451 2471 698 2521 Bucolicis
726 2473 791 2537 (3,
815 2472 898 2538 71)
920 2492 928 2521 ε

620 2557 786 2603 Aurea
823 2557 952 2604 mala
988 2557 1165 2605 decem
1203 2556 1326 2617 misi,

268 2634 331 2684 rid
371 2644 443 2684 est
481 2637 546 2684 ad
585 2638 866 2699 Augustum
905 2639 1080 2687 decem
1124 2639 1320 2702 eglogas
1361 2648 1628 2702 pastorum.
1718 2639 1884 2690 Huius
1911 2641 2038 2705 tropi
2061 2658 2112 2696 30

338 2782 355 2806 1
391 2769 526 2807 fundit
557 2769 643 2809 ΒΤ
775 2772 930 2810 amictu
962 2771 1004 2809 A
1192 2785 1217 2810 2
1247 2778 1312 2811 est
1339 2785 1421 2811 om.
1455 2773 1535 2812 BC
1713 2785 1737 2823 5
1767 2773 1965 2813 audiendi
2004 2775 2043 2814 T

282 2836 302 2872 7
335 2837 586 2863 excrescere
609 2825 647 2863 T
723 2826 1004 2876 ad.au1·isque
1027 2826 1081 2865 T:
1111 2828 1179 2867 ad.
1196 2827 1402 2876 aditisque
1418 2827 1480 2866 B:
1509 2827 1795 2877 aditisqueA1
1911 2841 1955 2867 11
1980 2830 2036 2868 dii

278 2879 429 2928 quibus
445 2880 525 2918 hoc
542 2879 762 2930 imperium
780 2886 958 2920 steterat
974 2882 1088 2920 unde
1107 2881 1148 2919 Β
1299 2895 1347 2920 12
1377 2882 1618 2922 audientem
1642 2883 1680 2921 T
1821 2895 1868 2933 15
1898 2885 2034 2923 undas

284 2933 370 2972 TC1
531 2937 580 2974 18
610 2948 706 2985 aug.
722 2935 790 2974 ali.
807 2935 847 2973 Β
1007 2949 1056 2986 19
1085 2949 1167 2986 qua
1184 2936 1395 2976 indicatur
1410 2936 1509 2977 Blc
1655 2950 1703 2975 21
1738 2938 1812 2977 sed
1828 2943 1871 2977 et
1883 2938 2033 2978 minuit

277 2987 339 3024 Α1
370 3042 409 3081 T
527 3002 580 3028 22
612 3003 713 3029 euro
734 2990 859 3029 ΑΒΕ
878 2991 945 3044 (ex
961 3004 1064 3030 auro
1086 2992 1159 3044 a):
1188 3004 1290 3030 aura
1319 2991 1356 3030 T
1540 3005 1591 3042 27
1622 2991 1916 3043 significantur
1936 2998 2030 3033 ante

277 3043 343 3081 vel
