2228 3444
61 1057 110 1085 10

62 1878 110 1904 20

439 164 1071 214 ETYMOLOGIARVM
1112 164 1241 212 LIB.
1283 165 1371 211 VI.
1413 163 1568 211 xii-xv

129 305 291 345 autem
315 313 343 343 a
362 296 630 358 pendendo
650 305 836 355 vocata,
857 294 907 344 id
926 303 1000 343 est
1020 295 1248 343 volando.
1301 296 1389 342 Est
1410 295 1556 353 enim,
1576 303 1628 342 ut
1648 293 1874 353 diximus,

130 377 309 426 avium.
381 379 421 425 F
422 376 548 426 oliae
573 386 738 426 autem
772 376 1006 426 librorum
1041 378 1315 440 appellatae
1342 375 1442 425 sive
1468 393 1527 426 ex
1552 375 1876 427 similitudine
1901 384 1935 430 6

131 458 358 507 foliorum
383 458 629 518 arborum,
658 476 744 507 seu
771 458 886 522 quia
911 475 969 507 ex
994 458 1192 507 follibus
1220 459 1358 518 fiunt,
1385 457 1436 507 id
1466 467 1539 507 est
1565 475 1623 506 ex
1649 457 1876 521 pellibus,

133 539 216 603 qui
249 542 311 589 de
342 539 515 588 occisis
549 540 825 604 pecudibus
856 541 1046 589 detrahi
1080 542 1239 589 solent
1258 559 1270 601 3
1307 539 1446 589 cuius
1476 550 1637 603 partes
1671 542 1879 604 paginae

133 621 374 681 dicuntur,
404 639 463 670 eo
500 624 636 685 quod
667 622 760 671 sibi
797 622 1007 672 invicem
1042 621 1416 685 conpingantur.
1490 625 1675 670 Versus
1711 631 1875 670 autem
1903 635 1930 682 7

132 705 277 767 vulgo
320 703 479 752 vocati
521 703 635 766 quia
678 704 746 753 sic
787 704 1069 754 scribebant
1116 704 1306 767 antiqui
1356 703 1481 752 sicut
1528 714 1690 753 aratur
1737 714 1875 754 terra.

131 787 178 833 A
203 786 396 834 sinistra
414 787 544 834 enim
565 788 629 835 ad
649 788 899 835 dexteram
919 786 1131 850 primum
1154 786 1471 836 deducebant
1492 786 1672 847 stilum,
1695 786 1878 836 deinde

133 867 545 916 convertebantur
565 868 627 917 ab
649 868 888 929 inferiore,
902 878 960 917 -et
986 887 1149 918 rursus
1169 871 1232 919 ad
1253 871 1503 919 dexteram
1521 887 1687 920 versus
1706 889 1719 931 ;
1753 887 1878 934 quos

134 959 182 1000 et
225 949 472 1013 hodieque
511 949 676 999 rustici
715 968 880 1000 versus
924 961 1115 1001 vocant.
1191 953 1386 1002 Sebeda
1424 962 1497 1001 est
1539 953 1676 1015 quod
1713 953 1878 1001 adhuc
1905 961 1934 1006 8

135 1034 437 1091 emendatur,
475 1043 522 1081 et
558 1034 774 1082 necdum
812 1032 862 1081 in
899 1032 1033 1082 libris
1066 1035 1320 1083 redactum
1359 1044 1462 1095 est,
1505 1044 1552 1083 et
1589 1044 1662 1083 est
1695 1051 1880 1083 nomen

134 1116 394 1175 Graecum,
423 1114 549 1164 sicut
574 1126 622 1164 et
647 1125 826 1164 tomus.

269 1201 352 1246 DE
381 1213 677 1247 CANOvas
711 1199 1157 1247 EVANGELIORVM.
1234 1200 1465 1249 Canones
1498 1198 1878 1263 Evangeliorum
1906 1208 1985 1247 XV

135 1279 431 1328 Ammonius
467 1281 794 1329 Alexandriae
829 1281 1015 1344 primus
1053 1279 1357 1344 excogitavit,
1393 1298 1541 1343 quem
1579 1290 1751 1345 postea
1788 1282 1882 1329 Eu·

135 1360 300 1410 sebius
326 1361 658 1411 Caesariensis
692 1370 889 1411 secutus
922 1361 1116 1425 plenius
1147 1360 1424 1425 conposuit.
1501 1361 1602 1424 Qui
1627 1362 1741 1411 ideo
1767 1363 1882 1410 facti

136 1452 264 1502 sunt,
306 1452 359 1492 ut
407 1460 494 1507 per
535 1460 620 1493 eos
660 1443 878 1492 invenire
918 1454 966 1492 et
1005 1443 1127 1493 scire
1164 1444 1411 1507 possimus
1454 1444 1539 1507 qui
1582 1443 1880 1508 reliquorum

135 1524 557 1588 Evangelistarum
606 1524 783 1573 similia
828 1534 913 1574 aut
966 1525 1161 1589 propria
1211 1525 1454 1575 dixerunt.
1543 1527 1668 1575 Sunt
1715 1535 1881 1574 autem
1906 1543 1935 1576 2

137 1623 343 1655 numero
379 1608 569 1667 decem,
610 1624 819 1670 quorum
863 1607 1050 1670 primus
1086 1607 1307 1656 continet
1343 1625 1575 1657 numeros
1611 1607 1660 1656 in
1699 1608 1879 1671 quibus

135 1698 366 1751 quattuor
382 1691 557 1738 eadem
575 1691 802 1739 dixerunt
823 1708 831 1737 :
862 1691 1160 1750 Matthaeus,
1182 1692 1395 1750 Marcus,
1418 1693 1592 1750 Lucas,
1615 1693 1879 1740 Iohannes.

136 1771 409 1830 Secundus,
429 1770 479 1818 in
499 1771 678 1833 quibus
700 1781 824 1820 tres:
865 1773 1163 1831 Matthaeus,
1185 1775 1399 1833 Marcus,
1421 1776 1595 1822 Lucas.
1669 1774 1882 1833 Tertius,

136 1850 186 1898 in
229 1851 408 1915 quibus
457 1862 580 1901 tres:
637 1854 934 1912 Matthaeus,
982 1855 1154 1913 Lucas,
1204 1856 1468 1904 Iohannes.
1557 1857 1787 1917 Quartus,
1833 1855 1882 1902 in

136 1933 315 1996 quibus
367 1944 495 1983 tres:
559 1936 857 1994 Matthaeus,
915 1937 1128 1995 Marcus,
1187 1939 1452 1987 Iohannes.
1545 1938 1775 1999 Quintus,
1832 1938 1880 1987 in
1906 1955 1935 2002 3

136 2016 315 2078 quibus
364 2018 498 2065 duo:
556 2018 854 2076 Matthaeus,
913 2019 1084 2065 Lucas.
1177 2020 1362 2077 Sextus,
1415 2017 1465 2066 in
1522 2019 1701 2082 quibus
1747 2021 1882 2069 duo:

138 2098 437 2156 Matthaeus,
481 2100 693 2146 Marcus.
774 2098 1035 2161 Septimus,
1082 2101 1132 2146 in
1175 2099 1354 2162 quibus
1398 2102 1528 2150 duo:
1582 2104 1879 2163 Matthaeus,

139 2181 400 2228 Iohannes.
476 2182 706 2240 OctavuS,
738 2180 786 2229 in
813 2180 992 2244 quibus
1023 2183 1152 2231 duo:
1193 2185 1367 2242 Lucas,
1401 2185 1613 2232 Marcus.
1689 2187 1881 2245 Nonus,

65 2292 70 2298 ι
96 2289 108 2296 -
137 2263 186 2311 in
213 2262 392 2326 quibus
419 2265 547 2312 duo:
584 2266 760 2323 Lucas,
791 2265 1052 2312 Iohannes.
1129 2264 1380 2324 Decimus,
1409 2264 1458 2313 in
1493 2266 1672 2328 quibus
1707 2267 1882 2330 singuli
1906 2276 1935 2322 4

137 2362 305 2395 eorum
332 2346 526 2408 propria
552 2347 795 2408 quaedam
823 2345 1062 2394 dixerunt.
1128 2349 1354 2407 Quorum
1382 2347 1622 2410 expositio
1648 2350 1770 2398 haec
1796 2358 1881 2397 est.

138 2430 229 2476 Per
262 2427 479 2491 singulos
512 2427 646 2476 enim
679 2428 1016 2491 Evangelistas
1050 2445 1284 2478 numerus
1314 2429 1518 2493 quidam
1553 2431 1777 2494 capitulis
1802 2434 1883 2481 ad·

138 2511 260 2558 fixus
283 2509 489 2571 adiacet,
518 2510 698 2573 quibus
732 2510 948 2559 numeris
974 2511 1173 2560 subdita
1206 2522 1279 2560 est
1302 2529 1414 2562 aera
1444 2515 1688 2576 quaedam
1717 2514 1883 2564 mineo

137 2601 319 2652 notata,
348 2608 475 2655 quae
509 2591 695 2641 indicat
720 2592 771 2640 in
800 2602 955 2655 quoto
989 2610 1180 2642 canone
1212 2594 1400 2656 positus
1434 2594 1494 2643 sit
1528 2612 1773 2657 numerus,
1803 2599 1880 2646 cui

197 2733 214 2760 1
247 2722 462 2773 pindendo
490 2720 527 2761 T
660 2729 725 2762 est
745 2723 857 2762 enirn
881 2753 890 2763 .
913 2753 922 2763 .
950 2754 958 2762 .
981 2723 1120 2762 avium
1141 2722 1237 2762 add.
1259 2723 1302 2762 in
1323 2737 1459 2776 marg.
1489 2723 1528 2762 T
1651 2739 1675 2763 2
1706 2724 1821 2764 Folia
1841 2723 1887 2763 K

138 2777 298 2828 autem]
321 2777 385 2817 his
409 2776 459 2816 C1
597 2778 711 2829 sim.]
735 2778 998 2817 multitudine
1025 2777 1062 2815 T
1244 2789 1268 2827 5
1298 2779 1611 2829 coniungantur
1628 2778 1674 2817 K
1690 2778 1793 2828 (non
1816 2779 1878 2830 A)

138 2831 297 2883 autem]
315 2832 380 2871 his
398 2831 448 2871 Cl
558 2834 585 2870 6
605 2842 758 2871 vocant
771 2830 816 2870 K
924 2845 946 2881 7
974 2833 1154 2883 primum
1175 2833 1354 2884 primum
1368 2831 1414 2870 K
1521 2836 1546 2874 8
1567 2835 1619 2873 ad
1636 2833 1879 2873 inferiorem

139 2884 208 2924 K:
236 2887 290 2925 ad
311 2887 509 2926 inferiora
536 2885 574 2924 T
729 2886 803 2926 inf.
825 2901 931 2928 rurS.
958 2888 993 2926 C
1151 2900 1190 2937 q.
1212 2892 1255 2926 et
1275 2887 1402 2927 hodie
1423 2888 1464 2926 A
1486 2903 1495 2927 z
1523 2900 1630 2938 quos
1650 2887 1821 2927 sedocie
1841 2887 1883 2925 B

144 2951 191 2988 13
220 2941 384 2981 amnius
405 2940 451 2978 K
564 2954 612 2992 15
642 2954 864 2991 possemus
887 2942 922 2981 C
939 2957 948 2981 :
979 2954 1204 2992 possumus
1231 2941 1268 2979 T
1377 2944 1425 2981 16
1454 2943 1578 2982 simili
1599 2949 1737 2982 autem
1760 2955 1820 2992 pr.
1850 2941 1888 2979 T

140 3005 191 3042 25
222 2995 263 3032 in
281 2997 366 3045 qui.
389 3002 489 3035 sunt
510 2996 618 3046 sing.
647 2995 685 3034 T
829 2996 1090 3046 singulorum
1112 2997 1258 3049 (-gol-)
1283 2995 1384 3035 C¹K
1513 2999 1567 3035 26
1596 2998 1700 3036 haec
1720 3010 1801 3036 om.
1830 2997 1879 3036 C1

140 3060 190 3097 27
222 3051 529 3100 num.vquadam
552 3048 591 3089 T
749 3052 801 3090 28
831 3052 940 3091 iacet
968 3051 1020 3090 T1
1185 3052 1390 3101 quaedem
1412 3051 1454 3090 in
1475 3065 1527 3091 eo
1549 3057 1636 3091 not.
1661 3050 1708 3090 C1
