2228 3444
1112 167 1383 216 ISIDORI

281 310 314 355 9
339 297 614 346 dominatui
659 298 928 347 subiacent.
1003 298 1247 360 Quintum
1294 297 1456 358 Elion,
1484 301 1619 362 quod
1664 299 2004 363 interpretatur
2040 300 2091 350 in

341 378 573 428 Latinum
601 381 834 441 excelsus,
865 380 978 443 quia
1005 397 1149 443 supra
1181 381 1344 428 caelos
1379 388 1465 438 est,
1495 379 1618 429 sicut
1654 381 1887 444 scriptum
1922 390 1994 430 est
2027 384 2090 431 de

339 478 400 510 eo
427 462 529 526 (Ps.
553 478 658 524 113,
680 462 730 527 4)
753 482 761 511 ε
804 464 1068 511 ‘Excelsus
1098 464 1346 511 Dominus
1365 481 1377 522 3
1415 479 1559 526 super
1584 465 1747 513 caelos
1772 463 1923 527 gloria
1957 463 2092 512 eius.'

339 545 575 592 Excelsus
611 554 777 592 autem
816 544 977 593 dictus
1014 560 1102 607 pro
1128 545 1271 593 valde
1308 545 1480 592 celsuS.
1557 546 1630 593 Ex
1667 544 1799 594 enim
1835 562 1924 609 pro
1949 546 2092 594 valde

255 642 313 677 10
338 625 550 688 ponitur,
588 624 713 673 sicut
750 625 971 684 eximius,
1008 625 1147 689 quasi
1173 626 1316 674 valde
1353 625 1591 674 eminens.
1666 628 1866 675 Sextum
1902 626 2005 687 Eie,
2042 626 2093 675 id
2116 654 2137 692 5

339 716 426 767 est,
456 707 540 770 qui
566 716 651 756 est.
728 709 866 756 Deus
893 707 1025 756 enim
1054 710 1200 766 solus,
1229 707 1344 770 quia
1368 716 1596 756 aeternus
1623 717 1711 768 est,
1739 710 1835 757 hoc
1861 717 1948 769 est,
1978 708 2093 772 quia

338 788 593 837 exordium
628 805 730 837 non
765 789 930 849 habet,
959 788 1201 838 essentiae
1234 806 1420 838 nomen
1451 806 1562 838 vere
1595 799 1743 839 tenet.
1818 792 1934 838 Hoc
1959 790 2091 838 enim

267 888 314 922 11
337 888 523 920 nomen
547 872 611 920 ad
639 880 864 920 sanctum
903 873 1116 935 Moysen
1150 888 1235 935 per
1268 873 1499 935 angelum
1530 881 1602 921 est
1627 874 1860 921 delatum.
1935 874 2095 934 Quae-

337 953 461 1002 renti
488 953 620 1002 enim
648 955 784 1017 quod
811 964 939 1003 esset
960 970 1146 1003 nomen
1163 953 1281 1013 eius,
1301 954 1383 1016 qui
1405 970 1518 1003 eum
1539 971 1737 1018 pergere
1762 954 2094 1019 praecipiebat

337 1037 401 1084 ad
435 1037 677 1099 populum
713 1052 771 1084 ex
804 1039 1033 1100 Aegypto
1066 1035 1392 1096 liberandum,
1422 1036 1676 1100 respondit
1711 1036 2093 1102 (Exod.3,14):
2120 1062 2168 1089 10

341 1119 478 1181 ‘Ego
516 1135 639 1179 sum,
669 1118 753 1181 qui
787 1135 928 1167 sum:
974 1127 1021 1167 et
1058 1118 1193 1167 dices
1229 1118 1337 1167 filiis
1373 1120 1553 1168 Israel:
1611 1119 1709 1180 Qui
1743 1129 1829 1179 est,
1859 1119 1989 1169 misit
2014 1135 2094 1167 me

337 1201 401 1248 ad
428 1216 514 1248 vos
533 1202 542 1221 '
563 1219 576 1262 ;
602 1209 855 1263 tamquam
884 1200 934 1249 in
960 1200 1063 1249 eius
1091 1200 1456 1264 conparatione,
1491 1201 1573 1263 qui
1612 1217 1722 1250 vere
1760 1211 1847 1262 est,
1876 1201 1990 1264 quia
2026 1201 2094 1249 in-

338 1281 705 1330 commutabilis
733 1291 819 1342 est,
849 1299 919 1343 ea,
949 1299 1077 1346 quae
1111 1282 1497 1342 commutabilia,
1528 1283 1655 1331 facta
1687 1293 1800 1332 sunt
1826 1283 1964 1346 quasi
1990 1300 2091 1331 non

255 1376 309 1410 12
339 1363 448 1412 sint.
525 1365 677 1425 Quod
718 1363 850 1413 enim
895 1364 1074 1413 dicitur
1106 1364 1209 1423 fuit,
1239 1381 1338 1413 non
1377 1374 1479 1413 est:
1525 1374 1571 1414 et
1609 1368 1744 1428 quod
1779 1365 1957 1415 dicitur
1990 1365 2091 1425 erit,

339 1448 564 1494 nondum
593 1456 680 1495 est.
746 1449 882 1495 Deus
908 1455 1073 1495 autem
1102 1464 1208 1496 esse
1235 1456 1425 1495 tantum
1452 1446 1602 1508 novit,
1629 1447 1778 1496 fuisse
1803 1457 1851 1496 et
1876 1449 2092 1496 futurum
2120 1471 2168 1510 15

260 1550 315 1596 13
341 1545 448 1576 esse
473 1545 574 1576 non
602 1528 753 1578 novit.
827 1531 970 1577 Solus
1004 1529 1135 1578 enim
1173 1532 1316 1577 Pater
1349 1546 1462 1577 cum
1491 1529 1615 1578 Filio
1642 1539 1689 1578 et
1716 1529 1895 1593 Spiritu
1923 1539 2094 1578 sancto

341 1610 575 1658 veraciter
609 1620 694 1659 est.
771 1610 925 1661 Cuius
963 1611 1204 1660 essentiae
1242 1620 1562 1674 conparatum
1601 1628 1708 1660 esse
1745 1621 1966 1660 nostrum
1992 1629 2095 1659 non

342 1707 449 1740 esse
485 1701 570 1740 est.
642 1694 789 1742 Vnde
824 1703 871 1741 et
910 1695 957 1740 in
985 1693 1254 1756 conloquio
1288 1692 1529 1741 dicimus:
1591 1693 1750 1742 ‘Vivit
1786 1695 1954 1753 Deus,'
1980 1693 2094 1756 quia

258 1794 313 1841 14
340 1774 551 1822 essentia
579 1774 675 1822 vita
700 1774 831 1834 vivit,
861 1792 1008 1838 quam
1047 1791 1176 1823 mors
1211 1792 1311 1823 non
1339 1775 1503 1823 habet.
1577 1775 1851 1838 Septimum
1878 1774 2090 1835 Adonai,

341 1858 477 1918 quod
502 1857 793 1919 generaliter
819 1856 1163 1920 interpretatur
1201 1856 1463 1917 Dominus,
1491 1859 1627 1919 quod
1661 1857 1944 1906 dominetur
1968 1873 2095 1905 crea·
2122 1878 2171 1905 20

342 1946 478 1987 turae
495 1947 718 1999 cunctae,
742 1940 816 1987 vel
837 1939 973 2001 quod
994 1948 1213 1987 creatura
1233 1938 1395 1986 omnis
1415 1938 1693 1987 dominatui
1713 1938 1817 1987 eius
1837 1938 2092 1987 deserviat.

342 2019 591 2069 Dominus
617 2037 731 2084 ergo
758 2031 805 2070 et
834 2022 985 2080 Deus,
1014 2023 1090 2069 vel
1116 2022 1252 2083 quod
1278 2020 1561 2069 dominetur
1592 2020 1837 2081 omnibus,
1858 2022 1934 2069 vel
1959 2022 2095 2084 quod

260 2114 315 2164 15
339 2101 569 2151 timeatur
592 2119 621 2150 a
645 2103 850 2152 cunctis.
916 2105 1161 2152 Octavum
1190 2105 1260 2163 Ia,
1288 2104 1424 2165 quod
1449 2103 1499 2151 in
1525 2104 1638 2152 Deo
1663 2111 1854 2151 tantum
1881 2103 2093 2166 ponitur,

255 2188 315 2233 16
342 2186 478 2246 quod
522 2184 669 2233 etiam
714 2185 763 2232 in
805 2185 1000 2234 alleluia
1037 2185 1085 2232 in
1123 2184 1390 2233 novissima
1434 2185 1619 2247 syllaba
1661 2194 1814 2233 sonat.
1889 2186 2093 2234 Nonum

341 2269 819 2330 Tetragrammaton,
865 2269 960 2315 hoc
1004 2276 1076 2316 est
1120 2275 1351 2329 quattuor
1394 2266 1676 2327 litterarum,
1721 2267 1858 2328 quod
1899 2267 2094 2329 proprie
2122 2291 2167 2330 25

341 2350 474 2411 apud
502 2349 764 2398 Hebraeos
791 2349 841 2396 in
871 2351 979 2398 Deo
1004 2348 1215 2412 ponitur,
1246 2348 1342 2407 iod,
1373 2350 1447 2410 he,
1477 2348 1575 2407 iod,
1605 2349 1680 2407 he,
1709 2348 1760 2397 id
1786 2356 1871 2408 est,
1899 2348 2093 2397 duabus

340 2430 398 2490 ia,
442 2447 569 2493 quae
612 2431 863 2496 duplicata
910 2430 1156 2480 ineffabile
1199 2431 1319 2479 illud
1361 2440 1407 2479 et
1449 2430 1713 2493 gloriosum
1766 2429 1859 2478 Dei
1909 2446 2093 2479 nomen

403 2574 419 2598 1
454 2561 566 2599 eloin
589 2560 630 2597 Β
768 2574 793 2610 3
824 2561 972 2612 super]
996 2574 1125 2611 supra
1145 2560 1268 2599 BCK
1402 2572 1426 2609 5
1458 2560 1495 2598 ei
1518 2560 1554 2598 ei
1577 2560 1650 2598 K:
1680 2560 1718 2599 ei
1736 2558 1799 2600 B:
1831 2560 1869 2599 ei
1891 2560 1929 2598 ei
1953 2567 1975 2597 e
1999 2559 2046 2612 (i.
2060 2573 2091 2599 e.

347 2618 430 2666 est)
457 2614 515 2654 C:
548 2615 644 2654 eifie
667 2615 705 2653 A
726 2630 734 2655 ε
767 2616 862 2653 ehie
890 2615 940 2653 Τ]
961 2631 970 2654 :
1000 2617 1039 2654 ei
1062 2617 1099 2654 ei
1121 2629 1143 2654 e
1172 2615 1224 2652 Τ2
1425 2617 1450 2653 6
1480 2615 1548 2664 qui
1573 2615 1658 2666 est]
1681 2615 1750 2664 qui
1774 2620 1837 2652 est
1859 2615 1929 2663 qui
1950 2620 2015 2654 est
2043 2613 2095 2651 T2

343 2672 449 2709 deus
472 2671 583 2708 enim
605 2670 722 2709 solus
744 2684 783 2719 q.
807 2671 953 2708 exord.
980 2674 1079 2721 (cett.
1105 2671 1209 2718 om.)
1230 2669 1271 2707 A
1477 2670 1572 2719 quia
1591 2682 1673 2709 om.
1698 2669 1743 2707 K
1761 2669 1864 2716 (non
1887 2669 1929 2706 D
1956 2667 2090 2719 Tre'n.)

342 2726 422 2764 hoc
444 2725 529 2776 est]
551 2730 593 2762 et
615 2725 667 2763 ob
689 2726 768 2763 hoc
793 2725 828 2762 C
978 2726 1049 2774 qui
1071 2724 1117 2761 K
1134 2725 1234 2774 (non
1255 2723 1299 2761 D
1326 2722 1474 2774 Trt'n.¹>
1680 2737 1701 2772 7
1734 2736 1818 2763 ess.
1843 2724 1955 2762 enim
1977 2736 2089 2762 nom.

343 2779 389 2817 K
497 2779 660 2818 tenebit
680 2779 749 2818 K:
782 2779 934 2818 retinet
956 2779 1020 2817 B:
1053 2779 1240 2818 tenitD1
1384 2792 1410 2828 9
1441 2778 1702 2829 percipiebat
1730 2778 1766 2816 T
1908 2790 1953 2815 11
1986 2778 2091 2816 dicis

343 2834 387 2871 K
581 2847 629 2882 14
660 2833 742 2882 Qui
764 2832 806 2870 Β
918 2847 1003 2873 non
1027 2841 1093 2873 est
1115 2840 1157 2873 et
1177 2847 1260 2873 om.
1283 2831 1327 2869 K
1494 2845 1542 2884 15
1573 2833 1698 2885 deus]
1721 2833 1819 2871 dum
1841 2831 1886 2869 K
1907 2832 2006 2882 (non
2026 2832 2090 2882 A)

342 2895 505 2928 tantum
528 2901 626 2928 esse
648 2888 693 2926 K
713 2890 815 2939 (non
845 2888 910 2940 A)
1029 2891 1078 2927 16
1108 2888 1241 2940 enim]
1262 2893 1402 2926 autem
1426 2886 1471 2925 K
1583 2889 1631 2926 18
1659 2887 1814 2926 dicitur
1834 2886 1880 2923 K
1986 2887 2092 2925 deus

341 2943 448 2982 BT:
479 2943 672 2983 dominus
695 2942 774 2981 CK
903 2956 952 2992 19
981 2943 1128 2995 quam]
1150 2943 1263 2993 quod
1285 2942 1330 2979 K
1438 2955 1486 2980 21
1520 2941 1586 2981 vel
1612 2955 1694 2992 quo
1718 2940 1754 2980 C
1871 2941 2097 2991 dominatu*

350 2996 387 3034 T
561 2998 717 3037 serviat
740 2997 797 3034 K¹
819 2998 921 3046 (non
943 2997 1004 3047 A)
1187 3010 1240 3047 23
1270 2997 1311 3035 in
1334 2996 1434 3048 deo]
1458 2997 1557 3035 inde
1585 2995 1622 3035 T
1779 3008 1830 3044 24
1861 2995 2028 3034 Novum
2050 2994 2092 3032 B

342 3053 395 3089 26
425 3052 500 3145 io}
525 3053 580 3091 he
612 3053 682 3092 iod
704 3053 758 3091 he
788 3052 846 3091 T:
878 3053 973 3091 iode
996 3052 1092 3091 iode
1115 3051 1234 3091 36²:
1265 3053 1330 3092 ioe
1350 3052 1416 3090 ioe
1439 3051 1540 3091 ClK
1647 3063 1698 3099 27
1729 3049 1858 3102 quae]
1880 3051 1994 3110 quod
2018 3049 2093 3088 K:

345 3119 429 3144 om.
