2176 3424
60 602 83 643 5

31 1009 82 1037 10

31 1826 81 1854 20

453 125 1083 172 ETYMOLOGIARVM
1126 126 1253 172 LIB.
1294 126 1434 171 XVI.
1475 142 1502 172 v

104 266 152 305 et
177 256 344 304 Parius
363 265 691 319 nuncupatus.
765 255 1061 318 Magnitudo
1086 255 1203 315 eius,
1227 271 1325 318 qua
1349 256 1514 304 lances
1539 265 1848 319 craterasque

105 354 206 387 non
224 339 428 387 excedat
437 356 450 398 3
480 339 742 401 unguentis
759 347 805 386 et
822 339 926 401 ipse
940 345 1097 401 aptus.
1151 335 1460 387 Coralliticus
1485 336 1534 384 in
1555 336 1674 386 Asia
1694 354 1848 402 reper-
1872 354 1906 400 9

105 428 195 479 tus,
219 435 474 468 mensurae
500 436 602 468 non
627 420 751 468 ultra
776 417 942 467 cubita
967 418 1096 479 bina,
1125 420 1340 467 candore
1363 416 1588 481 proximo
1613 417 1774 467 eboris
1801 428 1849 468 et

107 502 320 563 quadarn
349 527 353 530 -
375 500 708 550 similitudine.
784 502 826 548 E
874 499 1066 550 diverso
1120 502 1255 564 niger
1307 499 1645 549 Alabandicus
1696 510 1850 550 terrae

107 598 223 631 suae
265 582 466 631 nomine
504 591 829 646 nuncupatus,
873 599 1116 646 purpurae
1156 591 1359 646 aspectu
1398 581 1583 631 similis.
1657 585 1757 632 Iste
1800 583 1849 631 in

106 665 293 713 oriente
318 664 418 727 igni
443 664 655 728 liquatur
679 674 827 727 atque
851 665 916 714 ad
952 682 1097 713 usum
1123 664 1230 714 vitri
1257 663 1490 715 funditur.
1565 664 1849 714 Thebaicus
1875 677 1932 711 10

104 745 437 795 interstinctus
463 746 620 795 aureis
657 745 805 809 guttis
831 746 1077 796 invenitur
1110 748 1160 794 in
1185 757 1320 810 parte
1350 745 1563 809 Aegypti
1587 743 1847 808 adscripta,

103 827 325 877 coticulis
340 829 404 877 ad
421 829 623 877 terenda
639 827 838 891 collyria
854 829 1067 892 quadam
1084 827 1292 877 utilitate
1309 826 1518 876 naturali
1534 826 1849 876 conveniens.

105 909 326 972 Syenites
344 909 470 958 circa
486 911 697 972 Syenem
717 911 793 958 vel
810 910 1010 959 Thebas
1032 909 1258 958 nascitur.
1333 910 1520 958 Trabes
1537 926 1595 958 ex
1614 926 1674 958 eo
1691 911 1850 958 fecere
1873 923 1919 957 11

105 1007 254 1054 reges.
319 993 569 1039 Marmora
586 1000 767 1051 autem,
788 1009 914 1055 quae
940 990 990 1039 in
1010 990 1217 1040 officinis
1237 990 1540 1055 rupibusque
1554 990 1820 1055 gignuntur
1839 1009 1848 1039 ε
1873 1005 1927 1039 12

104 1087 163 1120 ex
187 1071 366 1135 quibus
392 1074 604 1121 Thasius
630 1071 808 1122 diversi
841 1072 1018 1122 coloris
1052 1072 1256 1122 maculis
1291 1072 1565 1133 distinctus,
1593 1075 1732 1121 cuius
1758 1072 1849 1136 pri-

103 1170 238 1201 mum
277 1170 419 1202 usum
456 1153 645 1203 insulae
684 1155 925 1217 Cyclades
966 1155 1224 1204 dederunt.
1299 1154 1509 1204 Lesbius
1546 1154 1739 1204 lividior
1775 1163 1848 1203 est
1871 1161 1925 1206 13

102 1237 248 1298 paulo
274 1235 400 1295 huic,
429 1237 517 1284 sed
543 1244 590 1285 et
616 1235 721 1299 ipse
745 1235 923 1285 diversi
948 1237 1122 1285 coloris
1156 1238 1373 1285 maculas
1399 1238 1602 1286 habenS.
1677 1236 1849 1287 Corin·
1871 1243 1929 1290 14

103 1318 244 1366 theus
269 1317 607 1366 ammoniacae
632 1327 799 1381 guttae
838 1317 1009 1368 similis
1045 1335 1157 1367 cum
1183 1318 1415 1367 varietate
1441 1318 1744 1368 diversorum
1771 1335 1850 1367 co-

103 1399 275 1447 lorum.
350 1398 592 1450 Corintho
612 1399 826 1464 primum
852 1409 1085 1463 repertus.
1163 1402 1237 1448 Ex
1262 1417 1322 1450 eo
1343 1402 1606 1449 columnae
1626 1399 1848 1464 ingentes

101 1479 369 1543 liminaque
396 1482 519 1530 fiunt
544 1498 600 1530 ac
622 1482 796 1531 trabes,
861 1483 1136 1532 Caristeum
1163 1482 1329 1543 viride,
1352 1482 1596 1546 optimum
1616 1501 1628 1543 3
1664 1500 1848 1532 nomen
1873 1491 1927 1540 15

100 1563 163 1610 ab
188 1572 390 1625 aspectu
416 1564 619 1624 habens,
637 1581 696 1612 eo
723 1566 860 1627 quod
884 1574 1048 1627 gratus
1066 1565 1127 1612 sit
1147 1565 1222 1613 his
1244 1565 1328 1627 qui
1344 1581 1565 1627 gemmas
1587 1567 1818 1628 sculpunt
1836 1584 1850 1627 3

102 1643 205 1692 eius
226 1644 357 1692 enirn
377 1644 593 1695 viriditas
615 1648 768 1695 reficit
788 1647 971 1695 oculos.
1031 1645 1357 1695 Numidicum
1378 1664 1590 1696 marmor
1610 1646 1849 1697 Numidia
1872 1647 1930 1694 16

104 1724 250 1773 mittit
273 1745 281 1773 ε
319 1727 383 1775 ad
407 1737 572 1776 cutem
589 1744 763 1776 sucum
790 1727 992 1777 dimittit
1008 1744 1155 1776 croco
1182 1728 1406 1789 similem,
1430 1730 1565 1778 unde
1590 1739 1637 1777 et
1663 1745 1847 1778 nomen

103 1808 293 1869 accepit
310 1825 323 1868 3
359 1825 461 1857 non
486 1809 676 1870 crustis,
693 1811 780 1858 sed
806 1811 855 1857 in
883 1827 1042 1859 massa
1063 1821 1109 1859 et
1134 1810 1360 1863 liminum
1378 1828 1468 1860 usu
1494 1821 1681 1874 aptum.
1756 1812 1848 1859 Lu·
1872 1820 1923 1869 17

102 1889 315 1936 culleum
341 1906 553 1939 marmor
577 1890 792 1940 nascitur
816 1893 865 1939 in
903 1894 1039 1941 Melo
1066 1893 1224 1941 insula
1246 1911 1258 1954 3
1294 1894 1373 1942 cui
1414 1895 1648 1942 Lucullus
1674 1894 1848 1941 consul

100 1986 284 2020 nomen
301 1971 454 2031 dedit,
475 1972 557 2034 qui
578 1974 851 2022 delectatus
870 1972 954 2022 illo
974 1973 1159 2037 primus
1182 1977 1397 2023 Romam
1415 1974 1597 2023 invexit
1618 1993 1631 2035 3
1668 1976 1847 2023 solum-

101 2067 198 2114 que
222 2068 350 2116 pene
376 2054 471 2102 hoc
499 2071 711 2103 marmor
735 2053 797 2102 ab
823 2065 1040 2104 amatore
1074 2073 1258 2106 nomen
1283 2056 1487 2120 accepit.
1563 2059 1651 2105 Est
1677 2066 1724 2105 et
1750 2058 1846 2105 Lu·
1869 2050 1925 2097 18

100 2134 278 2183 nensis.
307 2135 546 2198 Tephrias
563 2138 836 2199 appellatus
853 2155 881 2186 a
897 2139 1061 2187 colore
1078 2138 1266 2198 cineris,
1282 2138 1420 2187 cuius
1438 2138 1614 2202 lapidis
1629 2138 1844 2202 alligatio

159 2278 175 2303 1
209 2272 252 2304 et
271 2278 354 2307 om.
383 2265 421 2303 T
552 2274 818 2318 nuncupatur
837 2268 905 2319 (ut
922 2269 1025 2322 vid.)
1051 2270 1086 2308 C
1220 2284 1326 2320 quae
1348 2270 1394 2308 K
1563 2284 1587 2309 2
1619 2271 1784 2310 excidat
1804 2270 1846 2308 Β

102 2320 328 2360 Corallitus
347 2335 396 2359 ex
413 2321 501 2360 -tiis
522 2320 567 2358 K
759 2336 783 2372 3
815 2325 1006 2373 proxima
1029 2323 1077 2362 C1
1235 2332 1276 2364 et
1296 2325 1408 2365 Plin.
1432 2326 1486 2366 N.
1508 2324 1568 2366 H.
1590 2329 1655 2376 36,
1678 2328 1731 2364 62
1751 2341 1759 2366 :
1791 2327 1842 2364 ad

102 2375 199 2425 (pro
217 2379 305 2426 at3)
327 2375 474 2415 BCK:
505 2389 587 2416 om.
617 2376 654 2414 T
785 2393 808 2427 4
839 2380 1019 2428 quodam
1041 2392 1075 2418 s.
1107 2378 1131 2416 1
1156 2393 1164 2417 :
1193 2381 1402 2429 quandam
1424 2381 1743 2420 similitudinem
1767 2380 1845 2419 CK

102 2429 147 2481 e]
168 2443 192 2468 a
214 2429 263 2467 C1
397 2431 685 2470 alabantdicus
706 2431 747 2469 B
911 2446 935 2482 5
967 2447 1043 2472 suo
1065 2434 1101 2471 T
1233 2448 1446 2485 purpureo
1471 2436 1506 2475 C
1660 2450 1681 2486 7
1713 2436 1842 2474 inter—

100 2485 254 2523 tinctus
278 2483 333 2523 C:
362 2484 698 2525 interinstinctus
719 2486 806 2524 BT
1010 2490 1051 2527 in
1072 2489 1240 2528 Africae
1263 2496 1384 2540 parte
1403 2490 1607 2540 Aegypto
1626 2490 1840 2540 adscripta

100 2538 276 2578 Pl2·n.]v.
290 2538 349 2578 H.
371 2543 435 2589 36,
455 2542 505 2589 63
619 2542 644 2578 8
675 2542 876 2581 codiculis
890 2542 931 2580 Β
949 2558 957 2581 :
978 2544 1181 2582 codicolis
1201 2543 1273 2583 K:
1294 2545 1499 2583 eudiculis
1518 2545 1568 2584 C1
1644 2546 1841 2584 terrenda

100 2592 180 2631 BC
341 2601 514 2634 naturae
534 2594 579 2632 K
785 2611 811 2646 9
843 2597 984 2636 Sienis
1005 2598 1050 2635 K
1222 2600 1315 2638 sien
1337 2613 1386 2638 *aa
1408 2601 1474 2638 vel
1496 2599 1551 2636 Β1
1572 2614 1580 2638 :
1610 2600 1775 2638 sienum
1799 2599 1844 2636 K

100 2647 240 2687 facere
269 2647 306 2685 T
484 2664 532 2688 10
561 2651 707 2690 officiis
726 2650 766 2687 Β
933 2653 1122 2702 gignitur
1141 2652 1187 2690 K
1202 2659 1295 2692 ante
1314 2667 1414 2694 corr.
1614 2667 1659 2693 11
1693 2655 1840 2693 itasius

99 2702 211 2741 codd.
234 2703 335 2754 (pro
356 2703 367 2740 i
388 2703 449 2742 vel
468 2705 645 2754 primum
666 2705 809 2758 Thasi)
883 2708 1047 2746 colores
1066 2706 1112 2744 K
1184 2708 1393 2748 miraculis
1413 2708 1470 2746 Β1
1605 2722 1652 2747 12
1682 2709 1840 2748 ciclade

100 2755 141 2793 Β
160 2770 169 2795 :
199 2757 383 2796 c*ic1ade
409 2758 458 2795 Tl
671 2772 718 2808 13
748 2762 826 2799 hoc
848 2761 938 2800 dett.
1116 2762 1208 2813 ipse
1229 2769 1270 2802 et
1293 2762 1328 2802 C
1506 2765 1587 2803 div.
1613 2764 1777 2802 colores
1797 2762 1844 2800 K

100 2809 199 2862 (pro
220 2812 541 2852 diversicolores
557 2815 615 2863 3):
644 2816 926 2854 versicolores
944 2816 1055 2856 Plz'n.
1080 2816 1134 2856 N.
1157 2817 1216 2857 H.
1240 2821 1306 2867 36,
1330 2831 1381 2868 44
1607 2817 1838 2857 Corinteus

100 2863 207 2906 BT:
237 2867 450 2906 Corintius
472 2867 550 2906 CK
657 2881 703 2918 17
735 2871 933 2909 sculfiunt
960 2871 1016 2909 T:
1046 2872 1271 2921 sculpmnt
1290 2871 1332 2909 B
1430 2886 1479 2923 19
1507 2874 1561 2912 ad
1578 2903 1587 2913 .
1609 2903 1618 2912 .
1637 2904 1646 2913 .
1667 2872 1838 2912 dimittit

100 2932 184 2960 om.
214 2921 251 2961 T
342 2927 437 2960 cute
456 2922 524 2962 Kt
556 2929 690 2962 cotem
713 2922 748 2961 C
897 2939 950 2964 20
979 2939 1100 2965 usum
1122 2927 1234 2978 (hu-)
1257 2925 1346 2965 KT
1505 2941 1552 2966 21
1588 2927 1702 2966 Melo
1722 2926 1834 2967 Plin.

100 2973 156 3014 N.
177 2974 237 3015 H.
258 2978 326 3026 36,
346 2989 426 3025 50:
457 2978 557 3016 theo
577 2976 688 3016 BK:
717 2991 793 3017 ceo
816 2978 893 3019 O:
923 2981 1017 3020 chio
1044 2981 1082 3020 T
1242 2982 1360 3022 cuius
1379 2983 1420 3021 Β
1606 2995 1658 3020 22
1687 2981 1785 3031 quia
1802 2982 1842 3022 C

102 3041 152 3078 23
183 3035 226 3068 et
243 3036 308 3070 est
333 3031 370 3069 T
473 3032 676 3072 luniensis
699 3032 794 3072 CT:
823 3034 1014 3075 liniensis
1035 3034 1139 3073 B1K
1274 3050 1325 3086 24
1355 3037 1504 3076 tefrian
1525 3036 1570 3074 K
1576 3037 1612 3075 T
1627 3038 1683 3088 (et
1699 3036 1836 3088 lsid.):

101 3083 254 3123 tefrina
270 3083 336 3124 B:
367 3085 487 3124 tesria
510 3086 557 3123 C1
665 3087 861 3137 allegatio
882 3089 929 3127 C¹
