2228 3444
1087 177 1359 225 ISIDORI

348 316 678 367 nocturnum,
717 316 764 354 et
799 316 871 356 est
906 307 1011 355 dies
1038 306 1241 368 quidem
1268 308 1498 355 horarum
1524 306 1693 370 viginti
1719 316 1962 370 quattuor,
1992 326 2095 372 spa-

293 400 323 446 3
346 387 467 436 tium
506 397 671 437 autem
712 389 942 436 horarum
980 387 1261 436 duodecim.
1336 390 1556 437 Vocatus
1581 398 1747 437 autem
1773 391 1878 438 dies
1904 407 1932 438 a
1961 400 2096 454 parte

347 470 565 519 meliore.
638 472 787 519 Vnde
820 480 868 519 et
901 470 951 518 in
986 487 1078 518 usu
1112 479 1185 518 est
1219 478 1272 518 ut
1305 469 1411 519 sine
1436 471 1908 521 commemoratione
1934 474 2094 522 noctis

346 569 608 602 numerum
636 552 860 601 dicamus
886 553 1092 611 dierum,
1121 551 1246 600 sicut
1280 561 1327 600 et
1362 551 1412 600 in
1437 555 1544 616 lege
1569 552 1735 602 divina
1763 553 1996 617 scriptum
2023 564 2095 603 est

287 650 320 697 4
346 634 550 696 (GeneS.
577 652 619 695 1,
639 633 688 698 5)
714 654 721 682 :
764 638 775 659 ‘
796 636 1004 683 Factum
1031 643 1104 683 est
1128 651 1331 698 vespere
1357 643 1404 682 et
1431 651 1576 683 mane
1605 636 1711 683 dies
1745 637 1902 685 unus.'
1976 635 2096 685 Dies
2121 659 2142 700 5

343 717 620 765 secundum
642 718 914 780 Aegyptios
936 718 1137 765 inchoat
1157 717 1220 765 ab
1237 733 1417 766 occasu
1435 718 1550 765 solis
1574 734 1583 766 ;
1624 719 1899 766 secundum
1921 720 2094 767 Persas

341 798 406 846 ab
433 807 541 846 ortu
562 798 678 847 solis
703 818 712 847 :
750 799 1027 847 secundum
1053 798 1387 848 Athenienses
1412 815 1440 847 a
1466 809 1601 848 sexta
1625 800 1746 848 hora
1771 799 1869 849 diei
1891 818 1903 860 3
1928 816 2097 848 secun-

343 881 464 928 dum
501 882 759 929 Romanos
793 897 822 928 a
855 880 1021 928 media
1051 889 1212 929 nocte.
1286 881 1435 930 Vnde
1465 890 1513 930 et
1539 890 1657 929 tunc
1681 880 1982 944 gallicinium
2009 891 2096 942 est,

343 978 554 1024 quorum
593 978 687 1010 vox
721 962 819 1010 diei
855 961 1074 1010 ostendit
1101 961 1436 1025 praeconium,
1465 964 1667 1025 quando
1690 972 1737 1011 et
1763 965 2095 1026 mesonyctius

291 1053 322 1101 5
344 1045 534 1092 afflatus
556 1044 623 1091 fit.
663 1043 785 1092 Dies
803 1043 923 1092 dicti
940 1060 968 1091 a
988 1043 1096 1103 diis,
1110 1061 1322 1106 quorum
1344 1045 1547 1092 nomina
1558 1044 1774 1093 Romani
1795 1044 2093 1108 quibusdam
2123 1070 2173 1098 10

344 1126 587 1175 sideribus
614 1135 939 1175 sacraverunt.
981 1126 1202 1174 Primum
1229 1125 1361 1175 enim
1380 1126 1512 1175 diem
1533 1143 1562 1174 a
1582 1128 1696 1176 Sole
1712 1127 2095 1190 appellaverunt,

346 1207 430 1271 qui
468 1207 696 1271 princeps
723 1217 796 1256 est
823 1208 1047 1256 omnium
1076 1207 1308 1269 siderum,
1339 1208 1464 1256 sicut
1490 1216 1539 1257 et
1558 1207 1691 1257 idern
1719 1210 1824 1257 dies
1849 1218 1997 1272 caput
2026 1219 2099 1258 est

287 1293 321 1339 6
346 1299 638 1340 cunctorum
665 1291 872 1339 dierum.
944 1291 1230 1340 Secundum
1256 1307 1284 1338 a
1311 1293 1466 1350 Luna,
1490 1307 1617 1353 quae
1637 1290 1737 1339 Soli
1764 1300 1811 1339 et
1837 1293 2100 1354 splendore

347 1382 393 1420 et
421 1371 761 1435 magnitudine
787 1374 1010 1436 proxima
1043 1381 1131 1432 est,
1154 1382 1201 1421 et
1235 1390 1293 1422 ex
1324 1389 1384 1421 eo
1409 1382 1603 1421 mutuat
1622 1375 1802 1421 lumen.
1875 1375 2099 1422 Tertium

344 1454 407 1503 ab
457 1456 597 1503 stella
636 1454 825 1514 Martis,
867 1471 995 1517 quae
1033 1457 1224 1518 Vesper
1261 1464 1475 1504 vocatur.
1566 1457 1810 1517 Quartum
1852 1455 1917 1503 ab
1959 1457 2099 1504 stella
2125 1475 2171 1517 15

291 1548 319 1597 7
347 1535 594 1596 Mercurii,
618 1552 767 1598 quam
795 1535 996 1599 quidam
1026 1535 1299 1584 candidum
1325 1536 1563 1585 circulum
1590 1535 1775 1585 dicunt.
1851 1536 2096 1598 Quintum

342 1618 407 1666 ab
438 1619 577 1667 stella
612 1619 759 1678 Iovis,
797 1635 947 1681 quam
980 1619 1346 1667 Phaethontem
1379 1617 1529 1666 aiunt.
1604 1619 1806 1667 Sextum
1838 1635 1868 1667 a
1892 1619 2099 1668 Veneris

344 1701 498 1760 stella,
528 1717 677 1762 quam
714 1698 999 1748 Luciferum
1033 1709 1271 1760 asserunt,
1301 1716 1428 1762 quae
1458 1699 1585 1748 inter
1615 1698 1782 1748 omnia
1807 1699 1966 1749 sidera
1991 1702 2099 1764 plus

343 1781 466 1830 lucis
486 1782 650 1830 habet.
714 1781 963 1844 Septimus
989 1781 1053 1830 ab
1080 1783 1219 1830 stella
1246 1781 1454 1842 Saturni,
1478 1798 1605 1844 quae
1626 1790 1762 1830 sexto
1783 1783 1920 1831 caelo
1940 1784 2100 1832 locata

292 1864 322 1910 8
346 1862 541 1926 triginta
573 1864 715 1912 annis
743 1865 892 1911 fertur
917 1864 1112 1926 explere
1137 1879 1335 1911 cursum
1363 1880 1522 1911 suum.
1597 1863 1813 1912 Proinde
1845 1874 2011 1913 autem
2042 1882 2101 1914 ex
2125 1886 2175 1914 20

346 1947 422 1995 his
462 1954 650 2008 septem
693 1944 845 1994 stellis
876 1944 1082 1994 nomina
1115 1943 1306 1993 dierum
1340 1944 1547 2007 gentiles
1582 1946 1840 2005 dederunt,
1871 1962 1930 1994 eo
1964 1949 2101 2009 quod

346 2044 432 2090 per
465 2028 669 2076 eosdem
705 2025 893 2089 aliquid
927 2025 1021 2074 sibi
1055 2025 1179 2074 effici
1218 2025 1564 2086 existimarent,
1595 2025 1818 2076 dicentes
1858 2027 2040 2077 habere
2073 2045 2102 2076 a

347 2110 462 2158 Sole
487 2108 726 2172 spiritum,
754 2126 784 2156 a
810 2110 954 2156 Luna
974 2124 1166 2170 coerS‚
1195 2124 1224 2156 a
1252 2107 1502 2156 Mercurio
1528 2108 1779 2171 ingenium
1802 2118 1850 2157 et
1866 2108 2097 2173 linguam,

346 2207 374 2238 a
399 2193 594 2239 Venere
620 2193 939 2254 voluptatem,
959 2206 988 2237 a
1006 2191 1170 2238 Marte
1192 2189 1496 2253 sanguinem,
1515 2207 1543 2238 a
1564 2191 1683 2239 Iove
1709 2191 2099 2254 temperantiam,

347 2290 376 2320 a
410 2274 621 2321 Saturno
655 2274 933 2320 humorem.
1006 2271 1142 2319 Talis
1178 2270 1363 2334 quippe
1405 2273 1561 2320 extitit
1594 2271 1851 2335 gentilium
1883 2272 2100 2334 stultitia,
2127 2293 2176 2336 ²5

289 2366 324 2412 9
348 2353 433 2416 qui
471 2354 564 2402 sibi
601 2355 845 2403 finxerunt
881 2361 982 2401 tam
1020 2351 1286 2401 ridiculosa
1325 2353 1574 2415 figmenta.
1648 2355 1801 2417 Apud
1840 2354 2101 2403 Hebraeos

345 2445 512 2484 autem
539 2437 644 2484 dies
670 2437 828 2498 prima
847 2451 945 2482 una
965 2433 1158 2482 sabbati
1180 2432 1373 2494 dicitur,
1396 2433 1479 2495 qui
1499 2436 1634 2497 apud
1651 2451 1742 2483 nos
1763 2434 1868 2484 dies
1895 2437 2102 2485 domini-

347 2534 433 2565 cus
473 2527 559 2578 est,
596 2535 745 2580 quem
780 2516 986 2580 gentiles
1022 2517 1123 2564 Soli
1161 2516 1462 2564 dicaverunt.
1539 2517 1768 2565 Secunda
1805 2517 1996 2566 sabbati
2033 2535 2102 2567 se-

407 2660 423 2685 1
461 2647 665 2699 spatium]
698 2647 835 2696 spatia
863 2645 909 2683 K
1073 2658 1097 2694 5
1135 2645 1290 2684 factum
1321 2651 1386 2683 est
1419 2658 1502 2686 om.
1548 2646 1603 2684 T1
1754 2649 1779 2686 8
1818 2654 1918 2686 tunc
1948 2661 2028 2687 om.
2058 2647 2105 2685 K

348 2716 373 2751 9
394 2703 563 2751 quando
579 2732 588 2740 .
610 2731 619 2740 .
640 2731 647 2740 .
664 2702 710 2741 fit
726 2715 808 2740 om.
831 2700 875 2738 K
987 2714 1036 2739 10
1056 2701 1112 2740 sit
1127 2700 1214 2739 BV
1319 2702 1363 2747 ἐξ
1386 2711 1464 2749 5-7
1478 2702 1626 2740 iterum
1642 2701 1780 2750 inflne
1794 2702 1858 2741 lib.
1878 2715 1937 2741 xv
1951 2703 2042 2742 hab.
2061 2702 2102 2740 D

349 2757 459 2806 quib.
482 2756 604 2795 Rom.
630 2756 667 2794 T
777 2769 825 2794 12
856 2756 955 2806 quia
968 2755 1066 2795 Isz'd.
1084 2760 1168 2794 nat.
1183 2768 1255 2794 rer.
1273 2767 1310 2808 3,
1331 2768 1355 2793 2
1467 2768 1556 2805 cap.
1575 2762 1710 2795 cunct.
1730 2755 1776 2793 K
1885 2769 1933 2806 13
1962 2757 2041 2796 soli
2058 2763 2101 2795 et

351 2811 430 2849 CK
447 2826 455 2850 ε
474 2811 576 2850 solis
591 2811 684 2849 etB
703 2825 711 2849 ε
731 2812 833 2850 solis
849 2816 914 2849 est
933 2811 970 2849 T
1079 2822 1128 2859 15
1147 2810 1336 2861 Vesper]
1352 2823 1482 2860 vespa
1507 2810 1544 2848 T
1650 2814 1699 2849 16
1722 2811 1912 2863 quidam]
1926 2812 2102 2862 quamB

353 2879 401 2916 19
430 2867 657 2916 septimum
670 2866 747 2903 BC
857 2864 1001 2916 sexto]
1021 2866 1202 2915 septimo
1223 2864 1315 2903 dett.
1443 2879 1496 2903 20
1526 2864 1676 2916 fertur]
1697 2865 1838 2904 ferunt
1857 2865 1903 2902 K
1921 2865 1975 2918 (L
1998 2879 2037 2906 n.
2052 2866 2097 2917 l.)

350 2935 470 2960 suum
491 2934 572 2960 om.
597 2919 644 2957 K
663 2919 717 2973 (L
735 2934 774 2959 n.
792 2921 842 2971 l.)
969 2933 1017 2958 21
1051 2921 1212 2958 dierum
1234 2918 1375 2959 BCT:
1409 2921 1558 2959 diebus
1578 2919 1624 2956 K
1643 2920 1697 2972 (L
1712 2933 1752 2959 n.
1771 2920 1818 2970 l.)
1945 2933 1996 2958 22
2026 2921 2099 2960 ali-

350 2977 449 3026 quid
472 2989 553 3014 om.
578 2974 679 3028 K(L
702 2988 744 3014 n.
760 2975 806 3022 l.)
1012 2988 1037 3013 a
1056 2974 1147 3013 sole
1166 2974 1323 3012 habere
1343 2975 1384 3013 B
1604 2987 1656 3023 24
1686 2987 1710 3012 a
1733 2974 1838 3014 Mar.
1863 2988 1980 3025 sang.
2006 2980 2101 3015 ante

351 3044 375 3069 a
397 3031 526 3070 Merc.
550 3028 596 3066 K
757 3042 807 3078 27
838 3029 1044 3068 dicibatur
1064 3028 1110 3066 K
1128 3031 1228 3079 (non
1248 3028 1308 3081 D)
1479 3030 1533 3067 28
1559 3041 1684 3078 quem
1706 3060 1714 3069 .
1740 3059 1750 3069 .
1775 3059 1785 3069 .
1812 3030 1888 3069 dic.
1913 3043 1992 3069 om.
2017 3029 2096 3067 KL

350 3098 474 3134 quam
504 3085 541 3124 T
556 3088 604 3123 ut
621 3083 700 3123 vid.
728 3083 828 3134 (non
855 3083 906 3132 U)
1021 3084 1209 3124 secunda
1229 3084 1332 3122 seria
1352 3097 1436 3123 om.
1458 3082 1505 3120 K
1523 3083 1624 3135 (non
1646 3083 1703 3132 L)
