2228 3444
1109 204 1383 254 ISIDORI

365 335 470 385 sine
519 335 673 384 dubio
730 335 793 384 ab
849 342 1049 383 auctore
1106 334 1313 395 dictum,
1357 334 1440 396 qui
1498 336 1592 383 hoc
1649 334 1914 398 scripturae
1964 333 2119 398 genus

365 416 589 466 instituit.
667 418 754 465 Est
786 425 953 466 autem
990 415 1226 478 scriptura
1260 417 1446 464 nullam
1480 414 1707 479 indigens
1734 414 2118 465 sollemnitatem

366 500 641 558 verborum,
682 500 770 548 sed
808 499 963 546 solam
997 497 1241 547 testatoris
1279 499 1585 548 voluntatem
1619 497 1971 561 qualicumque
2008 496 2121 546 scri-

366 590 538 644 pturae
564 580 922 644 significatione
947 596 1240 643 expressam.
1316 580 1471 631 Cuius
1510 580 1757 630 beneficio
1783 579 2120 629 voluntatibus

366 665 716 712 defunctorum
758 671 953 711 constat
990 678 1098 711 esse
1135 662 1432 712 subventum
1468 672 1666 726 propter
1698 661 1927 726 legalium
1953 661 2122 710 verbo-
2146 681 2167 722 5

366 762 473 794 rum
497 745 853 807 difficultatem,
869 754 954 793 aut
979 754 1111 794 certe
1130 754 1329 809 propter
1348 743 1694 794 necessitatem
1719 744 2121 794 adhibendorum

368 827 700 887 sollemnium,
757 829 824 876 ita
871 836 923 875 ut
972 829 1056 890 qui
1119 827 1285 876 scribit
1333 829 1530 876 titulum
1579 829 1804 877 eiusdem
1853 826 2123 889 scripturae

369 911 653 958 codicillum
691 918 846 958 vocet.
923 908 1059 957 Sicut
1095 917 1262 958 autem
1300 908 1556 958 codicillus
1595 911 1647 958 fit
1680 909 1786 958 vice
1823 906 2124 966 testamenti,

291 1000 345 1049 15
369 991 436 1040 ita
484 991 692 1056 epistola
752 993 858 1039 vice
914 990 1270 1040 codicillorum.
1359 991 1526 1041 Cretio
1583 1001 1654 1040 est
1710 1000 1871 1040 certus
1932 989 2122 1039 dierum

369 1090 618 1129 numerus
665 1073 714 1121 in
764 1090 864 1136 quo
913 1073 1165 1122 institutus
1207 1075 1348 1123 heres
1392 1082 1475 1123 aut
1513 1075 1616 1123 adit
1660 1075 1999 1131 hereditatem,
2040 1080 2124 1120 aut

369 1157 509 1205 finito
559 1166 781 1219 tempore
823 1154 1053 1205 cretionis
1097 1156 1384 1215 excluditur,
1411 1173 1503 1206 nec
1541 1156 1747 1206 liberum
1787 1156 1855 1204 illi
1891 1166 1964 1205 est
2001 1156 2124 1203 ultra

285 1241 344 1288 16
369 1238 642 1302 capiendae
667 1237 966 1287 hereditatis.
1041 1238 1210 1288 Cretio
1239 1247 1405 1287 autem
1438 1240 1682 1302 appellata
1717 1240 1856 1303 quasi
1890 1237 2122 1295 decretio,

370 1321 421 1370 id
447 1330 519 1370 est
545 1322 812 1370 decernere
829 1322 905 1369 vel
926 1322 1240 1379 constituere,
1261 1331 1314 1370 ut
1339 1330 1458 1384 puta
1479 1341 1486 1370 :
1522 1321 1630 1370 ‘ille
1656 1322 1796 1369 heres
1819 1320 1939 1368 mihi
1965 1330 2070 1370 esto
2088 1323 2122 1368 'z

369 1406 680 1466 additurque,
715 1404 1032 1467 ‘cernitoque
1081 1403 1205 1452 infra
1242 1403 1347 1454 dies
1385 1407 1487 1453 tot.'
1559 1405 1916 1453 Adeundarum
1955 1413 2120 1453 autem

369 1487 699 1535 hereditatum
737 1486 1038 1536 centesimus
1077 1495 1286 1535 statutus
1324 1496 1424 1536 erat
1461 1486 1581 1545 dies,
1621 1486 1801 1549 quibus
1849 1503 1952 1535 non
1995 1497 2122 1537 esset

296 1585 345 1636 17
370 1566 522 1616 cretio
559 1568 744 1618 addita.
819 1568 1285 1618 Fideicommissum
1329 1571 1534 1628 dictum,
1572 1578 1625 1617 ut
1668 1570 1751 1617 fiat
1788 1570 1924 1632 quod
1965 1586 1992 1618 a
2035 1571 2124 1618 de-

370 1650 539 1698 functo
587 1652 925 1700 committitur.
1001 1653 1131 1700 Nam
1188 1653 1312 1700 fides
1360 1651 1493 1700 dicta
1540 1668 1599 1700 eo
1642 1653 1778 1714 quod
1822 1652 1905 1700 fiat
1920 1668 1932 1711 ;
1987 1654 2123 1715 quod

369 1741 535 1782 tamen
593 1750 695 1783 non
751 1734 801 1782 in
859 1733 1055 1784 directis
1112 1733 1288 1794 verbis,
1350 1735 1438 1783 sed
1502 1733 1759 1797 precativis
1829 1736 2121 1797 exposcitur.

290 1821 344 1867 18
370 1817 577 1864 Pactum
628 1815 805 1865 dicitur
853 1817 978 1866 inter
1024 1826 1184 1880 partes
1242 1834 1299 1865 ex
1352 1833 1473 1880 pace
1521 1818 1822 1866 conveniens
1870 1816 2119 1880 scriptura,

368 1897 559 1961 legibus
606 1915 665 1947 ac
709 1898 927 1948 moribus
971 1899 1306 1962 conprobata,
1361 1908 1407 1947 et
1444 1899 1630 1947 dictum
1669 1908 1868 1962 pactum
1900 1899 2038 1962 quasi
2065 1917 2122 1949 ex

285 1995 344 2042 19
368 1997 491 2044 pace
516 1982 715 2040 factum,
744 1981 807 2029 ab
834 1997 893 2029 eo
928 1981 1064 2043 quod
1100 1988 1171 2028 est
1205 1996 1343 2043 paco,
1373 1982 1507 2028 unde
1533 1990 1581 2029 et
1605 1980 1805 2044 pepigit.
1880 1980 2120 2030 Placitum

369 2079 570 2126 quoque
619 2061 838 2111 similiter
885 2062 949 2110 ab
998 2078 1071 2121 eo,
1102 2063 1238 2124 quod
1285 2062 1489 2124 placeat.
1563 2061 1661 2110 Alii
1709 2061 1881 2110 dicunt
1921 2072 2122 2126 pactum

372 2161 479 2193 esse
517 2146 653 2207 quod
691 2146 863 2193 volens
901 2143 1112 2207 quisque
1145 2142 1260 2192 facit
1280 2161 1292 2203 3
1339 2143 1574 2206 placitum
1609 2161 1724 2193 vero
1761 2142 1909 2192 etiam
1947 2147 2122 2195 nolens

369 2225 675 2289 conpellitur,
717 2226 866 2274 veluti
915 2227 1118 2288 quando
1166 2224 1374 2287 quisque
1418 2235 1613 2288 paratus
1655 2226 1716 2275 sit
1752 2227 1802 2275 in
1839 2227 2022 2277 iudicio
2058 2231 2122 2277 ad

369 2310 773 2371 respondendum
793 2327 806 2370 3
860 2309 996 2371 quod
1033 2324 1181 2357 nemo
1218 2316 1382 2370 potest
1417 2307 1581 2358 dicere
1617 2319 1832 2373 pactum,
1861 2312 1948 2359 sed
1978 2311 2122 2373 placi-

278 2402 346 2438 20
369 2399 488 2438 tum.
565 2391 862 2439 Mandatum
911 2389 1114 2450 dictum,
1167 2390 1303 2452 quod
1351 2389 1466 2437 olim
1517 2389 1567 2437 in
1616 2391 1883 2440 commisso
1925 2392 2122 2456 negotio

428 2535 445 2560 1
478 2520 569 2572 qui]
594 2521 690 2570 quia
714 2518 813 2558 C1K
935 2533 958 2557 2
988 2520 1103 2559 nulla
1124 2520 1213 2560 ind.
1232 2520 1517 2559 sollemnitate
1542 2519 1619 2558 CK
1726 2534 1749 2569 4
1780 2522 1914 2574 sign.]
1937 2534 2122 2572 pronun-

370 2576 543 2615 tiatione
567 2574 602 2613 C
848 2587 1054 2626 expressa
1077 2575 1255 2626 (-prae-)
1277 2573 1401 2612 BCK
1646 2589 1667 2624 7
1699 2575 1757 2615 ita
1777 2582 1919 2616 autem
1936 2582 1979 2616 et
1997 2577 2066 2627 qui
2090 2575 2128 2614 T

369 2631 524 2670 scribet
545 2631 607 2670 tit.
632 2629 730 2668 CT:
763 2630 909 2669 scribit
930 2636 971 2668 et
993 2631 1054 2670 tit.
1075 2629 1117 2666 B
1227 2629 1459 2679 scripturae
1480 2643 1562 2669 om.
1595 2629 1632 2667 T
1741 2643 1791 2670 10
1819 2630 1928 2682 adit]
1951 2633 2003 2670 ad
2026 2630 2126 2670 C1J<

372 2699 417 2724 11
450 2685 686 2725 secluditur
710 2685 747 2722 Α
862 2684 945 2723 illic
967 2683 1027 2721 Κ1
1051 2699 1059 2723 :
1087 2684 1169 2723 illis
1189 2682 1253 2721 Κ2
1275 2684 1377 2736 (non
1398 2683 1458 2732 A)
1481 2685 1608 2735 :fort.
1629 2684 1687 2723 illi
1709 2685 1773 2725 ius
1901 2699 1948 2724 12
1979 2685 2118 2738 quasi]

369 2740 411 2779 id
433 2747 498 2780 est
515 2739 561 2777 K
674 2752 721 2788 13
752 2741 794 2779 id
815 2738 902 2789 est]
919 2740 1038 2789 quasi
1055 2738 1100 2776 K
1181 2738 1282 2776 mihi
1301 2751 1384 2778 om.
1409 2738 1446 2776 T
1556 2752 1603 2789 14
1632 2741 1881 2791 auditorque
1899 2741 1935 2779 C
2013 2741 2120 2779 intra

368 2795 454 2835 edd.
572 2806 618 2844 15
650 2795 820 2834 statutis
841 2794 891 2834 C1
1007 2796 1057 2833 16
1085 2793 1218 2843 quod]
1239 2807 1347 2843 quae
1372 2793 1420 2833 C1
1531 2792 1576 2845 a]
1597 2796 1650 2833 ad
1679 2793 1727 2831 T¹
1843 2807 1890 2845 17
1923 2808 2020 2834 nam
2043 2827 2052 2836 .
2072 2825 2083 2835 .
2108 2825 2117 2834 .

368 2848 844 2943 339³⁰Jff13⁷3⁴‘{1¹2L0
862 2849 985 2943 αέἶ
1012 2849 1053 2887 1¹¹
1075 2847 1251 2942 ⁰13²?st
1271 2848 1756 2954 f023u52322¹¹<523²131²
1771 2848 1826 2902 L>
1846 2862 2124 2944 maciiuffir}

370 2938 472 3009 (nori
489 2918 576 3012 {bg
672 2918 742 2998 2p2
772 2917 940 3009 qguoque
959 2972 1041 2998 om.
1066 2915 1216 2998 gRPLg
1295 2971 1364 3007 qu.
1388 2959 1443 3008 pl.
1472 2957 1584 2995 CKL
1605 2973 1613 2997 :
1642 2925 1755 3007 quod
1778 2958 1916 3009 placet
1937 2957 2005 2998 B:
2035 2972 2118 3009 quo

369 3014 509 3064 placet
537 3013 574 3052 T
679 3026 731 3063 23
760 3014 939 3063 quisque
963 3011 1148 3053 CKLT:
1177 3011 1271 3063 quis
1292 3011 1334 3049 Β
1443 3026 1547 3052 vero
1567 3026 1647 3053 om.
1673 3011 1786 3052 CKL
1899 3024 1952 3062 25
1981 3013 2114 3066 quod]

366 3081 477 3117 quae
501 3069 549 3108 Cl
574 3069 675 3120 (non
697 3069 752 3118 L)
976 3070 1029 3107 26
1058 3067 1190 3119 quod]
1214 3079 1323 3117 quae
1346 3067 1396 3105 Cl
1419 3066 1522 3120 (non
1540 3067 1596 3119 L)
1785 3069 2009 3107 commisso
2030 3082 2113 3108 om.

371 3122 504 3162 ClKL
528 3125 629 3175 (non
651 3123 716 3175 A)

2151 1090 2199 1119 10

2151 1499 2199 1540 15

2149 1923 2199 1951 20

2148 2334 2198 2374 25
