2228 3444
462 192 1095 242 ETYMOLOGIARVM
1136 197 1263 243 LIB.
1307 198 1375 244 11.
1416 198 1604 246 xix—xxi

160 316 287 364 Cum
309 314 440 362 enim
461 314 579 364 dicit
599 315 735 378 lapsi,
759 316 1031 366 altitudinis
1052 317 1317 381 imaginem
1339 321 1566 383 suggerit.
1641 324 1776 370 Huic
1796 339 1909 371 con-

157 396 299 444 traria
324 395 472 444 virtus
499 406 585 457 est,
614 397 774 446 verbis
800 397 1021 448 minuere
1047 416 1175 462 quae
1199 408 1373 449 natura
1397 417 1484 449 sua
1510 419 1690 466 magna
1715 414 1840 454 sunt.

294 479 378 539 DE
417 492 621 526 FIGVRIS
659 494 947 528 VERBORVM
986 495 1050 528 ET
1085 495 1512 532 SENTENTrARvM.
1599 487 1822 548 Augetur
1858 495 1904 535 et
1929 493 2036 535 XX1

156 567 355 607 ornatur
388 559 543 608 oratio
568 559 716 608 etiam
747 560 911 624 figuris
944 562 1206 611 verborum
1239 580 1298 611 ac
1328 564 1696 614 sententiarum.
1773 568 1902 616 Nam

108 658 129 697 5
154 640 269 703 quia
294 641 478 689 directa
496 650 545 689 et
570 651 806 704 perpetua
825 642 981 691 oratio
1005 643 1343 706 fatigationem
1362 654 1512 709 atque
1532 646 1784 696 fastidium
1804 658 1903 697 tam

153 721 353 771 dicendi
379 739 527 785 quam
553 722 790 773 audiendi
815 733 960 785 creat,
990 726 1235 775 flectenda
1260 736 1333 775 est
1359 737 1406 776 et
1437 729 1486 775 in
1521 727 1639 777 alias
1665 732 1905 778 versanda

152 805 345 864 formas,
370 813 422 851 ut
438 813 486 852 et
502 803 752 853 dicentem
769 805 968 867 reficiat,
989 816 1036 855 et
1052 809 1267 856 ornatior
1287 810 1384 868 fiat,
1408 818 1456 857 et
1472 809 1689 859 iudicem
1710 810 1904 860 diverso

151 886 287 933 vultu
313 884 584 948 audituque
610 887 854 935 deflectat.
947 890 990 936 E
1015 889 1195 952 quibus
1221 890 1460 953 plurimae
1494 891 1715 955 superius
1745 909 1774 940 a
1802 894 1903 940 Do-

151 976 269 1014 nato
294 965 344 1013 in
369 967 703 1016 schematibus
729 967 844 1017 artis
871 970 1236 1020 Grammaticae
1260 973 1526 1020 adnotatae
1553 982 1680 1021 sunt.
1754 976 1902 1023 Vnde
1928 989 1958 1023 2

81 1065 129 1093 10
150 1057 340 1096 tantum
374 1047 455 1095 illa
485 1049 564 1096 hic
597 1050 841 1112 interponi
874 1053 1102 1113 oportuit,
1133 1069 1261 1115 quae
1292 1054 1339 1100 in
1378 1063 1607 1116 poemate
1642 1064 1727 1103 aut
1764 1072 1902 1104 num-

151 1146 300 1192 quam
336 1138 420 1178 aut
454 1129 714 1180 difficulter
744 1133 882 1191 fiunt,
916 1132 965 1180 in
996 1133 1219 1182 oratione
1251 1143 1417 1183 autem
1455 1135 1621 1184 libere.
1698 1135 1902 1202 [Anadi-
1927 1155 1956 1201 3

149 1212 298 1273 plosis
346 1221 418 1260 est
460 1212 829 1275 congeminatio
869 1215 1145 1275 verborum,
1186 1225 1239 1264 ut
1279 1215 1405 1279 (Cic.
1429 1216 1573 1266 Catil.
1599 1235 1638 1277 1,
1662 1217 1740 1282 2):
1794 1220 1900 1267 ‘hic

149 1301 315 1341 tamen
341 1293 469 1353 vivit,
493 1293 622 1354 vivit,
642 1294 789 1343 etiam
810 1297 860 1344 in
887 1306 1112 1345 senatum
1133 1297 1297 1346 venit.>
1351 1298 1544 1348 Climax
1564 1309 1637 1348 est
1660 1300 1897 1362 gradatio,
1922 1310 1956 1357 4

148 1390 262 1422 cum
295 1375 359 1423 ab
385 1392 458 1434 eo,
487 1392 588 1438 quo
615 1393 786 1425 sensus
813 1378 1034 1440 superior
1058 1381 1359 1438 terminatur,
1390 1379 1587 1428 inferior
1620 1380 1804 1444 incipit,
1841 1398 1899 1430 ac

77 1472 122 1512 15
147 1455 330 1504 dehinc
366 1457 506 1519 quasi
542 1474 629 1520 per
663 1460 842 1521 gradus
881 1460 1080 1509 dicendi
1119 1462 1242 1510 ordo
1286 1471 1515 1521 servatur,
1555 1471 1607 1511 ut
1657 1472 1730 1511 est
1777 1462 1898 1511 illud

145 1536 363 1586 Africani
385 1556 393 1586 ι
448 1542 534 1588 ‘ex
559 1539 845 1588 innocentia
870 1541 1086 1590 nascitur
1119 1541 1346 1605 dignitas,
1375 1560 1432 1592 ex
1458 1543 1697 1607 dignitate
1722 1545 1895 1604 honor,

146 1635 203 1666 ex
228 1620 417 1668 honore
442 1619 716 1683 imperium,
745 1638 803 1670 ex
836 1621 1042 1685 imperio
1066 1622 1296 1672 libertas!
1368 1627 1518 1672 Hanc
1550 1627 1753 1688 figuram
1779 1642 1898 1674 non-

143 1699 265 1748 nulli
285 1710 510 1750 catenam
529 1704 793 1765 appellant,
817 1713 1015 1767 propter
1035 1706 1171 1767 quod
1191 1704 1325 1754 aliud
1345 1705 1395 1753 in
1414 1705 1511 1755 alio
1528 1706 1667 1769 quasi
1688 1707 1899 1756 nectitur

146 1781 362 1842 nomine,
381 1792 530 1846 atque
549 1785 615 1832 ita
630 1801 705 1832 res
724 1786 886 1847 plures
906 1784 957 1832 in
974 1785 1308 1848 geminatione
1334 1787 1596 1836 verborum
1623 1789 1893 1837 trahuntur.

74 1880 124 1907 20
147 1865 224 1911 Fit
249 1873 414 1912 autem
445 1866 542 1914 hoc
572 1867 774 1915 schema
797 1883 900 1915 non
926 1868 1086 1915 solum
1118 1866 1168 1915 in
1202 1866 1403 1930 singulis
1430 1868 1604 1927 verbis,
1633 1871 1721 1918 sed
1747 1870 1894 1918 etiam

145 1946 193 1992 in
220 1945 515 1994 contexione
539 1947 817 2007 verborum,
845 1957 898 1996 ut
917 1949 1051 2010 apud
1071 1949 1352 1998 Gracchum
1377 1969 1384 1998 :
1424 1949 1658 2012 ‘pueritia
1677 1960 1760 1998 tua
1779 1953 1895 1999 adu-

142 2027 407 2076 lescentiae
446 2037 560 2077 tuae
602 2030 1091 2078 inhonestamentum
1133 2029 1235 2090 fuit,
1276 2032 1612 2080 adulescentia
1651 2032 1892 2081 senectuti

143 2109 630 2169 dedecoramentum,
661 2119 887 2158 senectus
918 2109 1218 2172 reipublicae
1242 2111 1509 2174 flagitium!
1581 2112 1660 2160 Sic
1686 2122 1733 2161 et
1756 2115 1891 2176 apud

143 2188 426 2252 Scipionem
447 2210 455 2238 :
508 2194 519 2216 ‘
535 2190 582 2238 vi
606 2200 755 2253 atque
772 2191 970 2254 ingratis
991 2200 1191 2240 coactus
1211 2209 1325 2240 cum
1342 2192 1426 2241 illo
1443 2193 1763 2255 sponsionem
1780 2195 1887 2254 feci,

70 2289 117 2329 25
142 2272 269 2319 facta
310 2271 578 2335 sponsione
619 2274 683 2321 ad
726 2272 940 2321 iudicem
982 2272 1179 2333 adduxi,
1225 2275 1499 2322 adductum
1542 2276 1701 2337 primo
1744 2286 1890 2325 coetu

141 2353 388 2413 damnavi,
437 2355 726 2402 damnatum
776 2371 834 2402 ex
881 2356 1133 2403 voluntate
1181 2354 1374 2403 dimisi.'
1444 2356 1717 2416 Antitheta‚
1764 2374 1890 2420 quae
1916 2376 1946 2426 5

142 2433 317 2483 Latine
343 2434 674 2497 contraposita
698 2436 1006 2498 appellantur
1028 2454 1035 2482 :
1073 2451 1214 2497 quae,
1234 2437 1353 2484 dum
1382 2453 1439 2484 ex
1463 2439 1671 2486 adverso
1696 2455 1890 2501 ponun-

140 2524 231 2575 tur,
259 2515 532 2565 sententiae
568 2515 989 2579 pulchritudinem
1028 2516 1227 2577 faciunt,
1259 2526 1306 2566 et
1344 2517 1392 2565 in
1430 2530 1723 2568 ornamento
1759 2522 1889 2568 locu-

200 2655 218 2681 1
250 2643 482 2683 altitudinis
504 2645 731 2694 imaginem
748 2643 820 2682 K:
850 2643 1114 2682 altitudinem
1137 2642 1331 2693 imaginis
1352 2643 1519 2682 ABCT
1623 2652 1793 2694 sugeret
1813 2646 1853 2683 A
1879 2659 1887 2684 :

140 2704 393 2747 suggereret
410 2698 458 2737 C1
617 2713 638 2748 4
673 2698 799 2737 etiam
820 2711 900 2738 om.
925 2697 971 2736 K
1116 2710 1140 2748 5
1171 2698 1232 2750 et]
1256 2710 1303 2736 ac
1325 2698 1372 2736 K
1518 2701 1544 2737 6
1573 2699 1740 2738 dicendi
1762 2712 1884 2748 quam

141 2752 340 2791 audiendi
379 2753 487 2793 BK:
531 2753 688 2793 dicenti
726 2766 851 2802 quam
890 2753 1079 2791 audienti
1130 2750 1190 2791 C:
1239 2753 1405 2792 dicendi
1449 2765 1574 2803 quam
1621 2754 1811 2793 audienti
1857 2753 1895 2792 T

141 2807 365 2857 plectenda
402 2807 439 2845 T
603 2821 624 2858 7
656 2813 700 2846 ut
721 2807 800 2847 dic.
828 2807 866 2845 T
989 2807 1156 2846 ornatio
1177 2807 1219 2845 A
1352 2821 1378 2857 9
1405 2807 1532 2847 Vnde
1553 2814 1594 2847 et
1615 2814 1642 2847 t.
1673 2808 1710 2846 T
1836 2819 1886 2847 10

139 2874 179 2911 q.
197 2867 339 2901 autem
361 2875 430 2912 po.
453 2861 502 2900 C¹
618 2866 664 2910 ἐξ
687 2863 795 2911 3-48
823 2875 904 2901 om.
928 2861 1030 2899 ACl
1047 2861 1187 2901 Rem.¹
1202 2861 1337 2901 Mon.¹
1354 2860 1474 2902 KM:
1501 2862 1592 2901 hab.
1610 2861 1884 2904 BC2DGTU.

143 2915 312 2954 Contuli
323 2915 509 2956 BC2DT
616 2930 660 2956 11
686 2916 792 2956 Item
807 2917 931 2956 anad.
947 2915 1086 2955 BC2D
1103 2931 1111 2955 z
1132 2916 1269 2956 Anad.
1292 2916 1369 2955 TU
1481 2929 1529 2966 13
1553 2916 1657 2956 vivit
1672 2916 1780 2967 (alt.)
1798 2930 1882 2957 om.

140 2968 418 3010 BC2HBern.
436 2983 515 3021 224
617 2977 766 3011 senatu
791 2971 868 3010 TU
881 2986 888 3011 :
922 2977 1120 3011 senatura
1139 2970 1279 3009 BDH
1294 2973 1418 3010 Bern.
1437 2984 1516 3020 224
1631 2971 1680 3008 18
1711 2977 1885 3021 propter

141 3037 268 3074 quam
286 3025 327 3063 Β
447 3025 562 3065 aliud
583 3039 665 3066 om.
693 3025 742 3064 C²
853 3026 971 3077 quasi
993 3039 1076 3067 om.
1099 3024 1149 3065 C⁴2
1314 3038 1363 3064 21
1396 3027 1508 3065 adul.
1536 3057 1543 3066 .
1569 3056 1576 3064 .
1600 3054 1609 3064 .
1636 3025 1713 3064 fuit
1733 3038 1817 3065 om.
1840 3026 1885 3064 D

140 3091 193 3117 22
221 3079 507 3120 senectutisB
617 3093 669 3130 23
700 3080 1047 3121 decoramentum
1071 3079 1108 3119 T
1210 3081 1441 3119 senectutis
1458 3079 1497 3118 Β
1627 3092 1676 3134 24
1709 3080 1883 3129 ingratis

139 3133 263 3174 Arev.
286 3146 296 3173 ε
324 3136 454 3184 gratis
475 3134 588 3177 codd.
610 3135 751 3187 (etiam
779 3135 837 3186 U)

206 3203 311 3245 1182
986 3205 1021 3245 H
