2176 3424
1078 133 1349 181 ISIDORI

348 259 500 308 ctoria
512 279 525 321 3
550 260 600 308 in
616 260 896 309 ventriculis
913 261 1046 310 enim
1062 261 1332 324 gallinaciis
1351 261 1608 322 invenitur,
1619 264 1898 324 crystallina
1914 263 2090 326 specie,

349 341 689 404 magnitudine
725 342 882 391 fabae.
957 345 1072 391 Hac
1109 341 1158 391 in
1197 342 1548 392 certaminibus
1582 342 1789 393 invictos
1826 343 1931 393 fieri
1966 343 2094 407 magi

289 433 326 482 9
349 425 534 484 volunt,
563 425 602 472 si
628 425 889 474 credimus.
962 426 1225 488 Enhydros
1249 425 1313 474 ab
1337 442 1468 489 aqua
1483 435 1686 487 vocata3
1722 427 1936 476 exundat
1962 428 2094 475 enim

348 523 544 569 aquam,
572 506 639 555 ita
663 516 716 556 ut
741 509 958 556 clausam
985 509 1035 555 in
1061 524 1119 557 ea
1143 517 1285 571 putes
1310 509 1594 557 fontaneam
1620 508 2002 572 scaturriginem.

195 587 326 653 <XIV
487 591 571 638 DE
589 588 822 655 IGNITIS.)
881 589 1121 640 Omnium
1142 590 1422 639 ardentium
1440 607 1745 653 gemmarum
1765 592 2094 655 principatum
2120 608 2142 648 5

348 672 677 721 carbunculus
704 673 869 722 habet.
942 672 1290 723 Carbunculus
1314 682 1480 722 autem
1502 672 1662 722 dictus
1682 674 1819 736 quod
1836 674 1897 722 sit
1915 672 2095 737 ignitus

348 763 401 802 ut
426 755 590 814 carbo,
619 754 758 803 cuius
784 757 941 819 fulgor
975 771 1068 804 nec
1100 764 1250 804 nocte
1283 754 1492 804 vincitur
1510 772 1523 815 3
1558 756 1690 804 lucet
1719 754 1851 803 enim
1882 756 1934 803 in
1966 764 2097 804 tene—

350 837 447 885 bris
472 838 600 886 adeo
626 847 678 886 ut
704 838 928 886 flammas
948 839 1012 886 ad
1029 838 1202 886 oculos
1219 837 1390 886 vibret.
1465 839 1660 886 Genera
1680 838 1784 886 eius
1810 838 2092 896 duodecim,

350 919 437 967 sed
462 918 838 982 praestantiores
860 918 944 982 qui
963 918 1191 968 videntur
1209 920 1392 982 fulgere
1409 927 1457 968 et
1472 918 1622 968 veluti
1642 920 1806 983 ignem
1827 920 2092 968 effundere.

351 1000 694 1050 Carbunculus
719 1010 884 1050 autem
911 1002 1100 1050 Graece
1135 1000 1311 1064 ἄνθραξ
1337 999 1528 1049 dicitur.
1600 999 1828 1064 Gignitur
1861 1000 1911 1048 in
1940 1000 2094 1064 Libya
2123 1017 2173 1044 10

298 1103 328 1136 2
347 1083 482 1145 apud
508 1083 829 1146 Trogodytas.
905 1081 1208 1132 Anthracitis
1234 1092 1434 1132 vocatus
1465 1084 1602 1146 quod
1633 1084 1693 1131 sit
1719 1092 1766 1132 et
1791 1084 1895 1146 ipse
1920 1082 2096 1132 coloris

349 1163 479 1227 ignei
505 1174 557 1213 ut
583 1164 928 1225 carbunculus,
957 1166 1045 1214 sed
1070 1164 1283 1214 candida
1308 1182 1432 1214 vena
1456 1164 1765 1228 praecinctus
1783 1182 1796 1225 3
1831 1164 1969 1213 cuius
1994 1181 2099 1228 pro-

350 1246 510 1310 prium
536 1256 610 1295 est
634 1249 771 1310 quod
795 1246 1003 1296 iactatus
1036 1247 1135 1311 igni
1160 1249 1292 1296 velut
1327 1248 1677 1296 intermortuus
1713 1246 2023 1309 extinguitur,
2050 1255 2099 1295 at

297 1344 328 1390 3
352 1338 522 1377 contra
546 1328 686 1392 aquis
713 1331 937 1392 perfusus
963 1328 1249 1378 exardescit.
1324 1330 1615 1377 Sandasirus
1637 1329 1853 1377 nascitur
1872 1327 1923 1376 in
1942 1329 2094 1388 Indis,

350 1413 461 1460 loco
487 1412 710 1461 eiusdem
735 1411 967 1460 nominis.
1043 1412 1244 1475 Species
1281 1410 1386 1461 eius
1420 1412 1556 1474 quod
1590 1412 1739 1459 veluti
1773 1409 1823 1458 in
1857 1409 2099 1459 tralucido
2127 1426 2172 1466 15

351 1494 463 1557 igne
487 1492 619 1542 intus
644 1494 832 1556 fulgent
856 1510 1034 1543 aureae
1054 1502 1234 1558 guttae.
1310 1495 1519 1543 Constat
1535 1492 1660 1541 inter
1679 1508 1868 1551 omnes,
1887 1501 2099 1555 quantus

296 1592 329 1640 4
352 1592 585 1625 numerus
611 1577 860 1624 stellarum
881 1577 1088 1636 accedit,
1107 1585 1245 1625 tanto
1262 1583 1311 1624 et
1327 1574 1538 1638 pretium
1561 1575 1814 1624 accedere.
1885 1573 2101 1638 Lychnis

351 1675 409 1707 ex
426 1659 604 1707 eodem
621 1675 800 1721 genere
816 1659 1094 1707 ardentium
1106 1666 1193 1719 est,
1205 1658 1454 1722 appellata
1468 1658 1816 1706 alucernarum
1825 1656 2100 1720 flagrantia:

349 1739 562 1804 gignitur
586 1739 637 1788 in
662 1739 828 1788 multis
852 1740 987 1800 locis,
1007 1741 1095 1789 sed
1120 1739 1466 1803 probatissima
1484 1740 1618 1802 apud
1638 1739 1808 1787 Indos.
1881 1737 2100 1800 Quidam

350 1839 459 1870 eam
493 1821 821 1871 remissiorem
858 1822 1215 1870 carbunculum
1253 1837 1361 1870 esse
1399 1820 1640 1870 dixerunt.
1716 1819 1883 1868 Huius
1920 1821 2102 1883 duplex
2127 1839 2169 1867 ac

350 1903 498 1952 facies
516 1922 529 1965 3
579 1919 677 1952 una
714 1919 840 1967 quae
870 1919 1083 1966 purpura
1119 1902 1288 1962 radiat,
1327 1903 1421 1950 alia
1457 1918 1584 1964 quae
1617 1902 1754 1950 cocci
1791 1901 1982 1950 rubore.
2055 1904 2102 1949 A

351 1987 454 2034 sole
481 1987 778 2035 excalefacta
801 1995 886 2034 aut
917 1985 1183 2049 digitorum
1216 1985 1399 2034 adtritu
1433 1986 1598 2048 paleas
1635 1992 1684 2032 et
1717 1985 1994 2031 chartarum
2021 1983 2103 2030 fila

351 2069 415 2116 ad
453 2084 504 2117 se
540 2084 710 2132 rapere
746 2067 959 2129 dicitur,
995 2068 1256 2130 sculpturis
1293 2066 1488 2127 resistit,
1514 2083 1572 2115 ac
1605 2064 1645 2114 si
1676 2067 1879 2128 quando
1912 2066 2103 2128 sculpta

351 2158 439 2210 est,
475 2151 594 2198 dum
631 2149 767 2213 signa
801 2149 1032 2213 inprimit,
1061 2148 1201 2213 quasi
1235 2149 1454 2212 quodam
1483 2147 1687 2197 animali
1717 2164 1883 2196 morsu
1912 2155 2100 2211 partem

300 2248 331 2297 5
351 2249 492 2281 cerae
517 2240 739 2282 retentat.
813 2234 1009 2281 Genera
1033 2231 1137 2281 eius
1163 2240 1408 2294 quattuor.
1481 2230 1829 2280 Carchedonia
1853 2230 1949 2277 hoc
1965 2229 2102 2291 quod
2127 2245 2176 2283 221

352 2324 400 2363 et
438 2314 628 2378 lychnis
667 2316 827 2363 facere
869 2313 1060 2373 dicitur,
1103 2328 1406 2377 quamquam
1447 2314 1607 2360 multo
1653 2310 1792 2359 vilior
1822 2309 2098 2374 praedictis.

353 2396 584 2446 Nascitur
618 2397 753 2459 apud
779 2398 1090 2445 Nasamonas
1122 2395 1295 2454 imbre,
1324 2404 1378 2444 ut
1411 2396 1586 2454 ferunt,
1614 2392 1818 2443 divino:
1856 2391 2101 2440 invenitur

406 2540 432 2578 3
464 2527 646 2567 Enidros
685 2526 748 2567 B:
800 2527 973 2566 Enitros
1014 2525 1119 2565 CK:
1170 2526 1337 2564 Endros
1384 2523 1421 2562 T
1595 2523 1751 2562 exudat
1789 2521 1921 2562 Solin.
1960 2533 2025 2572 37,
2049 2533 2099 2569 24

354 2598 378 2633 4
407 2596 518 2633 aqua
538 2581 583 2620 K
717 2595 741 2632 5
774 2582 956 2621 Omnem
980 2581 1016 2620 T
1147 2583 1175 2620 6
1204 2580 1316 2619 carb.
1336 2584 1432 2619 ante
1453 2579 1580 2618 Omn.
1602 2578 1649 2616 K
1783 2591 1806 2627 7
1836 2576 2002 2626 fulgore
2022 2588 2100 2614 nec

356 2644 523 2678 noctem
553 2636 591 2674 T
693 2651 719 2687 9
748 2638 835 2677 vid.
856 2637 1063 2686 fulgorem
1090 2636 1124 2674 C
1230 2642 1298 2674 et.
1321 2665 1330 2675 .
1351 2663 1361 2673 .
1383 2635 1453 2674 eff.
1475 2646 1558 2672 om.
1581 2631 1628 2670 K
1793 2644 1841 2670 10
1871 2630 2101 2669 Antracitis

363 2693 421 2732 T:
450 2691 595 2732 —disK
610 2706 618 2731 :
647 2691 891 2732 Antracites
904 2690 982 2730 BC
1084 2703 1132 2740 13
1162 2691 1262 2740 igne
1281 2688 1316 2728 C
1412 2689 1524 2728 inter
1536 2693 1723 2727 mortuos
1737 2685 1849 2725 codd.
1961 2698 2010 2734 14
2038 2684 2101 2722 in-

355 2747 540 2788 ardescit
561 2745 607 2784 K
678 2747 934 2786 Sandasirus
949 2745 995 2783 K
1001 2744 1038 2783 T
1053 2760 1063 2785 t
1083 2744 1363 2785 Scandasirus
1376 2742 1417 2780 Β
1435 2758 1444 2783 :
1467 2743 1696 2783 Sandarius
1715 2740 1750 2780 C
1843 2741 1894 2778 16
1911 2739 2101 2789 fulgente

357 2803 399 2841 Β
418 2817 428 2842 :
455 2802 661 2852 fulgiente
681 2800 727 2838 Κ
745 2815 753 2840 :
784 2802 997 2852 fulgentes
1020 2800 1056 2839 C
1213 2813 1277 2839 co,
1298 2804 1440 2838 autem
1461 2799 1518 2838 in.
1545 2797 1580 2836 C
1783 2808 1830 2844 17
1859 2793 1960 2833 still.
1978 2794 2103 2833 Arev.

359 2858 563 2898 accendet
588 2855 641 2895 T²
662 2855 738 2908 (Tl
758 2870 797 2896 n.
814 2857 860 2905 l.)
1016 2854 1152 2905 pretio
1173 2853 1220 2892 K
1386 2866 1452 2903 qu.
1479 2864 1657 2892 numero
1678 2855 1729 2889 st.
1750 2850 1922 2910 accedat
1939 2854 2104 2887 tantum

359 2918 402 2952 et
432 2912 571 2963 pretio
598 2910 716 2958 Plz’n.
741 2910 793 2950 N.
824 2910 884 2952 H.
915 2922 980 2961 37,
1009 2922 1080 2949 101
1254 2908 1396 2947 Lienis
1425 2907 1497 2947 K:
1538 2905 1688 2956 Lignis
1717 2903 2024 2952 BT:-1.1gnes
2055 2900 2104 2941 C¹
2173 2956 2176 2962 A

360 2979 407 3005 21
440 2966 608 3006 ruboris
628 2966 692 3005 B:
721 2965 885 3005 roboris
904 2964 951 3002 K
967 2991 969 2994 ι
1104 2976 1155 3002 22
1184 2968 1257 3002 aut
1277 2963 1362 3012 dig.
1384 2963 1468 3002 adt.
1487 2975 1571 3001 om.
1591 2959 1638 2997 K
1791 2970 1844 3008 23
1871 2957 2104 3020 sculptori*
2171 2985 2176 2991 .

360 3021 426 3060 Β;
456 3021 742 3072 sculptoribus
762 3019 810 3057 K
827 3034 836 3059 :
865 3019 1093 3070 scalpturis
1111 3018 1245 3057 Solin.
1268 3030 1334 3067 52,
1357 3020 1412 3056 60
1523 3012 1708 3055 resculta
1727 3012 1773 3051 K
1897 3014 1950 3051 26
1977 3012 2105 3062 lignis
2170 3009 2176 3050 i

361 3076 473 3115 codd.
588 3075 764 3115 multum
785 3073 866 3112 BC
871 3073 908 3112 T
