2176 3424
1052 147 1325 197 ISIDORI

309 278 500 340 fingunt
535 276 730 325 fabulae
766 277 1035 325 draconem
1077 274 1360 339 pervigilem
1402 291 1548 324 aurea
1588 277 1718 324 mala
1760 284 2050 326 servantem.

310 361 482 408 Fertur
507 359 639 408 enim
666 358 734 407 ibi
761 375 787 408 e
818 358 938 406 mari
971 357 1269 407 aestuarium
1301 357 1429 406 adeo
1459 357 1669 406 sinuosis
1699 358 1932 407 lateribus
1962 367 2055 407 tor-

239 451 507 491 11tuosum
533 451 587 490 ut
617 442 887 490 visentibus
918 442 1089 503 procul
1120 442 1287 503 lapsus
1318 456 1536 503 angueos
1567 439 1796 489 imitetur.
1871 442 2057 504 Chryse

310 534 358 574 et
383 527 569 588 Argyre
595 523 781 572 insulae
810 522 860 570 in
888 523 1067 571 Indico
1094 523 1301 571 Oceano
1329 523 1464 580 sitae,
1493 523 1619 571 adeo
1645 523 1889 571 fecundae
1915 522 2058 585 copia

312 608 623 656 metallorum
654 615 708 654 ut
741 606 963 668 plerique
994 621 1075 653 eas
1109 620 1307 653 auream
1345 603 1653 666 superficiem
1695 614 1742 652 et
1776 614 2055 668 argenteam
2085 628 2107 668 5

238 705 289 739 12
312 690 494 738 habere
531 687 867 752 pro-diderint;
912 688 1045 735 unde
1083 695 1130 734 et
1165 686 1406 734 vocabula
1442 687 1640 734 sortitae
1677 695 1805 734 sunt.
1878 690 2060 749 Tapro-

312 774 440 821 bane
466 771 625 818 insula
652 769 826 818 Indiae
853 769 1115 818 subiacens
1145 771 1210 818 ad
1239 770 1439 826 Eurum,
1468 784 1526 816 ex
1551 785 1650 830 qua
1675 769 1907 817 Oceanus
1929 769 2060 817 Indi-

310 871 396 902 cus
428 852 612 915 incipit,
641 861 814 914 patens
845 851 895 899 in
927 850 1236 914 longitudine
1271 849 1565 912 octingentis
1592 851 1902 912 septuaginta
1922 849 2060 912 quin-

310 953 407 1001 que
444 934 642 983 milibus
684 950 934 997 passuum,
974 933 1023 980 in
1062 932 1323 981 latitudine
1362 940 1587 980 sescenta
1630 931 1798 994 viginti
1837 931 2058 995 quinque

312 1017 446 1068 milia
471 1015 755 1065 stadiorum.
831 1014 1080 1063 Scinditur
1111 1015 1245 1062 amni
1271 1013 1498 1062 interfluo
1519 1027 1532 1070 ;
1570 1021 1672 1061 tota
1698 1012 1965 1076 margaritis
1991 1029 2059 1061 re-
2086 1034 2135 1063 10

312 1101 444 1164 pleta
486 1107 534 1147 et
572 1096 809 1161 gemmis:
847 1113 956 1159 pars
995 1096 1099 1145 eius
1137 1095 1306 1145 bestiis
1344 1103 1392 1144 et
1431 1094 1706 1157 elephantis
1745 1096 1929 1157 repleta
1971 1103 2057 1153 est,

313 1191 500 1245 partem
520 1196 635 1228 vero
655 1180 883 1227 homines
903 1187 1086 1227 tenent.
1151 1179 1212 1226 In
1237 1179 1329 1226 hac
1355 1178 1514 1225 insula
1534 1176 1706 1225 dicunt
1731 1176 1781 1224 in
1806 1193 1908 1225 uno
1927 1192 2060 1224 anno

314 1266 437 1314 duas
462 1279 569 1312 esse
588 1270 798 1310 aestates
824 1269 871 1309 et
896 1261 1018 1309 duas
1038 1262 1240 1319 hiemes,
1261 1268 1309 1308 et
1334 1259 1409 1307 bis
1430 1258 1632 1306 fioribus
1651 1274 1852 1307 vernare
1879 1260 2057 1307 locum.

238 1369 292 1415 13
315 1346 449 1395 Tiles
492 1345 652 1392 insula
695 1342 885 1401 Indiae,
930 1342 1090 1391 virens
1135 1340 1272 1390 omni
1311 1350 1532 1404 tempore
1575 1339 1705 1388 folia.
1780 1342 2060 1402 Hucusque

235 1445 293 1491 14
317 1426 508 1479 Oceani
526 1426 728 1475 insulae.
786 1427 912 1473 Item
932 1426 1120 1473 insulae
1140 1440 1267 1487 quae
1285 1424 1616 1486 Hellesponto
1635 1439 1792 1485 usque
1811 1424 1875 1472 ad
1894 1423 2061 1471 Gades
2091 1443 2135 1483 ¹5

317 1508 367 1556 in
414 1525 548 1556 mare
593 1509 780 1570 Magno
818 1516 932 1555 sunt
968 1506 1279 1556 constitutae.
1356 1507 1546 1568 Cypros
1594 1505 1755 1553 insula
1796 1521 1825 1552 a
1867 1503 2063 1553 civitate

316 1590 497 1654 Cypro,
518 1605 646 1653 quae
666 1588 717 1636 in
736 1605 794 1637 ea
809 1597 896 1648 est,
916 1604 1100 1637 nomen
1127 1588 1319 1650 accepit
1341 1605 1352 1646 3
1380 1586 1485 1649 ipsa
1505 1595 1577 1635 est
1597 1595 1644 1635 et
1663 1588 1860 1650 Paphos
1881 1585 2062 1634 Veneri

317 1681 603 1721 consecrata
634 1671 683 1719 in
711 1670 982 1734 Carpathio
1013 1671 1149 1729 mari,
1177 1669 1338 1718 vicina
1363 1671 1560 1728 Austro,
1589 1669 1777 1717 famosa
1808 1669 2061 1731 quondam

317 1753 512 1813 divitiis,
532 1762 580 1802 et
604 1752 816 1802 maxime
835 1752 973 1801 aeris.
1049 1751 1129 1800 Ibi
1149 1750 1281 1800 enim
1302 1750 1459 1814 prima
1477 1750 1621 1798 huius
1643 1749 1826 1799 metalli
1844 1749 2063 1798 inventio

241 1859 296 1907 15
319 1847 367 1886 et
391 1835 574 1885 utilitas
605 1834 710 1883 fuit.
783 1835 932 1884 Creta
963 1835 1199 1882 Graeciae
1233 1849 1342 1896 pars
1376 1841 1448 1880 est
1481 1831 1689 1894 iungens
1722 1840 1892 1879 contra
1926 1833 2063 1880 Pelo-
2089 1851 2139 1879 20

318 1934 643 1982 ponnensem.
701 1919 845 1966 Haec
871 1915 1084 1979 primum
1105 1932 1133 1963 a
1153 1913 1390 1977 temperie
1416 1913 1539 1962 caeli
1567 1915 1956 1961 Macaronnesos
1982 1929 2063 1975 ap-

318 2003 496 2064 pellata
522 2009 595 2049 est
615 2016 626 2058 ;
664 1998 849 2048 deinde
870 1999 1018 2048 Creta
1038 1996 1171 2046 dicta
1188 2014 1217 2045 a
1238 1997 1384 2046 Crete
1404 1996 1623 2058 quodam
1643 1994 1889 2058 indigena,
1913 2011 2060 2058 quern

314 2082 453 2130 aiunt
478 2099 633 2129 unum
661 2082 899 2131 Curetum
933 2079 1094 2139 fuisse,
1122 2096 1151 2127 a
1185 2078 1365 2142 quibus
1401 2076 1623 2140 Iuppiter
1649 2076 1718 2126 ibi
1741 2076 2063 2126 absconditus

317 2173 390 2214 est
415 2173 463 2213 et
489 2163 743 2213 enutritus.
815 2164 905 2211 Est
929 2170 1096 2211 autem
1121 2161 1281 2209 insula
1307 2160 1544 2209 Graeciae
1569 2158 1694 2207 inter
1718 2167 1879 2207 ortum
1906 2168 1953 2207 et
1979 2175 2062 2208 oc-

317 2263 486 2295 casum
512 2247 799 2309 longissimo
825 2252 982 2293 tractu
1008 2252 1244 2307 porrecta,
1267 2259 1296 2290 a
1315 2240 1650 2305 septentrione
1670 2241 1906 2290 Graeciae
1924 2239 2063 2289 aesti-
2086 2257 2106 2285 2
2115 2258 2137 2299 5

318 2329 424 2388 bus,
452 2329 516 2376 ab
542 2330 724 2376 Austro
750 2325 1003 2390 Aegyptiis
1029 2326 1176 2374 undis
1201 2325 1410 2388 perfusa.
1486 2323 1598 2370 Fuit
1621 2330 1787 2371 autem
1807 2324 2062 2385 quondam

235 2417 294 2464 16
318 2419 520 2459 centum
537 2408 741 2457 urbibus
762 2407 941 2457 nobilis
959 2424 971 2467 ;
1010 2407 1143 2456 unde
1164 2416 1212 2455 et
1233 2405 1612 2467 Hecatompolis
1634 2403 1766 2452 dicta
1782 2413 1868 2452 est.
1901 2404 2065 2453 Prima

375 2549 392 2574 1
426 2547 597 2573 auream
625 2534 732 2572 alam
763 2533 809 2570 K
971 2545 996 2570 2
1027 2532 1072 2584 e]
1094 2531 1166 2570 hie
1186 2530 1232 2568 K
1250 2533 1344 2581 (pro
1364 2529 1406 2568 in
1428 2542 1527 2569 corr.
1553 2530 1623 2581 el)
1789 2541 1814 2578 3
1845 2531 1995 2579 anguis
2021 2530 2068 2569 K

318 2591 468 2631 Crisae
488 2589 602 2628 BK:
633 2588 802 2627 Crissae
825 2587 885 2626 C:
915 2587 1038 2626 Crise
1067 2586 1105 2625 T
1226 2598 1251 2635 4
1281 2585 1445 2634 argirae
1465 2584 1610 2624 BCK:
1640 2583 1780 2633 argire
1809 2584 1847 2622 T
1949 2585 2064 2624 indie

325 2647 363 2685 T
501 2646 527 2682 6
556 2644 832 2694 prodiderunt
860 2642 921 2681 T:
952 2641 1215 2680 crediderint
1236 2639 1282 2678 K
1386 2638 1670 2688 Thaprobane
1695 2638 1752 2677 T:
1782 2638 2063 2689 Taprobanae

320 2701 378 2740 C:
410 2698 658 2750 Taporbana
679 2698 746 2736 B:
776 2697 1027 2736 Tabrobana
1046 2696 1093 2734 K
1283 2708 1304 2744 7
1335 2694 1473 2733 insule
1512 2693 1549 2731 T
1707 2692 1782 2744 ex]
1806 2694 1848 2732 in
1876 2695 1923 2733 K
1942 2708 1950 2732 :
1977 2707 2002 2732 a
2032 2693 2068 2732 C

317 2769 399 2806 quo
428 2753 551 2794 BCK
713 2754 739 2791 8
768 2757 878 2802 sept.
899 2750 994 2802 qu.]
1015 2764 1102 2790 xxv
1136 2751 1171 2790 C
1335 2761 1383 2798 13
1413 2748 1505 2787 loco
1531 2747 1568 2785 T
1728 2761 1777 2796 14
1805 2747 1930 2787 Vtilis
1949 2747 2057 2787 codd.

318 2808 505 2859 insulae]
524 2807 661 2847 insula
673 2806 756 2845 Blz
779 2807 863 2845 inle
887 2806 940 2844 T1
1053 2818 1101 2856 15
1131 2818 1198 2855 qu.
1217 2803 1270 2843 ab
1287 2803 1402 2843 Hell.
1427 2803 1465 2841 T
1567 2802 1687 2851 gadis
1705 2802 1746 2840 Β
1858 2814 1904 2852 17
1934 2802 2061 2852 pafon

319 2864 430 2904 codd.
544 2862 717 2902 veneris
746 2861 783 2899 T
918 2862 966 2899 18
997 2860 1186 2910 car-patio
1209 2858 1319 2898 codd.
1462 2871 1516 2897 20
1544 2857 1614 2897 Cr.
1640 2856 1713 2896 Gr.
1734 2856 1870 2895 insula
1890 2856 1956 2896 B:
1988 2857 2058 2896 Cr.

320 2919 458 2958 insula
480 2918 557 2958 Gr.
575 2916 611 2956 C
718 2916 871 2966 ingens
886 2916 1011 2956 Arev.
1036 2930 1044 2954 ε
1072 2915 1144 2954 vix
1158 2914 1305 2953 iacens
1414 2925 1462 2950 21
1486 2923 1823 2951 macaronneson
1841 2911 1924 2962 (vel
1938 2912 2058 2964 sim.)

319 2973 431 3014 codd.
454 2979 492 3012 et
497 2973 600 3023 fort.
619 2971 720 3011 Isid.
849 2984 900 3009 22
932 2969 1069 3022 crete]
1092 2981 1192 3018 rege
1216 2966 1252 3006 C
1355 2967 1569 3017 quondam
1598 2967 1636 3004 T
1738 2978 1789 3014 23
1818 2970 2059 3004 curetarum

321 3030 429 3081 (cre-
463 3028 519 3078 B)
549 3026 661 3066 codd.
830 3039 880 3075 24
912 3025 1097 3064 nutritus
1124 3022 1205 3062 BC
1324 3021 1419 3073 Gr.]
1455 3021 1572 3071 regie
1612 3019 1665 3058 T1
1773 3019 1904 3071 inter]
1935 3021 1989 3059 ad
2017 3021 2062 3059 K

320 3095 371 3132 25
401 3083 656 3133 porrigenda
676 3081 722 3119 K
1978 3080 1982 3084 “
