2176 3424
422 137 1050 186 ETYMOLOGIARVM
1092 137 1220 184 LIB.
1261 138 1369 183 XV.
1410 137 1468 195 iv,
1498 153 1526 183 v

106 269 354 315 fornacem
381 267 518 330 ignis,
537 267 922 316 stabilimentum
951 268 1151 329 pedum,
1175 268 1552 315 fundamentum
1579 282 1738 329 aquae
1754 283 1766 325 ;
1802 266 1851 315 in

105 365 205 412 quo
241 349 499 412 plenitudo
532 349 799 398 divinitatis
834 348 1021 398 habitat
1051 348 1378 413 corporaliter.
1454 348 1692 398 Basilicae
1718 348 1850 412 prius
1877 365 1922 400 11

105 431 407 480 vocabantur
443 449 610 495 regum
654 431 948 489 habitacula,
987 433 1120 480 unde
1157 440 1204 480 et
1246 447 1431 480 nomen
1468 431 1688 491 habent,⁸
1735 449 1848 480 nam

104 515 336 576 βασιλεὺς
354 523 442 562 'rex
467 523 513 563 et
538 513 770 562 basilicae
794 513 952 576 regiae
978 512 1318 562 habitationes.
1370 515 1520 562 Nunc
1544 521 1710 562 autem
1738 513 1852 563 ideo

59 613 81 653 5
106 595 270 644 divina
296 597 480 659 templa
512 595 743 644 basilicae
768 595 1100 656 nominantur,
1128 595 1242 658 quia
1269 594 1336 644 ibi
1362 595 1461 659 regi
1487 594 1711 644 omnium
1740 597 1851 644 Deo

107 678 265 726 cultus
309 687 356 726 et
405 677 638 727 sacrificia
686 680 967 726 offeruntur.
1060 676 1349 740 Martyrium
1398 679 1535 725 locus
1584 686 1849 740 martyrum
1876 689 1930 725 12

107 759 296 808 Graeca
343 759 658 820 derivatione,
710 776 769 807 eo
818 760 953 821 quod
1001 758 1050 807 in
1094 758 1332 808 memoria
1381 758 1600 822 martyris
1640 758 1700 807 sit
1739 776 1850 808 con-

105 850 357 901 structum,
403 843 478 890 vel
521 843 656 904 quod
697 842 955 904 sepulchra
996 850 1278 889 sanctorum
1318 840 1386 889 ibi
1427 840 1523 889 sint
1566 850 1846 904 martyrum.

106 925 256 971 Aram
297 923 497 986 quidam
537 932 760 972 vocatam
801 922 1027 971 dixerunt
1065 924 1200 985 quod
1240 922 1307 971 ibi
1346 922 1576 971 incensae
1623 922 1850 971 victimae
1875 942 1930 989 13

33 1021 85 1052 10
106 1006 323 1054 ardeant.
395 1004 494 1052 Alii
527 1021 632 1053 aras
667 1006 838 1054 dicunt
863 1021 890 1053 a
920 1004 1300 1067 precationibuS,
1331 1003 1382 1052 id
1416 1013 1488 1052 est
1522 1021 1643 1067 quas
1675 1005 1852 1054 Graeci

107 1089 218 1150 ἀρὰς
264 1086 467 1147 dicunt,
525 1088 658 1135 unde
706 1095 876 1135 contra
936 1085 1206 1149 inprecatio
1256 1090 1430 1150 κατάρα
1477 1086 1668 1135 dicitur.
1754 1087 1852 1136 Alii

105 1170 276 1217 volunt
308 1169 371 1217 ab
400 1168 661 1217 altitudine
694 1185 813 1228 aras,
851 1170 938 1218 sed
976 1171 1116 1218 male.
1192 1171 1359 1218 Altare
1396 1178 1560 1218 autem
1599 1170 1663 1218 ab
1697 1170 1856 1219 altitu-
1879 1181 1935 1228 14

105 1250 221 1300 dine
246 1260 439 1299 constat
465 1268 571 1299 esse
597 1250 922 1310 nominatum,
952 1251 1092 1313 quasi
1129 1253 1227 1300 alta
1252 1268 1347 1300 ara.
1422 1251 1690 1314 Pulpitum‚
1718 1254 1854 1315 quod
1878 1261 1929 1310 15

105 1333 155 1380 in
180 1349 239 1382 eo
265 1335 417 1381 lector
441 1335 515 1381 vel
550 1333 803 1396 psalmista
832 1333 1021 1396 positus
1048 1333 1096 1381 in
1128 1334 1329 1396 publico
1366 1333 1587 1396 conspici
1611 1351 1641 1382 a
1666 1337 1852 1398 populo

33 1435 81 1477 15
105 1415 272 1479 possit,
302 1432 401 1478 quo
427 1414 625 1464 liberius
650 1415 891 1465 audiatur.
962 1415 1217 1476 Tribunal,
1247 1433 1307 1465 eo
1334 1418 1470 1480 quod
1500 1417 1617 1465 inde
1642 1434 1671 1465 a
1695 1434 1850 1466 sacer·
1877 1414 1936 1461 16

103 1499 220 1547 dote
245 1497 520 1546 tribuantur
555 1507 816 1561 praecepta
841 1498 1051 1548 vivendi.
1128 1501 1215 1547 Est
1241 1499 1371 1547 enim
1407 1501 1543 1547 locus
1575 1498 1624 1546 in
1652 1499 1851 1548 sublimi

102 1579 411 1639 constitutus,
440 1581 573 1629 unde
610 1579 821 1629 universi
859 1581 1089 1630 exaudire
1126 1580 1328 1643 possint.
1404 1581 1539 1630 Alias
1576 1581 1789 1630 tribunal
1823 1599 1851 1631 a

102 1661 231 1711 tribu
269 1661 657 1722 denominatum,
698 1665 833 1725 quod
876 1665 939 1712 ad
982 1663 1103 1713 illud
1143 1663 1295 1712 tribus
1332 1673 1645 1713 convocetur.
1721 1667 1851 1713 Ana·
1876 1670 1927 1720 17

103 1743 286 1807 logium
308 1743 495 1793 dictum
517 1745 652 1807 quod
673 1760 833 1793 sermo
859 1745 975 1794 inde
1001 1747 1308 1808 praedicetur
1325 1764 1338 1807 ς
1364 1762 1478 1794 nam
1499 1748 1642 1813 λόγος
1661 1748 1851 1795 Graece

31 1844 83 1873 20
106 1842 266 1875 sermo
291 1825 469 1874 dicitur
487 1844 498 1886 3
536 1827 671 1889 quod
698 1835 745 1875 et
779 1826 922 1888 ipsud
955 1826 1098 1875 altius
1134 1827 1280 1876 situm
1314 1837 1385 1877 est
1421 1826 1495 1894 [ut
1521 1828 1570 1876 in
1606 1845 1664 1877 eo
1699 1830 1851 1877 lector

104 1909 179 1956 vel
213 1907 465 1971 psalmista
499 1907 686 1970 positus
718 1907 767 1955 in
801 1908 1003 1971 publico
1034 1909 1253 1972 conspici
1279 1927 1307 1958 a
1338 1912 1524 1973 populo
1555 1910 1720 1974 possit,
1750 1927 1850 1974 quo

103 1988 301 2038 liberius
326 1988 591 2055 audiatur]

239 2073 321 2119 DE
360 2086 732 2120 REPoslToRHS.
807 2072 1080 2121 Sacrarium
1119 2075 1312 2137 proprie
1340 2084 1411 2123 est
1438 2076 1575 2123 locus
1601 2075 1772 2139 templi
1799 2075 1848 2124 in
1873 2083 1910 2122 V

103 2169 202 2215 quo
228 2169 362 2201 sacra
388 2162 690 2216 reponuntur
712 2172 725 2214 3
761 2153 886 2202 sicut
923 2154 1183 2204 donarium
1210 2165 1282 2204 est
1316 2156 1366 2204 in
1401 2173 1501 2220 quo
1526 2160 1849 2208 conlocantur

34 2250 79 2291 25
103 2235 269 2283 oblata
287 2253 299 2295 ;
336 2235 460 2284 sicut
486 2235 781 2285 lectisternia
808 2235 1039 2285 dicuntur
1075 2237 1160 2286 ubi
1186 2237 1413 2287 homines
1448 2240 1619 2288 sedere
1644 2256 1847 2290 consue-

103 2326 290 2364 verunt.
362 2318 442 2365 Ab
481 2316 745 2366 inferendis
783 2317 926 2380 igitur
962 2327 1009 2366 et
1046 2319 1364 2381 deportandis
1403 2322 1548 2369 sacris
1583 2322 1846 2371 sacrarium

105 2407 428 2460 nuncupatur.
496 2399 712 2447 Donaria
739 2415 867 2458 vero,
897 2415 956 2448 eo
983 2402 1117 2461 quod
1145 2400 1211 2448 ibi
1238 2403 1370 2450 dona
1395 2413 1695 2466 reponantur
1721 2421 1847 2468 quae
1871 2412 1901 2446 2

20 2510 38 2557 '
164 2542 180 2567 1
214 2528 498 2567 stabilimento
521 2526 564 2564 K
726 2541 749 2566 2
783 2529 1063 2578 conpar-aliter
1087 2530 1134 2568 Cl
1271 2531 1454 2570 Basilica
1474 2532 1519 2569 K
1672 2545 1697 2582 4
1727 2531 1790 2571 vel
1807 2539 1848 2571 et

105 2581 314 2627 βασιλικαί
425 2595 448 2632 5
476 2596 540 2632 qu.
559 2584 674 2631 regio
691 2596 769 2621 om.
787 2584 867 2622 deo
885 2584 1042 2622 cultum
1061 2584 1114 2622 ibi
1131 2591 1170 2623 et
1186 2587 1394 2625 sacrificio
1410 2586 1568 2636 K(non
1586 2587 1710 2627 Harl.
1728 2590 1849 2640 extr.)

105 2640 132 2676 6
163 2638 244 2677 Ma.
266 2638 346 2677 loc.
368 2637 557 2687 martyrii
582 2638 686 2688 (-ti-)
713 2636 830 2675 CBK
993 2652 1013 2687 7
1045 2640 1153 2688 quod
1178 2639 1272 2678 CT:
1305 2642 1399 2690 quia
1421 2640 1507 2679 ΒΚ
1683 2643 1708 2680 8
1739 2654 1848 2680 mar-

107 2693 212 2742 tyris
231 2706 280 2731 ex
297 2705 405 2730 nrum
428 2691 472 2728 K
650 2705 699 2731 10
729 2705 753 2731 a
774 2693 967 2742 precibus
990 2692 1105 2734 Serv.
1130 2694 1188 2733 ad
1203 2694 1308 2734 Aen.
1333 2709 1368 2747 2,
1394 2708 1473 2746 515
1616 2702 1682 2736 est
1702 2709 1784 2735 om.
1808 2695 1852 2733 K

112 2759 154 2785 11
189 2746 299 2797 και]
323 2754 462 2785 satura
485 2746 543 2785 C:
574 2752 732 2785 statura
753 2746 793 2784 Β
925 2761 972 2785 12
1003 2761 1062 2787 ar.
1086 2749 1166 2787 dici
1190 2751 1263 2788 sed
1293 2749 1329 2786 T
1455 2764 1501 2801 13
1534 2751 1789 2791 nominatam
1815 2752 1849 2791 C

108 2799 238 2851 quod]
260 2802 355 2851 quia
378 2801 419 2838 Β
628 2813 675 2850 15
707 2801 807 2854 quo]
832 2803 939 2852 quod
962 2802 1002 2839 Β
1021 2801 1144 2842 Harl.
1167 2809 1266 2843 extr.
1286 2821 1293 2845 2
1324 2810 1367 2843 ut
1388 2804 1434 2842 K
1637 2819 1682 2855 17
1715 2819 1784 2845 un.
1808 2812 1849 2844 et

108 2856 193 2896 uni.
217 2856 406 2895 exaudiri
431 2855 475 2892 K
622 2862 799 2904 possunt
818 2857 853 2895 C
1033 2859 1079 2896 18
1109 2859 1240 2896 tribus
1261 2860 1356 2899 den.
1381 2859 1478 2899 BC:
1512 2861 1667 2899 tributa
1690 2861 1847 2899 enomi-

109 2916 250 2950 natum
273 2909 318 2947 K
443 2911 557 2949 illum
580 2909 701 2948 BCT
716 2911 768 2961 (et
786 2911 884 2951 Isid.
899 2915 929 2962 2)
1091 2925 1140 2962 19
1171 2913 1324 2952 dictum
1345 2928 1427 2954 om.
1452 2914 1496 2951 K
1653 2927 1705 2953 20
1736 2916 1846 2964 quod

109 2964 188 3014 ips.
211 2963 316 3002 B1K
484 2966 575 3014 ipso
597 2965 667 3003 alt.
692 2966 745 3004 sit
765 2966 887 3004 situm
913 2966 957 3004 K
1131 2967 1195 3019 ut]
1223 2968 1289 3006 vel
1325 2967 1362 3006 T
1521 2975 1563 3007 ut
1586 2969 1626 3007 in
1649 2998 1658 3008 .
1684 3001 1692 3009 .
1718 2999 1728 3009 .
1753 2971 1845 3009 aud.

108 3019 198 3058 hab.
225 3018 326 3058 CT:
357 3033 437 3058 om.
461 3018 547 3056 RK
569 3019 632 3068 (cs.
662 3024 680 3067 ξ
709 3021 775 3071 15)
962 3034 1008 3059 21
1043 3022 1082 3059 in
1107 3022 1215 3072 publ.
1241 3037 1320 3062 om.
1353 3023 1389 3061 T
1540 3037 1639 3073 pop.
1661 3025 1714 3063 sit
1736 3026 1846 3074 quod

108 3073 180 3112 lib.
209 3072 255 3111 C¹
393 3087 444 3123 23
475 3086 564 3122 pro.
588 3075 666 3113 loc.
693 3073 737 3110 K
881 3088 932 3124 25
962 3076 1098 3114 ablata
1120 3075 1250 3113 BKT
1382 3091 1430 3126 27
1462 3085 1756 3128 nuncupantur
1778 3079 1854 3118 CT

110 3133 316 3177 reponant
338 3126 381 3164 K
