2176 3424
1096 134 1367 183 ISIDORI

360 266 695 329 septentrione
714 267 928 315 directus
944 283 973 314 a
993 265 1192 315 cardine
1208 266 1330 315 caeli
1346 276 1418 315 est
1437 286 1449 327 3
1485 284 1599 316 nam
1617 266 1721 315 sine
1737 267 1892 316 dubio
1909 268 2098 315 caelum

359 349 559 396 vertitur
583 348 632 396 in
661 346 1031 412 septentrionali
1065 346 1198 396 orbe.
1274 350 1594 396 Decumanus
1621 357 1693 396 est
1719 350 1801 411 qui
1826 348 1890 396 ab
1915 347 2101 396 oriente

358 429 409 478 in
434 430 746 480 occidentem
772 447 858 494 per
882 439 1210 479 transversum
1248 429 1483 494 dirigitur,
1510 430 1595 493 qui
1627 446 1716 493 pro
1749 447 1808 478 eo
1845 431 1981 492 quod
2014 431 2103 478 for-

360 529 492 561 mam
518 515 565 560 X
590 512 735 561 faciat
762 515 1069 561 decumanus
1095 521 1168 561 est
1193 514 1483 576 appellatus.
1555 515 1686 576 Ager
1719 511 1850 560 enim
1883 511 1957 559 bis
1988 512 2104 559 divi-

307 604 337 653 5
362 612 443 643 sus
478 596 681 658 figuram
720 594 907 644 denarii
943 594 1135 644 numeri
1172 595 1331 644 efficit.
1405 597 1535 643 Arca
1563 594 1626 642 ab
1655 595 1870 642 arcendo
1902 601 2104 642 vocata:
2129 609 2150 648 5

364 679 487 726 fines
527 678 658 726 enim
701 677 802 741 agri
845 676 1061 725 custodit
1104 693 1288 739 eosque
1335 676 1470 725 adire
1517 675 1760 740 probibet.
1846 673 2107 722 Trifinium

363 759 552 808 dictum
579 776 638 808 eo
666 761 802 822 quod
827 759 973 808 trium
1000 760 1371 822 possessionum
1397 759 1520 807 fines
1554 756 1825 820 adstringit.
1899 757 2036 804 Hinc
2062 763 2109 803 et

364 841 729 905 quadrifinium,
765 843 902 904 quod
939 850 1185 903 quattuor.
1274 840 1471 903 Reliqui
1507 839 1687 888 limites
1724 837 2026 902 angustiores
2064 846 2111 885 et

365 924 490 973 inter
516 940 568 972 se
593 924 776 973 distant
803 924 1055 986 inparibus
1082 922 1345 972 intervallis
1372 932 1420 971 et
1445 921 1730 970 nominibus
1756 919 2036 983 designatis.

262 1015 342 1055 XV
503 1008 586 1054 DE
613 1021 877 1055 MENsvms
905 1020 1177 1054 AGRORVM.
1261 1007 1498 1053 Mensura
1518 1012 1591 1053 est
1607 1002 1851 1066 quidquid
1875 1002 2109 1066 pondere,
2138 1016 2176 1044 1<

365 1089 650 1152 capacitate,
679 1087 1002 1152 longitudine,
1030 1087 1305 1144 altitudine,
1331 1085 1605 1145 latitudine,
1632 1084 1899 1147 animoque
1931 1082 2109 1131 finitur.

367 1174 583 1221 Maiores
609 1170 776 1233 itaque
806 1171 976 1219 orbern
1005 1172 1054 1218 in
1079 1170 1310 1233 partibus,
1339 1178 1499 1232 partes
1537 1169 1588 1215 in
1620 1165 1897 1232 provinciis,
1924 1163 2114 1229 provin-

366 1255 465 1303 cias
482 1253 531 1301 in
552 1253 847 1316 regionibus,
868 1252 1091 1315 regiones
1108 1252 1158 1299 in
1179 1251 1313 1311 locis,
1333 1253 1443 1299 loca
1459 1250 1509 1298 in
1526 1248 1788 1309 territoriis,
1808 1246 2047 1297 territoria
2062 1246 2113 1293 in

365 1339 504 1402 agris,
523 1352 663 1399 agros
689 1335 739 1383 in
765 1334 1012 1394 centuriis,
1042 1334 1285 1384 centurias
1316 1333 1366 1381 in
1400 1332 1660 1396 iugeribus,
1689 1333 1852 1394 iugera
1877 1330 1927 1378 in
1952 1329 2113 1378 clima-

366 1417 512 1478 tibus,
542 1419 724 1467 deinde
751 1419 947 1466 climata
973 1417 1022 1464 in
1049 1426 1202 1477 actus,
1230 1415 1452 1480 perticas,
1474 1431 1659 1478 passus,
1689 1415 1881 1476 gradus,
1903 1411 2110 1470 cubitos,
2141 1426 2176 1465 15

368 1501 535 1563 pedes,
558 1502 764 1564 palmos,
788 1499 957 1548 uncias
984 1508 1031 1548 et
1058 1498 1237 1562 digitos
1259 1497 1539 1546 dividerunt
1561 1514 1573 1557 ;
1610 1504 1744 1544 tanta
1760 1496 1891 1544 enim
1908 1493 1998 1542 fuit
2013 1493 2114 1542 illo-

314 1600 344 1634 2
368 1601 475 1632 rum
503 1582 729 1632 sollertia.
795 1582 990 1645 Digitus
1017 1590 1090 1631 est
1111 1598 1220 1644 pars
1242 1580 1446 1628 minima
1471 1577 1731 1642 agrestiun]
1760 1593 2113 1625 mensurarum.

371 1668 498 1715 Inde
518 1666 664 1714 uncia
683 1665 873 1714 habens
894 1664 1071 1727 digitos
1091 1672 1200 1712 tres.
1278 1664 1477 1710 Palmus
1496 1670 1660 1710 autern
1688 1669 1918 1723 quattuor
1936 1657 2114 1721 digitos

366 1749 530 1809 habet,
559 1765 645 1811 pes
673 1747 905 1806 sedecim,
933 1763 1106 1810 passus
1131 1746 1285 1809 pedes
1311 1744 1545 1807 quinque,
1566 1744 1750 1806 pertica
1774 1757 1945 1805 passus
1970 1741 2112 1799 duos,

309 1847 338 1893 3
367 1830 418 1879 id
455 1839 529 1880 est
566 1831 718 1893 pedes
757 1830 947 1878 decem.
1021 1829 1214 1876 Pertica
1249 1835 1414 1875 autem
1451 1842 1480 1873 a
1514 1825 1759 1888 portando
1798 1823 1943 1884 dicta,
1975 1822 2114 1886 quasi
2141 1838 2176 1865 2<

368 1911 568 1975 portica.
643 1911 833 1960 Omnes
860 1911 991 1959 enim
1019 1909 1371 1972 praecedentes
1398 1922 1655 1955 mensurae
1681 1907 1730 1953 in
1755 1920 1960 1967 corpore
1986 1913 2111 1965 sunt,

368 2003 421 2042 ut
446 1995 653 2058 palmus,
683 2009 784 2056 pes,
813 2009 1000 2055 passus,
1029 2001 1077 2040 et
1114 1989 1300 2053 reliqua
1318 2008 1331 2050 3
1367 1991 1470 2038 sola
1502 1987 1685 2052 pertica
1721 1996 1952 2051 portatur.
2026 1988 2116 2035 Est

369 2076 501 2125 enim
520 2077 694 2124 decem
711 2076 898 2138 pedum
923 2076 987 2123 ad
1014 2073 1166 2122 instar
1185 2071 1360 2121 calami
1380 2071 1431 2119 in
1449 2070 1712 2119 Ezechielo
1728 2069 1967 2132 templum
1984 2086 2117 2117 men-

313 2171 345 2217 4
371 2156 593 2207 surantis.
668 2159 824 2204 Actus
852 2155 1087 2204 minimus
1114 2163 1200 2214 est,
1219 2153 1480 2203 latitudine
1500 2154 1685 2216 pedum
1703 2160 1945 2214 quattuor,
1968 2150 2118 2214 longi-

371 2240 545 2289 tudine
570 2247 769 2287 centum
798 2237 982 2301 viginti.
1056 2238 1271 2286 Climata
1296 2252 1495 2298 quoque
1521 2233 1938 2296 undiqueversum
1964 2234 2116 2295 pedes
2143 2242 2162 2269 2

371 2322 559 2370 habent
584 2319 847 2383 sexaginta,
875 2319 943 2367 ita
968 2316 1422 2384 (sequz‘turfigura).
1497 2319 1652 2365 Actus
1683 2315 1948 2378 quadratus
1978 2310 2117 2360 undi-

373 2421 471 2468 que
497 2402 663 2451 finitur
687 2401 900 2466 pedibus
927 2411 1128 2451 centum
1154 2399 1338 2463 viginti,
1358 2399 1423 2447 ita
1441 2398 1550 2463 (seq.
1556 2398 1685 2462 fig).
1759 2398 1914 2444 Hunc
1930 2393 2115 2443 Baetici

321 2500 351 2550 5
375 2501 675 2550 arapennem
703 2483 889 2543 dicunt,
917 2484 981 2532 ab
1006 2483 1193 2531 arando
1219 2481 1415 2530 scilicet.
1491 2482 1645 2529 Actus
1679 2477 1957 2542 duplicatus
1990 2477 2118 2540 iuge-

436 2630 452 2655 1
487 2615 577 2654 sine
600 2615 683 2653 duo
706 2614 751 2651 K
860 2627 884 2663 3
914 2626 993 2663 per
1013 2626 1095 2652 om.
1126 2611 1163 2649 T
1255 2611 1352 2662 pro]
1378 2624 1430 2648 ex
1452 2609 1496 2647 K
1605 2622 1628 2657 4
1659 2608 1759 2647 facit
1788 2606 1824 2644 T
1917 2618 1941 2655 5
1971 2610 2117 2644 vocata

378 2670 522 2710 BCT:
553 2669 663 2708 dicta
684 2669 767 2707 KP
876 2671 902 2707 6
931 2668 1034 2706 adiri
1063 2666 1121 2705 T:
1151 2667 1204 2705 ad
1226 2666 1305 2704 hoc
1326 2666 1386 2703 ire
1412 2664 1459 2702 C¹
1573 2676 1593 2712 7
1626 2662 1793 2711 stringit
1814 2661 1860 2698 K
1966 2661 1991 2698 8
2019 2672 2116 2707 ang.

379 2729 452 2767 int.
485 2725 522 2763 T
627 2737 655 2773 9
685 2725 781 2764 dist.
807 2730 849 2762 et
868 2725 952 2773 inp.
978 2722 1019 2759 B
1119 2721 1316 2760 omnibus
1337 2718 1382 2757 K
1493 2731 1541 2768 13
1571 2716 1791 2768 regiones]
1811 2715 2057 2765 regionibus
2078 2711 2123 2750 K

383 2796 430 2831 14
461 2779 607 2831 agros]
629 2792 732 2828 agra
752 2777 838 2815 BT
971 2776 1207 2828 centurias]
1229 2775 1286 2813 -ia
1307 2773 1353 2811 K
1531 2784 1579 2821 15
1609 2770 1784 2822 deinde]
1807 2772 1859 2810 de
1887 2769 1944 2807 T:
1972 2781 2054 2807 om.
2078 2767 2123 2805 K

379 2838 421 2875 in
443 2840 590 2875 acetus
609 2839 754 2873 acetus
775 2833 816 2871 in
839 2845 928 2882 per.
954 2832 1138 2882 perticas
1159 2831 1200 2868 in
1226 2829 1333 2880 (etc.)
1357 2828 1401 2866 K
1567 2827 1748 2878 particas
1776 2824 1813 2862 T
1983 2823 2121 2872 passis

381 2891 429 2930 C1
565 2891 615 2929 16
644 2888 757 2927 enirn
775 2900 858 2927 om.
883 2887 918 2926 C
1023 2898 1169 2925 eorum
1191 2884 1268 2923 BC
1399 2896 1443 2932 17
1478 2894 1715 2921 mensuram
1737 2878 1782 2916 K
1907 2890 1961 2916 20
1990 2878 2122 2927 pedes

378 2959 458 2985 om.
484 2944 530 2982 K
708 2955 762 2992 23
788 2942 850 2981 vel
867 2942 1173 2992 decempedum
1301 2938 1484 2988 peduum
1506 2935 1594 2975 ΚΤ
1768 2947 1819 2983 24
1850 2932 2031 2982 peduum
2053 2945 2123 2981 qu.

380 3001 452 3039 lat.
475 2999 521 3037 K
671 3010 739 3047 qu.
759 3002 802 3035 et
821 2996 935 3045 long.
958 2996 1000 3034 Β
1163 2995 1217 3032 26
1244 2993 1374 3032 habet
1394 2991 1515 3030 BCT
1673 3003 1722 3039 27
1755 2988 1825 3028 fin.
1852 3000 1906 3026 Lx
1926 2988 2022 3036 ped.
2045 2985 2130 3023 BT

381 3056 433 3093 28
462 3066 678 3105 arapenne
699 3051 745 3089 K
762 3052 864 3104 (non
885 3051 971 3090 Col.
994 3050 1129 3100 Mon.)
