2176 3424
1088 104 1361 152 ISIDORI

350 237 487 297 quod
524 234 702 283 dicitur
736 233 1019 296 principale,
1045 235 1108 281 ab
1143 249 1202 281 eo
1239 235 1374 295 quod
1409 249 1466 281 ex
1500 249 1550 281 se
1587 231 1907 281 derivativum
1942 231 2100 280 faciat.

267 333 325 369 10
352 318 620 379 Pampinus
642 326 714 364 est
741 315 857 364 folia
882 314 1023 363 cuius
1060 313 1282 362 subsidio
1317 313 1426 362 vitis
1461 330 1490 361 a
1516 314 1690 377 frigore
1718 315 1793 363 vel
1824 314 1996 363 ardore
2021 314 2101 362 de-

349 398 566 447 fenditur
600 407 750 460 atque
779 399 1011 446 adversus
1042 412 1244 445 omnem
1284 395 1509 443 iniuriam
1548 395 1778 444 munitur.
1854 395 1954 457 Qui
1986 395 2099 444 ideo

347 480 530 528 alicubi
562 479 819 528 intercisus
854 488 940 537 est,
970 487 1023 526 ut
1062 487 1110 526 et
1145 479 1299 526 solem
1334 479 1398 526 ad
1437 476 1766 526 maturitatem
1800 478 1984 525 fructus
2020 478 2100 526 ad-

350 560 509 610 mittat
530 572 578 611 et
606 562 831 610 umbram
858 561 1016 608 faciat.
1094 562 1158 608 Et
1184 561 1346 608 dictus
1367 558 1630 622 pampinus
1651 560 1787 622 quod
1812 560 1874 607 de
1900 558 2101 622 palmite
2125 580 2145 618 5

280 663 326 697 11
348 646 576 708 pendeat.
652 642 884 707 Capreoli
927 642 1046 691 dicti
1092 643 1227 704 quod
1271 641 1467 705 capiant
1515 642 1726 690 arbores.
1802 643 1925 689 Sunt
1967 640 2100 690 enim

348 726 565 774 cincinni
593 728 693 775 sive
730 725 953 774 uncinuli
984 724 1164 788 quibus
1200 740 1252 772 se
1286 723 1536 772 innectere
1572 723 1694 772 vites
1719 731 1766 771 et
1799 723 2100 785 suspendere

348 810 507 857 solent
541 808 813 868 arboribus,
844 824 945 870 quo
983 805 1288 856 adminiculo
1323 805 1431 854 freti
1465 804 1690 869 palmites
1722 814 1895 854 ventos
1924 821 1981 852 ac
2007 814 2100 852 tur-

346 890 486 940 bines
507 901 826 940 contemnere
853 897 1037 952 queant
1063 899 1111 937 et
1138 887 1243 936 sine
1263 890 1402 951 lapsu
1428 887 1756 951 periculorum
1773 888 1956 935 fructus
1983 903 2097 935 suos

266 990 322 1024 12
345 976 619 1023 sustineant
645 990 703 1021 ac
730 989 838 1020 sese
876 988 998 1034 vaga
1025 971 1316 1034 proceritate
1351 970 1634 1019 defendant.
1711 967 1947 1031 Corymbi
1983 977 2097 1016 sunt
2123 986 2171 1014 10

343 1055 475 1104 anuli
497 1055 580 1118 qui
598 1054 817 1119 proxima
836 1069 1063 1117 quaeque
1082 1052 1283 1115 alligant
1302 1062 1350 1101 et
1367 1036 1795 1115 conprehendunt,
1816 1067 1878 1098 ne
1904 1049 2096 1113 longius

268 1154 321 1200 13
346 1138 491 1187 laxati
540 1137 765 1201 palmites
814 1145 1073 1185 ventorum
1119 1134 1314 1183 flatibus
1364 1133 1677 1197 dissipentur.
1750 1135 1887 1180 Vvae
1935 1133 2096 1181 dictae

344 1222 479 1283 quod
514 1219 806 1268 intrinsecus
839 1216 1059 1265 humoris
1098 1216 1194 1266 sint
1226 1217 1417 1279 plenae,
1446 1215 1650 1277 sucique
1684 1223 1731 1263 et
1765 1212 2094 1277 pinguedinis.

346 1304 476 1350 Nam
497 1300 759 1350 humidum
777 1309 850 1348 est
868 1300 1003 1362 quod
1021 1297 1230 1347 exterius
1247 1299 1506 1346 humorem
1527 1296 1676 1345 habet
1691 1314 1702 1357 3
1738 1295 1941 1344 uvidum
1959 1296 2095 1358 quod

268 1400 323 1447 14
345 1383 562 1433 interius.
635 1382 807 1431 Acina.
884 1383 1077 1429 Botrus.
1153 1382 1401 1428 Racemus
1442 1387 1515 1427 est
1557 1377 1810 1442 botryonis
1852 1393 1992 1440 pars3
2046 1386 2093 1426 et
2123 1392 2167 1432 15

267 1481 320 1530 15
344 1465 520 1528 botryo
546 1466 791 1514 Graecum
815 1472 900 1512 est.
975 1461 1300 1511 Suburbanae
1318 1477 1440 1509 uvae
1466 1462 1711 1523 quaedam
1733 1459 1963 1508 dicuntur
1980 1461 2095 1522 quia

341 1549 527 1596 fructus
564 1563 732 1595 earum
770 1547 833 1594 ad
873 1561 1035 1593 escam
1074 1542 1223 1592 veluti
1260 1559 1465 1606 pomum
1505 1543 1554 1590 in
1592 1541 1796 1590 urbibus
1834 1542 2091 1598 venditur;

339 1630 643 1678 conmendat
670 1629 801 1676 enim
821 1643 901 1676 eas
922 1635 968 1675 et
990 1626 1178 1688 species
1205 1634 1252 1674 et
1272 1624 1457 1687 saporis
1483 1623 1763 1673 iucunditas
1785 1642 1799 1684 3
1834 1640 1891 1671 ex
1912 1621 2091 1685 quibus

339 1721 452 1760 sunt
478 1726 800 1775 praecoquae,
828 1707 1107 1768 duracinae,
1136 1722 1423 1770 purpureae,
1453 1705 1645 1769 dactyli,
1676 1704 1918 1765 Rhodiae,
1949 1703 2090 1767 Liby-

339 1810 440 1853 cae,
469 1792 742 1852 cerauniae,
780 1790 1103 1854 stephanitae,
1135 1789 1463 1852 tripedaneae,
1501 1788 1761 1848 unciariae,
1795 1786 2086 1851 Cydonitae.
2116 1813 2176 1841 20-

341 1875 604 1924 Durabiles
629 1884 795 1923 autem
818 1889 903 1937 per
928 1882 1083 1921 totam
1109 1870 1323 1920 hiemem
1350 1872 1656 1919 vennuculae
1682 1880 1730 1919 et
1751 1868 2085 1918 Numisianae.

254 1959 313 2006 16
341 1961 657 2021 Praecoquae
683 1966 884 2005 vocatae
910 1956 1046 2017 quod
1081 1953 1180 2002 cito
1205 1962 1537 2001 maturescant
1574 1962 1622 2001 et
1646 1960 1759 2000 ante
1786 1967 1960 2000 omnes
1986 1952 2089 2000 sole

339 2050 630 2103 coquantur.
697 2041 805 2087 Has
832 2035 1010 2087 Graeci
1036 2038 1200 2099 lageos
1227 2034 1413 2094 dicunt,
1434 2035 1570 2097 quod
1596 2043 1790 2082 currant
1814 2034 1878 2082 ad
1896 2034 2088 2081 maturi-

265 2134 314 2183 17
338 2132 488 2172 tatem
516 2121 748 2171 velociter
773 2130 825 2169 ut
851 2122 1003 2183 lepus.
1070 2121 1350 2180 Purpureae
1375 2134 1403 2165 a
1428 2118 1593 2165 colore
1619 2115 1849 2165 dicuntur
1870 2133 1882 2175 3
1924 2114 2086 2163 uncia-

337 2205 435 2254 riae
460 2222 489 2253 a
515 2202 854 2267 magnitudine
866 2221 878 2263 3
915 2201 1096 2263 dactyli
1120 2218 1149 2249 a
1173 2199 1482 2263 longitudine
1501 2217 1514 2259 3
1549 2199 1855 2261 stephanitae
1874 2214 1903 2245 a
1922 2205 2083 2245 rotun-
2111 2219 2171 2260 25.

337 2288 505 2337 ditate.
581 2285 810 2335 Rhodiae
853 2293 901 2333 et
942 2284 1156 2346 Libycae
1198 2299 1225 2331 a
1264 2280 1545 2344 regionibus
1589 2287 1901 2342 nuncupatae
1937 2287 2050 2327 sunt
2072 2297 2085 2338 3

396 2431 413 2456 1
447 2417 546 2455 facit
567 2416 612 2453 K
747 2429 771 2453 2
803 2414 991 2454 subsidio
1013 2426 1094 2452 om.
1115 2411 1160 2449 K
1286 2426 1310 2461 4
1342 2411 1568 2449 intervisus
1587 2408 1632 2446 K
1756 2409 1912 2448 fructus
1934 2422 2015 2447 om.
2041 2408 2086 2446 K

337 2475 363 2511 6
394 2471 580 2522 Caprioli
601 2470 713 2510 codd.
868 2471 892 2508 8
921 2470 1033 2518 quod
1055 2469 1162 2507 adm.
1187 2467 1230 2505 D
1341 2466 1435 2504 ferti
1465 2464 1501 2502 T
1605 2464 1718 2502 venti
1749 2463 1785 2501 T
1927 2477 1953 2513 9
1984 2476 2079 2502 con-

336 2529 474 2566 tinere
494 2539 562 2576 qu.
586 2525 675 2563 DT
759 2531 799 2564 et
821 2525 856 2563 si
878 2523 960 2573 lap.
985 2523 1028 2560 D
1121 2523 1264 2572 lapsus
1284 2520 1471 2570 periculo
1494 2518 1651 2558 Chacon
1795 2531 1843 2557 10
1872 2530 1974 2556 vaca
1994 2516 2080 2555 KD

336 2587 429 2620 ante
448 2594 571 2621 corn:
607 2580 699 2630 faga
728 2580 764 2617 T
869 2579 1108 2616 diffundant
1137 2576 1194 2615 T:
1226 2575 1462 2614 defundant
1482 2574 1524 2613 D
1544 2588 1593 2612 ex
1611 2586 1708 2612 corr.
1837 2585 1879 2610 11
1915 2574 2079 2621 elegant

335 2637 406 2677 D:
438 2636 571 2686 ligant
599 2634 636 2672 T
743 2646 791 2683 13
822 2634 1022 2671 humores
1044 2631 1109 2671 K:
1141 2632 1316 2669 humore
1336 2628 1425 2667 DT
1532 2641 1579 2677 14
1609 2627 1845 2678 humidum]
1870 2628 2019 2666 humus
2048 2625 2085 2663 T

336 2692 591 2741 uvidumque
611 2690 684 2728 int.
716 2689 774 2727 T:
806 2688 1024 2726 humidum
1045 2687 1156 2736 quod
1178 2687 1251 2725 int.
1277 2683 1464 2723 exterius
1485 2683 1528 2721 D
1797 2684 1844 2720 16
1874 2681 2011 2720 botrio
2031 2693 2080 2718 ex

336 2747 444 2785 btrio
473 2745 531 2784 T:
559 2745 696 2783 btrum
718 2742 763 2780 K
860 2755 906 2792 17
938 2754 1086 2780 eorum
1106 2741 1149 2779 D
1242 2741 1292 2778 18
1322 2738 1478 2790 conm.]
1503 2737 1732 2776 comedunt
1760 2737 1796 2774 T
1875 2749 1924 2785 19
1952 2734 2076 2773 libiae

335 2800 427 2839 DK
644 2812 697 2837 20
724 2797 987 2847 tripedianae
1009 2799 1120 2846 (-ne)
1143 2793 1252 2834 codd.
1430 2792 1661 2832 uniciariae
1685 2792 1803 2842 (wie)
1824 2789 1932 2829 KT:
1960 2791 2075 2828 unci·
2158 2790 2176 2815 ·:

334 2857 446 2894 ariae
467 2855 526 2893 Dl
646 2852 833 2892 cinodite
862 2852 898 2890 T
1037 2863 1085 2889 21
1117 2848 1339 2889 vennicule
1367 2846 1424 2888 T:
1455 2846 1706 2886 veninculae
1728 2844 1819 2883 DK
1926 2856 2074 2882 nume·

334 2911 479 2949 sianae
518 2909 561 2947 D
703 2920 754 2946 22
785 2907 983 2946 Praeciae
1021 2905 1139 2956 quasi
1177 2916 1441 2955 praecoquae
1480 2901 1652 2941 Servius
1688 2899 1747 2938 ad
1782 2899 1924 2949 Georg.
1965 2911 2003 2948 2,
2021 2910 2074 2947 95
2159 2937 2176 2956 ra

335 2965 611 3004 maturiscunt
632 2963 674 3002 D
947 2974 1000 3011 23
1030 2972 1156 3010 grece
1176 2958 1220 2997 D
1438 2956 1542 3008 lag.]
1563 2956 1682 3004 fagos
1703 2953 1749 2991 K
1763 2967 1772 2992 :
1802 2953 1986 3002 cilageos
2012 2953 2070 2992 T:
2159 2959 2176 2989 Ξ

335 3020 496 3068 lagieos
516 3018 560 3056 D
762 3029 813 3065 24
844 3021 888 3053 ut
910 3016 991 3065 lep.
1014 3015 1093 3054 vel.
1117 3012 1202 3051 KP
1220 3014 1323 3065 (non
1346 3011 1517 3063 CEFU)
1677 3009 1786 3048 Unc.
1805 3021 1829 3046 a
1850 3021 1960 3057 mag.
1982 3013 2077 3046 ante

336 3074 459 3124 Purp.
484 3072 612 3111 KNP
630 3073 731 3123 (non
753 3069 923 3120 CEFU)
1025 3069 1269 3108 Uniciariae
1290 3065 1335 3104 K
1429 3078 1478 3114 25
1513 3064 1663 3103 Dictali
1692 3063 1730 3101 T
1808 3062 2016 3101 Stasanite
2043 3061 2081 3100 T
