2176 3424
452 158 1083 208 ETYMOLOGIARVM
1124 162 1252 208 LIB.
1298 163 1416 209 XII.
1458 162 1521 210 vii

119 288 252 337 Sicut
284 297 447 337 autem
481 305 509 336 a
539 290 683 337 leone
715 290 885 338 leaena
919 298 966 338 et
995 307 1024 338 a
1055 291 1270 340 dracone
1303 292 1558 352 dracaena,
1587 292 1654 341 ita
1678 310 1706 342 a
1730 296 1858 358 gallo

115 369 306 434 gallina.
379 369 532 419 Cuius
567 372 801 431 membra,
829 380 882 419 ut
913 373 1074 420 ferunt
1099 373 1316 435 quidam,
1345 373 1381 421 si
1416 390 1535 423 auro
1568 373 1859 438 liquescenti

117 451 424 508 misceantur,
449 452 688 501 consumi.
741 454 847 502 Ans
866 454 928 502 ab
947 453 1234 504 assiduitate
1259 456 1462 505 natandi
1482 465 1653 520 aptum
1673 474 1857 508 nornen
1881 479 1936 530 51

114 533 316 597 accepit.
392 536 466 582 Ex
501 551 602 598 quo
637 551 815 599 genere
851 535 1097 598 quaedam
1139 553 1401 601 germanae
1437 537 1683 599 dicuntur,
1722 542 1858 602 quod

70 637 91 678 5
116 617 224 679 plus
244 617 415 664 ceteris
435 616 664 666 nutriant.
718 618 892 666 Anseri
914 634 1097 667 nomen
1118 635 1206 667 ans
1227 620 1365 669 dedit
1383 635 1470 683 per
1486 620 1856 682 derivationem,
1883 642 1946 691 52

114 699 190 746 vel
213 713 242 745 a
267 697 601 758 similitudine,
623 700 699 747 vel
720 700 855 762 quod
880 707 928 748 et
952 701 1057 763 ipsa
1082 701 1286 750 natandi
1311 702 1637 764 frequentiam
1662 703 1857 753 habeat.

117 782 217 828 Iste
236 779 419 843 vigilias
439 781 598 828 noctis
617 780 902 830 assiduitate
923 781 1163 845 clangoris
1184 791 1401 832 testatur.
1460 786 1665 833 Nullum
1692 794 1858 835 autem

114 862 295 910 animal
327 861 395 910 ita
419 864 623 910 odorem
658 862 872 910 hominis
907 863 1054 911 sentit
1087 872 1140 912 ut
1171 881 1314 913 anser
1333 883 1344 925 3
1380 867 1514 915 unde
1548 875 1596 915 et
1630 868 1860 931 clangore

116 943 219 992 eius
246 944 499 991 Gallorum
532 959 764 992 ascensus
798 943 846 991 in
876 944 1124 1007 Capitolio
1158 947 1495 1009 deprehensus
1526 957 1612 997 est.
1687 951 1727 997 F
1730 948 1859 1012 uliga
1881 963 1943 1012 53

46 1045 95 1075 10
116 1025 264 1086 dicta,
303 1027 438 1088 quod
481 1042 593 1074 caro
632 1027 735 1074 eius
782 1028 1054 1090 leporinam
1103 1028 1290 1092 sapiat3
1337 1031 1493 1097 λαγώς
1540 1031 1671 1079 enim
1721 1034 1860 1096 lepus

115 1106 305 1166 dicitur,
333 1108 467 1155 unde
500 1116 547 1155 et
579 1109 711 1170 apud
739 1109 954 1156 Graecos
987 1111 1142 1176 λαγώς
1167 1119 1380 1160 vocatur.
1457 1114 1545 1161 Est
1568 1122 1733 1162 autem
1759 1113 1861 1162 avis

114 1188 398 1252 stagnensis,
439 1189 627 1237 habens
664 1189 808 1239 nidos
850 1190 899 1238 in
940 1191 1106 1241 medio
1142 1209 1312 1256 aquae,
1352 1196 1430 1243 vel
1466 1195 1516 1243 in
1553 1196 1702 1259 petris
1739 1213 1860 1259 quas

114 1286 270 1334 aquae
305 1271 626 1330 circumdant,
668 1272 1011 1336 maritimoque
1054 1291 1247 1338 semper
1285 1278 1556 1327 delectatur
1597 1281 1860 1342 profundo.

116 1354 257 1414 Quae
296 1353 415 1401 dum
457 1361 801 1416 tempestatem
844 1356 1179 1418 praesenserit,
1224 1358 1413 1421 fugiens
1456 1359 1506 1408 in
1549 1362 1677 1409 vado
1718 1360 1857 1410 ludit.

7 1430 10 1431 ⁷
42 1429 89 1495 [15
116 1434 298 1497 Mergis
318 1435 381 1482 ab
397 1434 682 1483 assiduitate
702 1438 955 1499 mergendi
975 1454 1159 1486 nomen
1179 1440 1275 1488 hoc
1291 1441 1460 1489 haesit.
1518 1444 1675 1506 Saepe
1694 1453 1859 1493 autem
1884 1459 1948 1508 54

114 1515 330 1565 demisso
357 1515 405 1563 in
431 1518 732 1580 profundum
766 1519 925 1581 capite
958 1536 1184 1568 aurarum
1219 1520 1357 1585 signa
1387 1523 1479 1571 sub
1505 1525 1735 1574 fiuctibus
1766 1529 1862 1574 col-

114 1598 283 1660 ligunt,
316 1605 364 1646 et
396 1598 736 1660 praevidentes
770 1600 995 1663 aequoris
1030 1611 1372 1666 tempestatem
1405 1622 1518 1654 cum
1554 1607 1768 1656 clamore
1797 1610 1862 1657 ad

116 1679 255 1727 litora
284 1681 510 1729 tendunt.
586 1683 713 1729 Nam
748 1681 797 1729 in
831 1684 1006 1746 pelago
1039 1683 1134 1731 iam
1170 1685 1506 1747 gravissimam
1537 1704 1644 1738 esse
1677 1699 1862 1753 tempe-

119 1769 306 1819 statem,
335 1778 447 1809 cum
473 1763 537 1811 ad
563 1762 701 1811 litora
727 1764 878 1827 mergi
903 1766 1223 1828 confugerint.
1292 1768 1541 1832 Accipiter
1565 1770 1667 1819 avis
1692 1771 1859 1821 animo
1883 1791 1945 1841 55

45 1862 97 1890 20
119 1844 228 1906 plus
251 1852 436 1891 armata
455 1859 601 1906 quam
630 1844 837 1907 ungulis,
860 1845 1087 1895 virtutem
1116 1847 1351 1897 maiorem
1378 1849 1427 1897 in
1454 1851 1630 1900 minori
1656 1869 1861 1916 corpore

115 1934 325 1989 gestans.
384 1927 484 1973 Hic
508 1926 572 1974 ab
591 1925 895 1989 accipiendo,
919 1928 968 1977 id
996 1939 1068 1978 est
1092 1947 1120 1978 a
1145 1932 1403 1994 capiendo,
1427 1950 1611 1982 nomen
1638 1936 1860 1998 sumpsit.

118 2010 206 2056 Est
245 2006 375 2055 enim
414 2009 515 2055 avis
558 2007 804 2070 rapiendis
843 2009 948 2058 aliis
989 2011 1162 2060 avibus
1204 2014 1359 2073 avida,
1406 2014 1622 2079 ideoque
1661 2027 1862 2066 vocatur

114 2088 358 2152 accipiter,
379 2090 474 2138 hoc
495 2098 567 2137 est
587 2098 762 2153 raptor.
815 2093 964 2141 Vnde
985 2102 1033 2141 et
1054 2096 1233 2142 Paulus
1251 2098 1520 2158 Apostolus
1537 2098 1656 2148 dicit
1675 2100 1722 2164 (2
1744 2101 1858 2152 Cor.

0 2164 9 2222 ἓ
122 2187 194 2230 11,
218 2170 328 2235 20):
368 2171 655 2220 ‘Sustinetis
680 2173 827 2233 enim,
854 2173 893 2221 si
920 2176 1028 2236 quis
1061 2175 1297 2238 accipit'3
1332 2187 1385 2226 ut
1418 2180 1551 2228 enim
1582 2180 1766 2231 diceret
1796 2186 1860 2232 ‘si

48 2257 93 2308 ὰς,
118 2253 226 2317 quis
252 2252 408 2317 rapit',
431 2253 551 2302 dixit
575 2253 633 2301 ‘si
655 2254 763 2317 quis
787 2255 999 2318 accipit'.
1067 2259 1238 2306 Fertur
1261 2268 1426 2308 autem
1452 2262 1708 2326 accipitres
1734 2265 1862 2313 circa
1885 2268 1954 2326 56

116 2336 276 2397 pullos
306 2352 420 2383 suos
454 2334 614 2397 inpios
652 2352 759 2384 esse
778 2355 790 2396 ;
825 2354 939 2385 nam
975 2339 1094 2386 dum
1122 2339 1332 2389 viderint
1369 2359 1453 2390 eos
1491 2361 1636 2406 posse
1672 2355 1860 2396 tentare

174 2477 190 2502 1
223 2477 247 2502 a
268 2464 333 2502 leo
352 2464 390 2502 Β
503 2477 528 2513 3
559 2464 782 2504 misceatur
802 2465 889 2503 KT
960 2467 1097 2506 Anser
1118 2468 1166 2507 C¹
1190 2484 1198 2508 :
1229 2469 1349 2510 Anas
1370 2472 1461 2513 dett.
1576 2489 1599 2524 4
1630 2488 1788 2525 genera
1811 2477 1860 2516 C1

117 2519 214 2568 quia
235 2518 270 2558 C
403 2530 428 2567 5
459 2519 649 2558 nutriunt
667 2518 701 2557 C
809 2533 886 2559 ans
908 2521 947 2559 in
971 2534 1016 2559 se
1039 2524 1132 2562 ded.
1163 2524 1200 2562 T
1330 2528 1355 2563 6
1383 2527 1481 2577 quia
1506 2530 1541 2568 C
1648 2538 1690 2570 et
1710 2545 1794 2572 om.
1818 2533 1863 2570 K

117 2574 209 2625 ipse
249 2573 286 2611 T
442 2586 469 2623 9
498 2573 602 2623 Cap.
636 2587 779 2614 romae
809 2575 904 2626 dep.
928 2575 974 2614 K
1084 2577 1230 2618 Fulica
1261 2579 1413 2620 BCK:
1443 2583 1620 2624 Phulica
1661 2585 1721 2625 T:
1751 2588 1856 2637 sort.

47 2653 50 2662 .
119 2627 278 2676 Fulaga
412 2641 460 2666 10
490 2628 542 2667 di.
568 2633 633 2666 est
655 2641 724 2678 qu.
747 2629 793 2667 K
902 2631 1012 2681 sapit
1034 2630 1069 2669 C
1176 2634 1254 2674 dic.
1279 2635 1400 2685 lepos
1422 2635 1458 2674 C
1586 2652 1632 2678 11
1668 2640 1858 2680 Graecos

47 2692 54 2729 ι
117 2695 202 2722 om.
224 2682 280 2719 Β1
390 2682 525 2731 lagois
544 2682 587 2732 (i.
600 2695 630 2721 e.
654 2683 819 2734 λαγωίς)
843 2684 922 2723 CT
1030 2699 1078 2724 12
1108 2686 1251 2727 nidum
1273 2689 1318 2727 K
1430 2703 1479 2741 13
1500 2706 1605 2742 aqua
1627 2695 1858 2735 circumdat

126 2736 163 2774 T
263 2736 469 2775 maritimo
490 2749 744 2786 semperque
774 2738 812 2776 T
915 2739 1181 2780 delectantur
1200 2742 1247 2781 K
1385 2758 1432 2795 14
1461 2750 1724 2796 persenserit
1744 2749 1824 2788 BC
1827 2750 1863 2788 T

117 2792 266 2830 vadum
288 2790 374 2829 ΒΤ
481 2803 527 2840 15
561 2791 735 2841 Mergus
759 2792 795 2831 C
900 2794 981 2834 hoc
1002 2796 1083 2834 esit
1106 2795 1168 2834 T:
1198 2805 1262 2837 est
1278 2799 1456 2839 inditum
1478 2803 1549 2841 K:
1580 2804 1764 2854 sumpsit
1783 2804 1850 2842 B:

117 2845 242 2885 habet
264 2845 299 2884 C
435 2847 485 2884 16
513 2845 590 2885 sub
610 2847 794 2886 sontibus
813 2847 859 2886 K
998 2863 1044 2900 17
1076 2853 1372 2900 praecedentis
1392 2855 1439 2893 K
1599 2870 1653 2896 20
1680 2871 1796 2898 arma
1825 2859 1863 2899 T

118 2913 166 2938 21
199 2900 278 2940 hec
299 2900 345 2938 K
452 2900 494 2939 id
516 2907 581 2939 est
602 2913 626 2938 a
645 2913 736 2951 cap.
759 2914 840 2943 om.
882 2902 920 2941 T
1050 2917 1103 2943 22
1133 2906 1266 2960 enim]
1289 2915 1428 2948 autern
1454 2910 1490 2949 C
1594 2912 1741 2952 avibus
1762 2913 1857 2953 aliis

117 2953 164 2992 K
269 2967 321 3004 23
350 2954 392 2993 id
413 2960 478 2993 est
497 2953 585 2993 ΒΚ
690 2955 925 3006 Apostolus
945 2971 1026 2998 om.
1050 2959 1139 2998 ΒΚ
1246 2963 1367 3015 dicit]
1387 2963 1445 3002 ait
1469 2964 1504 3003 C
1611 2979 1663 3016 24
1692 2969 1855 3018 accepit

118 3007 164 3046 K
271 3016 317 3048 ut
355 3022 424 3050 en.
457 3037 468 3049 .
501 3039 511 3049 .
541 3037 552 3048 .
583 3022 670 3051 acc.
708 3023 792 3052 om.
822 3011 879 3049 Β1
1019 3025 1071 3062 25
1101 3016 1266 3067 accepit
1304 3017 1350 3055 K
1470 3018 1524 3058 26
1553 3020 1653 3060 dum
1689 3035 1774 3063 om.
1797 3023 1854 3062 Β1

118 3062 268 3103 viderit
285 3062 319 3102 C
337 3064 391 3115 (et
410 3064 585 3114 praebet
605 3069 640 3102 et
657 3065 852 3105 verberat
872 3071 910 3105 et
928 3068 1182 3119 praecipitat
1202 3076 1239 3110 et
1257 3071 1490 3124 compellit)

947 3157 974 3189 F
998 3161 1021 3190 2
