2228 3444
510 146 1140 194 ETYMOLOGIARVM
1182 149 1311 194 LIB.
1355 149 1390 194 Ι.
1432 147 1494 206 iii,
1536 147 1581 195 iv

172 267 469 314 adhaerente
494 274 816 313 consonante.
889 265 1237 314 Consonantes
1265 275 1390 325 sunt,
1414 282 1540 328 quae
1560 267 1753 315 diverso
1779 276 1917 316 motu

172 344 366 406 linguae
391 345 467 391 vel
491 341 796 406 inpressione
822 342 1067 390 labrorum
1089 342 1378 391 efficiuntur.
1442 345 1505 391 Et
1525 352 1728 392 vocatae
1748 361 1917 393 conso-

173 434 346 473 nantes
371 423 487 487 quia
511 440 597 487 per
621 439 673 472 se
700 440 802 471 non
827 433 1018 484 sonant,
1042 425 1130 472 sed
1156 423 1334 473 iunctis
1354 424 1606 473 vocalibus
1625 435 1914 474 consonant.

174 508 319 554 Haec
354 505 404 553 in
442 505 636 554 duabus
672 505 891 569 partibus
930 504 1244 553 dividuntur:
1282 505 1334 553 in
1369 505 1748 555 semivocalibus
1784 517 1832 555 et
1868 508 1916 554 in
1941 526 1974 573 4

127 609 148 649 5
173 586 335 636 mutis.
410 586 738 635 Semivocales
763 586 918 635 dictas
939 602 1012 645 eo,
1041 587 1178 649 quod
1203 585 1443 649 quiddam
1470 585 1617 635 semis
1651 588 1714 635 de
1746 586 1920 636 vocali-

103 1017 149 1044 10

100 1419 148 1458 15

103 1824 151 1852 20

106 2239 151 2278 25

172 669 265 717 bus
307 669 535 718 habeant.
607 668 689 716 Ab
727 670 769 716 E
807 669 992 730 quippe
1029 668 1184 716 vocali
1222 666 1476 730 incipiunt,
1516 677 1564 716 et
1601 667 1834 716 desinunt
1870 667 1921 716 in

173 752 442 798 naturalem
463 765 639 798 sonum
663 747 737 815 [ut
759 751 811 808 F,
835 752 889 810 L,
916 752 970 797 M
998 759 1045 797 et
1071 747 1299 814 ceterae].
1365 752 1536 798 Mutae
1556 758 1721 798 autem
1743 751 1917 809 dictae,

173 831 289 894 quia
325 831 416 879 nisi
454 830 686 879 subiectis
722 830 816 879 sibi
862 830 1115 879 vocalibus
1156 846 1469 894 nequaquam
1519 840 1797 894 erumpunt.
1870 834 1916 881 Si

173 912 306 961 enim
332 914 400 961 eis
427 922 697 961 extremum
723 912 905 961 vocalis
931 911 1196 961 detraxeris
1229 928 1422 972 sonum,
1456 911 1702 960 inclusum
1733 914 1921 962 litterae

173 1011 392 1042 murmur
422 994 618 1042 sonabit
655 991 730 1059 [ut
765 995 823 1054 B,
857 994 917 1052 G,
956 995 1002 1040 D
1037 1002 1086 1041 et
1122 991 1352 1058 ceterae].
1425 995 1635 1042 Vocales
1671 1004 1837 1042 autem
1871 1004 1919 1043 et

174 1076 492 1125 semivocales
518 1084 566 1123 et
591 1085 751 1124 mutas
777 1092 806 1123 a
830 1074 1075 1123 veteribus
1102 1091 1248 1123 sonas
1274 1082 1322 1122 et
1348 1074 1619 1123 semisonas
1646 1084 1693 1124 et
1719 1077 1918 1124 insonas

174 1159 344 1205 dictas.
421 1159 555 1206 Inter
580 1159 773 1206 vocales
806 1165 970 1204 autem
1001 1158 1023 1204 I
1052 1165 1099 1204 et
1126 1158 1175 1205 U
1209 1157 1343 1219 apud
1377 1156 1739 1205 Grammaticos
1764 1157 1918 1206 varias
1943 1173 1974 1220 5

173 1239 359 1287 habent
389 1238 785 1301 significationes.
859 1239 988 1286 Nam
1026 1239 1178 1286 modo
1215 1239 1409 1286 vocales
1443 1246 1569 1297 sunt,
1599 1239 1751 1287 modo
1781 1239 1919 1287 semi-
1943 1240 1977 1286 6

174 1322 379 1380 vocales,
420 1321 572 1369 modo
620 1319 814 1369 mediae
862 1329 986 1368 sunt.
1061 1321 1272 1367 Vocales
1309 1318 1422 1367 ideo
1470 1328 1597 1378 sunt,
1637 1321 1753 1382 quia
1788 1323 1921 1369 solae

174 1402 363 1466 positae
399 1403 608 1466 syllabas
657 1401 842 1450 faciunt
879 1411 926 1449 et
973 1400 1078 1448 aliis
1115 1399 1505 1449 consonantibus
1542 1402 1920 1464 coniunguntur.

174 1484 520 1534 Consonantes
569 1483 682 1533 ideo
725 1483 982 1541 habentur,
1021 1481 1135 1545 quia
1184 1483 1431 1530 interdum
1480 1482 1665 1531 habent
1712 1491 1824 1546 post
1873 1500 1923 1531 se

173 1567 367 1613 vocales
405 1567 455 1613 in
491 1564 684 1613 hisdem
723 1563 920 1627 syllabis
956 1562 1262 1622 constitutas,
1299 1571 1352 1611 ut
1392 1565 1606 1623 ‘Ianus‚'
1646 1567 1837 1625 ‘vateS,'
1875 1575 1922 1614 et

175 1647 416 1696 habentur
437 1664 523 1710 pro
544 1645 949 1695 consonantibus.
1013 1644 1214 1693 Mediae
1243 1642 1449 1710 [autern]
1471 1644 1655 1693 idcirco
1675 1645 1919 1707 dicuntur,
1945 1660 1974 1709 7

175 1728 410 1792 quoniam
447 1727 729 1776 naturaliter
765 1728 898 1775 solae
936 1725 1156 1775 medium
1195 1742 1373 1774 sonum
1411 1727 1611 1786 habent,
1640 1737 1692 1776 ut
1731 1728 1920 1789 ‘illius,'

177 1814 188 1834 ‘
206 1810 380 1858 uniuS.’
451 1809 764 1860 Coniunctae
788 1808 893 1856 aliis
920 1807 1148 1871 pinguius
1174 1816 1365 1867 sonant,
1390 1817 1441 1856 ut
1471 1810 1680 1867 ‘Ianus‚'
1710 1812 1922 1858 ‘vanus'

177 1893 319 1940 Solae
345 1893 476 1940 enim
502 1890 641 1940 aliter
667 1899 857 1949 sonant,
886 1888 1024 1938 aliter
1043 1888 1253 1937 iunctae.
1318 1890 1341 1936 Ι
1369 1905 1483 1937 vero
1503 1898 1761 1952 propterea
1780 1890 1922 1939 inter-

175 1975 295 2021 dum
330 1975 511 2037 duplex
548 1972 738 2031 dicitur,
769 1972 885 2034 quia
922 1970 1372 2033 quotienscumque
1410 1969 1535 2018 inter
1571 1972 1694 2019 duas
1728 1974 1922 2021 vocales

174 2055 431 2114 invenitur,
458 2070 546 2116 pro
572 2054 766 2102 duabus
796 2051 1186 2101 consonantibus
1221 2050 1443 2110 habetur,
1471 2059 1524 2099 ut
1553 2051 1758 2101 ‘Troia'
1828 2055 1922 2102 Ge-

177 2137 390 2184 minatur
416 2135 547 2184 enim
574 2134 641 2182 ibi
669 2151 819 2182 sonus
853 2133 969 2182 eius.
1045 2136 1090 2179 V
1117 2149 1317 2195 quoque
1350 2131 1508 2181 littera
1538 2131 1746 2195 proinde
1780 2132 1921 2182 inter-
1944 2136 1974 2183 8

176 2219 295 2266 dum
323 2217 444 2266 nihil
478 2226 564 2275 est,
593 2216 708 2279 quia
743 2214 924 2264 alicubi
961 2231 1053 2264 nec
1090 2214 1271 2263 vocalis
1309 2229 1401 2263 nec
1437 2231 1717 2263 consonans
1753 2224 1839 2275 est,
1869 2227 1921 2264 ut

177 2299 300 2362 quis.
373 2298 572 2348 Vocalis
599 2298 730 2347 enim
757 2314 858 2346 non
898 2306 984 2357 est,
1013 2296 1128 2359 quia
1167 2299 1189 2344 I
1222 2295 1441 2359 sequitur
1462 2315 1474 2357 ,-
1513 2312 1794 2345 consonans
1821 2313 1922 2345 non

177 2389 264 2441 est,
291 2380 407 2444 quia
433 2382 481 2442 Q
507 2379 770 2443 praecedit.
833 2380 1057 2440 Ideoque
1083 2379 1285 2440 quando
1305 2394 1397 2427 nec
1423 2378 1619 2438 vocalis,
1639 2394 1731 2426 nec
1751 2394 1922 2426 conso-

178 2479 300 2511 nans
325 2471 411 2521 est,
440 2462 545 2511 sine
571 2459 726 2510 dubio
756 2459 879 2508 nihil
905 2469 991 2508 est.
1066 2460 1256 2508 Eadem
1283 2468 1330 2507 et
1356 2459 1642 2522 digammon
1667 2477 1696 2507 a
1721 2460 1920 2508 Graecis

177 2554 391 2605 vocatur,
419 2544 621 2607 quando
647 2542 843 2591 sibimet
868 2540 1072 2603 aliisque
1099 2542 1350 2589 vocalibus
1376 2540 1617 2604 iungitur·
1654 2557 1782 2604 quae
1807 2540 1920 2590 ideo

233 2688 256 2713 2
287 2674 501 2712 labrorum
521 2672 627 2710 BT:
658 2670 859 2710 labiorum
879 2669 981 2708 K1C
1098 2683 1123 2720 3
1153 2669 1272 2720 quia]
1297 2671 1410 2720 quod
1432 2671 1473 2709 Β
1562 2670 1729 2710 iunctae
1754 2670 1789 2709 C

179 2728 335 2780 dictas]
352 2728 489 2768 dictae
511 2726 549 2765 T
621 2725 792 2776 quidam
814 2725 863 2764 Τ1
939 2738 960 2774 7
992 2725 1151 2764 utslm
1166 2730 1208 2764 et
1226 2730 1394 2764 ceterae
1406 2725 1500 2766 hab.
1528 2725 1628 2764 TU·
1659 2738 1740 2764 om.
1756 2724 1922 2763 ABCK

179 2784 204 2822 8
234 2783 333 2833 quia
352 2796 402 2822 ex
418 2782 531 2832 quod
550 2781 590 2820 B
699 2793 726 2830 9
755 2780 990 2820 detraxerit
1007 2779 1048 2817 Β
1159 2792 1209 2818 10
1238 2785 1284 2818 ut
1304 2779 1330 2817 b
1351 2793 1379 2829 g
1398 2780 1423 2818 d
1445 2785 1487 2818 et
1508 2786 1677 2819 ceterae
1697 2779 1789 2819 hab.
1820 2778 1914 2818 TU:

178 2851 260 2879 om.
274 2836 397 2876 BCK
536 2849 584 2885 14
615 2835 779 2874 mediae
803 2834 902 2886 (om.
928 2834 1046 2885 sunt)
1070 2832 1169 2872 K1L
1325 2847 1370 2883 17
1402 2834 1496 2872 iano
1517 2832 1598 2872 KL
1711 2839 1854 2872 etom.
1887 2833 1925 2871 T

182 2893 232 2930 18
258 2897 398 2930 autem
419 2905 501 2932 om.
524 2889 706 2929 K1L¹Tz
739 2889 829 2929 hab.
853 2888 979 2928 ΑΒΕ
1139 2900 1188 2938 19
1216 2889 1327 2928 illius
1348 2901 1457 2927 unus
1477 2888 1584 2926 AT:
1616 2888 1695 2925 ilus
1717 2899 1823 2925 unus
1842 2886 1923 2926 BC

180 2959 233 2985 20
261 2953 333 2986 ut.
383 2951 561 2986 ‚sonant
578 2957 661 2983 om.
682 2943 740 2982 Β1
851 2956 899 2982 21
935 2942 1046 2981 enim
1067 2956 1150 2982 om.
1174 2941 1293 2981 KlL1
1389 2956 1440 2992 24
1470 2942 1549 2993 ibi]
1570 2941 1650 2980 sibi
1671 2941 1706 2979 C
1790 2952 1841 2990 25
1871 2948 1916 2981 ut

180 3002 274 3050 quis
290 3001 338 3040 V.
363 3014 400 3041 e.
423 3013 462 3040 n.
485 3005 550 3038 est
570 3012 656 3037 om.
678 2997 768 3036 K¹:
796 2997 847 3038 V.
870 3011 907 3037 e.
933 3011 974 3038 n.
998 3002 1063 3036 est
1081 3011 1120 3047 q.
1147 2997 1162 3035 1
1184 3009 1267 3040 om.
1291 2995 1347 3034 L1
1450 3009 1500 3045 27
1530 2995 1717 3046 quando]
1740 2996 1838 3046 quia
1857 2995 1918 3033 K¹

181 3067 233 3105 29
253 3062 428 3094 vocatur
445 3053 522 3093 BC
526 3052 628 3092 TU
658 3052 894 3103 appellatur
914 3051 958 3089 K
960 3051 993 3090 L
