2176 3424
401 132 1032 181 ETYMOLOGIARVM
1073 132 1201 179 LIB.
1240 132 1405 178 XVII.
1445 131 1506 177 vii

77 273 290 323 naturae,
320 266 521 327 quando
547 265 878 311 madefactum
904 262 1076 311 debuit
1101 261 1320 310 humoris
1346 262 1566 324 pondere
1592 260 1815 310 residere.

77 347 239 393 Antea
263 347 475 394 athletae
502 344 605 393 ficis
622 345 891 404 alebantur,
910 344 1195 407 priusquam
1216 360 1300 393 eos
1318 344 1617 406 Pythagoras
1643 343 1820 392 exerci-

76 435 202 474 tator
236 429 300 476 ad
336 426 494 475 carnis
534 442 691 486 usum,
733 426 817 489 qui
853 425 1022 474 fortior
1058 425 1197 474 cibus
1234 434 1322 484 est,
1360 423 1698 473 transtulisset.
1772 428 1818 473 A

75 507 274 557 senibus
307 507 359 556 in·
383 508 497 557 cibo
532 507 725 571 saepius
759 517 984 571 sumptae
1010 509 1131 556 ficus
1165 524 1307 571 rugas
1338 524 1508 556 eorum
1539 509 1689 555 fertur
1725 508 1820 556 dis-

27 605 48 643 5
74 590 289 638 tendere.
339 592 529 638 Tauros
549 606 749 652 quoque
769 589 1096 638 ferocissimos
1115 591 1180 638 ad
1200 588 1280 638 fici
1299 589 1525 638 arborem
1544 590 1816 652 conligatos

73 679 273 733 repente
315 687 658 721 mansuescere
698 670 882 720 dicunt.
974 671 1248 734 Caprificus
1290 672 1536 734 appellata
1577 687 1637 720 eo
1679 673 1816 733 quod
1839 671 1893 717 18

71 751 278 813 parietes
322 751 500 814 quibus
539 752 807 801 innascitur
848 752 1036 815 carpit3
1071 752 1254 816 rumpit
1295 752 1428 801 enim
1468 765 1515 801 et
1556 752 1721 815 prodit
1758 770 1816 801 ex

72 832 267 881 latebris
305 833 483 895 quibus
520 843 761 897 concepta
797 843 883 882 est.
957 834 1056 882 Alii
1093 834 1378 898 caprificum
1414 844 1589 898 putant
1624 835 1814 884 dictum

71 915 207 976 quod
237 915 359 962 ficus
391 915 534 963 arbor
567 917 670 963 eius
707 915 928 964 remedio
963 918 1269 966 fecundetur.
1343 919 1517 965 Morus
1550 934 1580 965 a
1612 918 1813 966 Graecis
1835 931 1895 978 19

10 1011 48 1039 ο
71 1005 253 1055 vocata,
300 1012 447 1058 quam
492 996 654 1045 Latini
697 998 875 1046 rubum
914 1000 1177 1061 appellant,
1224 1015 1283 1047 eo
1331 1000 1468 1061 quod
1506 1000 1690 1047 fructus
1737 1001 1814 1048 vel

70 1078 274 1139 virgulta
299 1077 402 1126 eius
428 1077 583 1127 rubet.
658 1080 747 1127 Est
773 1079 905 1127 enim
931 1097 1069 1128 mora
1095 1079 1337 1139 silvestris,
1360 1082 1544 1128 fructus
1570 1081 1811 1141 adferens,

69 1157 247 1220 quibus
265 1157 315 1206 in
335 1160 529 1208 deserto
549 1168 801 1222 pastorum
818 1162 971 1210 fames
991 1178 1048 1210 ac
1067 1161 1272 1224 penuria
1290 1163 1596 1211 confovetur.
1646 1162 1812 1211 Huius

69 1240 184 1287 folia
209 1241 533 1303 superiactata
562 1242 791 1305 serpenti,
818 1244 966 1291 fertur
999 1243 1225 1292 interemi
1253 1241 1428 1309 [eum].
1500 1246 1809 1307 Sycomorus,
1834 1257 1901 1292 20

69 1319 192 1369 sicut
217 1331 264 1369 et
290 1338 468 1381 morus,
498 1324 688 1372 Graeca
713 1324 915 1373 nomina
940 1334 1067 1374 sunt.
1131 1324 1307 1374 Dictus
1333 1334 1498 1374 autem
1525 1342 1810 1388 sycomorus

22 1420 43 1460 5
68 1420 128 1452 eo
152 1405 288 1465 quod
314 1403 374 1452 sit
399 1406 514 1452 folia
539 1405 708 1453 similis
743 1422 896 1454 moro.
969 1410 1120 1456 Hanc
1158 1406 1321 1456 Latini
1353 1410 1535 1456 celsam
1561 1410 1811 1472 appellant

66 1485 129 1533 ab
165 1484 436 1545 altitudine,
467 1486 583 1549 quia
617 1504 718 1535 non
755 1498 827 1536 est
864 1488 1039 1548 brevis,
1068 1498 1121 1538 ut
1159 1506 1340 1538 morus.
1414 1493 1529 1538 Nux
1563 1492 1810 1553 appellata
1831 1505 1886 1540 21

67 1568 202 1630 quod
227 1567 402 1615 umbra
429 1570 505 1616 vel
539 1568 841 1618 stillicidium
878 1570 1106 1620 foliorum
1145 1571 1248 1620 eius
1282 1571 1516 1635 proximis
1551 1572 1808 1623 arboribus

65 1658 257 1697 noceat.
330 1651 479 1698 Hanc
520 1650 617 1699 alio
659 1652 863 1700 nomine
908 1652 1070 1701 Latini
1112 1653 1396 1716 iuglandem
1435 1663 1628 1714 vocant,
1674 1655 1814 1718 quasi

68 1729 198 1778 Iovis
231 1732 494 1793 glandem,
529 1733 619 1780 fuit
645 1732 777 1781 enim
811 1735 933 1783 haec
965 1735 1110 1784 arbor
1143 1746 1428 1785 consecrata
1463 1736 1581 1785 Iovi.
1657 1737 1812 1786 Cuius

18 1828 44 1856 0
65 1828 270 1874 pomum
296 1822 482 1862 tantam
507 1815 605 1862 vim
631 1814 780 1864 habet
805 1824 858 1864 ut
884 1815 1087 1865 missum
1114 1817 1239 1866 inter
1264 1827 1519 1883 suspectos
1544 1819 1807 1868 herbarum

64 1896 139 1942 vel
175 1895 435 1958 fungorum
473 1895 626 1956 cibos,
660 1897 903 1961 quidquid
941 1899 991 1947 in
1028 1902 1096 1949 eis
1130 1900 1426 1950 virulentum
1464 1911 1549 1962 est,
1579 1903 1803 1962 excudat,

61 1975 215 2038 rapiat
233 1985 382 2039 atque
402 1978 664 2042 extinguat.
712 1982 878 2029 Nuces
897 1990 1062 2030 autern
1082 1983 1372 2046 generaliter
1390 1985 1622 2032 dicuntur
1638 1984 1806 2032 omnia
1828 1996 1893 2031 22

61 2075 210 2120 poma
235 2068 365 2108 tecta
389 2059 522 2109 corio
548 2060 743 2110 duriore
762 2080 775 2122 ,-
807 2071 859 2110 ut
884 2063 1059 2125 pineae
1084 2081 1249 2124 nuces,
1278 2066 1565 2127 Abellanae,
1584 2068 1802 2130 glandes,

60 2149 331 2201 castaneae,
370 2143 670 2205 amygdalae.
743 2143 880 2192 Hinc
917 2154 964 2193 et
1000 2146 1163 2195 nuclei
1199 2146 1332 2207 dicti,
1372 2150 1509 2210 quod
1548 2148 1644 2196 sint
1681 2150 1805 2197 duro

5 2242 37 2283 55
59 2221 192 2270 corio
218 2222 348 2271 tecti.
404 2226 470 2271 At
495 2234 666 2272 contra
691 2242 839 2288 poma
864 2226 1031 2275 omnia
1058 2228 1224 2276 mollia
1250 2231 1378 2278 mala
1402 2230 1548 2292 dicta,
1577 2233 1664 2280 sed
1690 2248 1804 2279 cum

58 2302 336 2353 adiectione
377 2314 612 2354 terrarum
652 2306 700 2354 in
744 2307 925 2369 quibus
967 2318 1112 2358 antea
1152 2320 1267 2359 nata
1310 2321 1456 2361 sunt:
1497 2322 1550 2361 ut
1589 2313 1797 2373 Persica,

59 2384 257 2444 Punica,
305 2388 539 2446 Matiana,
585 2387 827 2450 Cydonia,
878 2398 926 2438 et
965 2399 1138 2440 cetera.
1229 2395 1505 2457 Amygdala
1552 2395 1798 2444 Graecum
1824 2410 1889 2456 23

117 2528 134 2553 1
169 2516 365 2555 desidere
386 2516 432 2555 K
549 2532 573 2556 2
603 2518 732 2557 adleti
752 2518 821 2558 D:
852 2520 977 2560 acleti
1002 2521 1025 2559 1
1110 2522 1213 2562 fices
1232 2523 1303 2562 D:
1334 2523 1420 2574 figu
1441 2524 1487 2562 K
1576 2538 1601 2575 3
1631 2526 1748 2565 canis
1770 2525 1808 2564 T

60 2583 82 2619 7
113 2570 343 2610 invascitur
369 2572 406 2610 T
456 2585 482 2622 9
511 2573 729 2612 arboribus
750 2586 850 2616 rem.
873 2575 918 2613 K
935 2591 943 2615 :
973 2575 1193 2616 arboribus
1214 2578 1302 2617 eius
1328 2591 1430 2619 rem.
1454 2578 1498 2617 D
1571 2593 1619 2619 10
1649 2581 1798 2619 robum

58 2624 127 2664 K:
156 2625 327 2665 rubrum
355 2625 392 2665 T
536 2628 693 2667 fractus
714 2629 757 2666 D
993 2643 1037 2668 11
1070 2632 1222 2671 rubent
1242 2633 1288 2671 K
1437 2634 1570 2686 enim]
1594 2641 1734 2674 autem
1755 2635 1802 2674 K

58 2680 242 2718 silvestri
263 2680 308 2718 K
490 2695 538 2720 12
570 2683 748 2733 penuria
767 2697 817 2722 ex
835 2697 960 2734 pecu·
982 2684 1028 2722 K
1211 2700 1259 2737 13
1289 2689 1529 2737 superiacta
1549 2689 1595 2727 K
1701 2704 1798 2729 eum

57 2735 148 2773 hab.
179 2734 233 2774 T:
264 2748 344 2773 om.
367 2734 456 2774 DK
584 2750 631 2786 14
662 2750 801 2777 mores
829 2738 867 2776 T
991 2750 1038 2789 15
1068 2740 1153 2780 sint
1174 2741 1229 2782 fo.
1250 2741 1408 2782 similes
1428 2743 1471 2781 D
1603 2746 1651 2782 18
1680 2744 1797 2794 iugu—

59 2789 225 2828 landem
245 2789 356 2829 codd.
529 2804 576 2841 19
605 2792 732 2844 haec]
755 2794 834 2832 her
853 2794 899 2832 K
1039 2808 1099 2833 co.
1122 2796 1228 2835 iovis
1247 2796 1318 2836 D:
1349 2799 1612 2838 consecratio
1632 2799 1738 2838 iovis
1767 2799 1804 2837 T

60 2856 113 2882 20
141 2844 267 2883 misso
296 2845 334 2883 T
347 2849 441 2884 ante
455 2859 573 2885 corn:
603 2847 731 2885 missa
751 2848 841 2887 DK
856 2863 865 2888 ε
895 2849 1045 2888 missas
1072 2849 1109 2887 T
1120 2864 1170 2889 ex
1188 2865 1287 2891 corr.
1427 2865 1475 2891 21
1508 2854 1731 2902 quodquod
1753 2855 1798 2893 K

60 2899 241 2937 excudat
278 2899 341 2941 D:
391 2900 588 2940 excludet
628 2901 685 2940 T:
733 2902 861 2942 elidat
900 2904 972 2943 K:
1019 2905 1174 2944 exudet
1212 2906 1304 2946 dett.
1445 2920 1496 2956 23
1528 2909 1713 2957 grandes
1751 2908 1795 2946 D

59 2965 110 3001 24
140 2952 273 2992 dictae
294 2953 339 2992 D
475 2967 527 3004 25
557 2968 639 2996 om.
664 2969 730 3005 po.
757 2956 795 2995 T
917 2960 971 2996 26
998 2965 1098 2998 ante
1120 2965 1217 2999 nota
1244 2959 1281 2998 T
1413 2975 1463 3012 27
1495 2963 1687 3002 madiana
1706 2963 1797 3002 DK
