2228 3444
451 130 1083 182 ETYMOLOGIARVM
1126 130 1251 175 LIB.
1296 129 1414 176 VII.
1455 129 1498 175 vi

105 263 305 327 quidam
336 278 477 311 mons
504 260 639 310 fortis
666 260 883 310 exclusit.
957 262 1156 310 Eleazar
1189 259 1283 309 Dei
1307 259 1622 309 adiutorium.
1697 261 1846 308 Balac
1868 258 1933 318 48

101 344 439 409 praecipitans,
469 342 570 392 sive
594 344 851 393 devoranS.
925 343 1126 391 Balaam
1152 358 1306 391 vanus
1332 342 1559 406 populus
1635 342 1846 390 Phinees
1869 353 1941 400 49

102 426 172 476 ori
215 442 433 490 parcens.
524 426 792 474 Transfixit
836 423 968 474 enim
1017 423 1233 488 pugione
1279 423 1477 473 Zambri
1525 441 1639 472 cum
1683 433 1846 472 scorto

105 506 446 566 Madianitide‚
476 516 523 556 et
549 507 757 555 Domini
783 509 996 555 furorem
1022 506 1246 569 placavit,
1275 515 1329 555 ut
1354 515 1586 569 parceret.
1650 504 1846 554 Zambri
1870 528 1938 578 50

55 607 76 646 5
102 589 191 638 iste
248 589 512 638 lacessieris
567 591 643 637 vel
703 587 988 637 amaricans.
1087 587 1288 652 Proprie
1348 589 1481 637 enim
1540 604 1727 637 nomen
1782 587 1845 636 ab

101 670 430 720 amaritudine
465 673 740 734 figuratum,
776 671 911 733 quod
938 671 1195 733 peccando
1220 669 1555 719 amaricaverit
1589 671 1844 735 populum.

104 753 247 801 Raab
285 753 508 813 latitudo,
548 755 623 802 vel
662 755 831 813 fames,
858 752 959 801 sive
1001 751 1227 815 impetus.
1317 754 1466 801 Iosue
1503 751 1847 816 interpretatur
1876 765 1931 815 51

102 837 325 884 salvator.
413 838 526 898 Ipse
573 836 706 883 enim
750 835 800 883 in
842 836 995 898 figura
1048 833 1232 884 Christi
1281 836 1523 897 populum
1573 852 1601 883 a
1650 836 1846 883 deserto

103 917 318 977 salvavit,
359 927 406 966 et
446 916 495 964 in
539 926 715 965 terram
761 916 1152 980 repromissionis
1195 916 1400 966 induxit.
1473 917 1666 981 Caleph
1706 915 1846 980 quasi
1869 924 1932 974 52

31 1019 79 1048 10
101 1016 198 1056 cor,
243 1008 327 1048 aut
370 998 519 1047 canis.
594 999 834 1048 Othoniel
873 1009 1069 1062 tempus
1115 1000 1219 1048 eius
1271 1001 1422 1058 Deus,
1467 1001 1544 1048 vel
1588 1000 1845 1062 responsio
1873 1014 1937 1064 53

108 1079 217 1129 Dei.
289 1081 423 1128 Aoth
456 1079 712 1144 gloriosus.
787 1081 977 1129 Barach
1011 1081 1276 1144 fulgurans.
1352 1081 1590 1130 Debbora
1627 1082 1732 1145 apis
1769 1085 1845 1131 vel

103 1166 297 1226 loquax.
375 1162 510 1226 Apis,
557 1162 671 1225 quia
710 1162 799 1211 fuit
837 1164 901 1211 ad
940 1162 1126 1212 bellum
1171 1162 1551 1227 promptissima,
1603 1164 1846 1214 dimicans

106 1247 339 1295 adversus
379 1244 605 1305 Sisaram,
639 1262 739 1307 quo
773 1254 1029 1309 perempto
1072 1246 1250 1295 cecinit
1292 1245 1540 1294 canticum
1560 1266 1572 1307 ,-
1627 1247 1744 1296 inde
1781 1250 1846 1297 lo-

103 1345 246 1390 quax.
334 1328 471 1376 Iahel
530 1326 770 1376 ascensio,
865 1329 1075 1377 Gedeon
1125 1328 1517 1392 experimentum
1574 1327 1845 1391 iniquitatis
1875 1335 1939 1384 54

29 1433 76 1474 15
105 1427 293 1460 eorum.
366 1409 729 1472 Frequentibus
766 1410 899 1458 enim
936 1411 1251 1459 documentis
1286 1412 1575 1459 informatus
1610 1419 1683 1459 est
1714 1410 1845 1473 quali

107 1492 360 1556 praesagio
399 1501 571 1541 contra
606 1494 773 1542 hostes
810 1494 1022 1541 futuram
1058 1492 1311 1542 victoriam
1350 1492 1616 1556 expediret,
1650 1511 1708 1542 ex
1746 1510 1845 1556 quo

105 1576 267 1623 futuro
311 1573 647 1637 experimento
689 1574 1036 1638 etymologiam
1086 1574 1302 1623 nominis
1351 1574 1576 1638 sumpsit.
1647 1575 1847 1624 Abime-

107 1658 217 1705 lech
251 1666 386 1721 pater
417 1673 554 1706 meus
592 1673 688 1706 rex.
760 1658 889 1706 Tola
918 1658 1255 1717 vermiculum,
1289 1659 1365 1706 vel
1397 1657 1675 1706 coccinum.
1750 1657 1847 1706 Iair
1874 1669 1938 1719 55

106 1738 421 1787 inluminans.
495 1740 672 1801 Iephte
721 1739 958 1802 aperiens,
1009 1741 1087 1788 vel
1133 1748 1345 1803 apertus.
1419 1740 1620 1788 Esebon
1669 1739 1848 1802 cogita-

29 1842 78 1872 20
105 1821 188 1880 tio,
222 1819 322 1868 sive
354 1820 603 1869 vinculum
635 1821 882 1871 maeroris.
955 1823 1106 1871 Abdo
1141 1839 1306 1871 servus
1345 1822 1464 1871 eius.
1526 1824 1736 1871 Samson
1774 1825 1846 1871 sol
1871 1825 1943 1885 56

101 1918 285 1962 eorum,
314 1903 390 1951 vel
417 1902 531 1950 solis
562 1902 813 1952 fortitudo.
886 1903 999 1952 Fuit
1030 1903 1161 1952 enim
1193 1903 1369 1953 virtute
1399 1906 1570 1964 clarus,
1600 1913 1648 1953 et
1677 1904 1848 1953 libera-

99 1983 166 2032 vit
194 1985 345 2033 Israel
370 1985 433 2032 de
459 1984 699 2034 hostibus.
774 1986 937 2033 Dalila
961 1987 1271 2049 paupercula,
1300 1987 1376 2034 vel
1402 1985 1561 2034 situla.
1635 1988 1771 2034 Booz
1796 1986 1845 2033 in

102 2064 403 2126 fortitudine,
443 2063 586 2131 [sive]
625 2066 675 2113 in
713 2082 813 2129 quo
856 2066 1019 2115 robur.
1093 2067 1290 2128 Noemi‚
1335 2085 1484 2130 quam
1529 2067 1845 2131 interpretare
1874 2078 1935 2127 57

102 2164 364 2210 possumus
381 2149 701 2207 consolatam,
724 2165 784 2196 eo
805 2150 940 2210 quod
962 2147 1136 2197 marito
1153 2159 1200 2198 et
1221 2149 1384 2198 liberis
1403 2167 1603 2214 peregre
1623 2150 1842 2210 mortuis,

29 2250 75 2290 25
106 2246 282 2278 nurum
318 2229 646 2279 Moabitidem
682 2229 732 2278 in
770 2230 1110 2280 consolatione
1147 2248 1234 2280 sua
1271 2231 1440 2280 tenuit.
1531 2233 1670 2281 Ruth
1705 2232 1846 2281 inter·
1870 2233 1936 2291 58

103 2319 317 2373 pretatur
359 2310 608 2360 festinans.
683 2311 975 2375 Alienigena
1013 2312 1145 2361 enim
1189 2323 1290 2363 erat
1333 2331 1391 2363 ex
1433 2316 1619 2378 populo
1660 2314 1842 2378 gentili,

160 2454 177 2480 1
212 2454 333 2481 mons
354 2454 436 2480 om.
467 2441 504 2480 T
663 2455 687 2480 2
718 2443 917 2482 desorans
943 2443 980 2481 T
1111 2456 1136 2493 3
1166 2443 1392 2493 pugionem
1415 2443 1582 2483 ClKT:
1611 2444 1786 2494 pugioni
1806 2444 1847 2481 Β

102 2501 243 2535 scortu
264 2495 310 2534 K
316 2496 374 2534 T:
403 2501 547 2535 scurtu
571 2495 621 2535 C1
841 2511 866 2547 4
896 2498 1062 2536 Zambri
1082 2499 1205 2537 stella
1225 2498 1415 2538 cessiens
1434 2497 1476 2535 B
1493 2513 1503 2538 ε
1533 2498 1700 2537 Zambri
1719 2499 1847 2538 stela-

102 2563 277 2590 cescens
292 2550 342 2590 Cl
424 2561 448 2598 5
470 2551 548 2589 iste
566 2564 648 2591 om.
664 2550 710 2589 K
817 2565 926 2594 nom.
944 2553 1239 2592 amaritudinis
1252 2554 1459 2603 figuratur
1474 2554 1520 2592 K
1625 2556 1651 2592 6
1671 2560 1846 2604 peccato

105 2606 149 2644 K
366 2605 606 2644 amaricavit
628 2605 740 2658 (add.
765 2606 807 2645 in
831 2621 964 2659 marg.
987 2608 1190 2658 populum
1212 2608 1300 2660 dei)
1321 2609 1363 2647 Β
1529 2621 1550 2657 7
1581 2608 1702 2647 samis
1722 2607 1809 2645 ΒΚ
1816 2607 1854 2645 Τ

104 2673 179 2699 seu
204 2659 249 2697 K
391 2661 546 2710 interp.
569 2673 652 2699 om.
674 2660 720 2698 K
738 2662 841 2713 (non
862 2663 926 2715 A)
1093 2664 1119 2701 8
1148 2663 1325 2712 figuram
1346 2663 1432 2701 BT
1540 2676 1585 2701 11
1621 2663 1718 2703 Bar.
1742 2663 1843 2712 fulg.

105 2729 188 2754 om.
213 2713 259 2752 K
276 2717 379 2764 (non
399 2715 463 2766 A)
579 2715 771 2754 Deborra
791 2716 890 2767 apix
909 2717 956 2756 K
1067 2730 1113 2756 12
1143 2717 1259 2769 quia]
1282 2718 1395 2768 quod
1416 2718 1457 2756 Β
1569 2730 1618 2766 14
1650 2717 1846 2757 adcensio

109 2770 158 2808 C1
274 2770 325 2806 16
352 2781 433 2819 quo
454 2782 539 2808 om.
561 2768 602 2806 Β
689 2782 736 2820 17
766 2772 951 2810 nominis
970 2784 1051 2810 om.
1081 2772 1118 2810 T
1213 2774 1262 2811 18
1290 2772 1395 2812 Tola
1418 2804 1428 2814 .
1450 2805 1458 2813 .
1482 2803 1492 2813 .
1516 2772 1658 2813 inlum.
1681 2786 1764 2811 om.
1788 2771 1844 2809 Β1

109 2835 161 2862 2ο
190 2823 385 2862 memoris
405 2822 446 2860 Β
464 2839 471 2863 ;
504 2825 705 2864 messoris
726 2824 771 2862 K
951 2839 998 2865 21
1034 2839 1178 2866 eorum
1200 2840 1282 2867 om.
1306 2826 1352 2864 K
1370 2827 1471 2878 (non
1492 2827 1556 2879 A)
1582 2827 1638 2865 U²
1659 2827 1760 2878 (non
1785 2825 1844 2875 V)

110 2877 223 2917 enim
243 2891 324 2917 om.
347 2877 388 2915 Β
553 2892 604 2917 22
637 2880 772 2919 Dalila
792 2910 802 2920 .
825 2911 835 2920 .
861 2910 871 2920 .
894 2881 1024 2920 robur
1043 2895 1124 2921 om.
1148 2879 1194 2918 K
1210 2882 1314 2932 (non
1334 2882 1399 2934 A)
1559 2894 1610 2930 23
1639 2881 1730 2920 sive
1749 2881 1843 2920 hab.

110 2931 254 2972 BCU:
275 2945 358 2972 om.
389 2932 445 2972 T:
474 2933 542 2972 vel
561 2934 604 2971 A
729 2948 811 2984 qua
832 2934 878 2973 K
985 2949 1035 2984 24
1065 2936 1275 2986 possimus
1295 2935 1336 2973 Β
1464 2937 1574 2986 quod
1596 2949 1620 2974 a
1640 2936 1791 2974 marito
1815 2934 1850 2973 C

107 2999 158 3035 25
189 2987 338 3037 interp.
361 3001 443 3027 om.
467 2987 513 3025 K
531 2989 632 3041 (non
652 2990 715 3042 A)
