2176 3424
339 113 969 162 ETYMOLOGIARVM
1009 116 1135 162 LIB.
1178 115 1316 163 XIX.
1357 115 1608 163 xxix-xxxi

21 261 28 270 ‘
102 241 242 290 sutile
269 244 404 304 quod
430 244 708 290 sacerdotes
724 243 931 305 gentiles
948 246 1223 304 utebantur,
1245 247 1519 308 appellatus
1533 247 1597 294 ab
1616 246 1846 309 apiendo,

100 322 150 371 id
176 333 248 372 est
271 325 550 386 adligando.
606 325 736 373 Nam
762 325 958 388 virgula,
978 342 1105 389 quae
1131 326 1181 374 in
1200 326 1349 390 pilleo
1364 337 1478 388 erat,
1498 329 1850 377 conectebatur

102 405 197 463 filo,
235 406 370 468 quod
402 405 549 453 fiebat
586 422 644 454 ex
677 409 788 454 lana
820 407 1024 456 hostiae.
1096 407 1347 456 Galerium
1384 408 1587 471 pilleum
1625 426 1683 457 ex
1720 411 1848 472 pelle

101 503 272 536 caesae
298 486 487 536 hostiae
512 488 711 536 facturn.
786 488 995 537 Pilleum
1029 500 1195 539 autem
1222 490 1410 539 dictum
1443 509 1472 539 a
1505 493 1633 555 pelle
1658 492 1848 540 hostiae

52 589 73 629 5
98 570 231 617 unde
257 569 419 617 fiebat.
493 568 713 618 Cidarim
740 579 788 619 et
812 569 956 632 ipsud
983 574 1295 621 sacerdotum
1329 582 1444 633 erat,
1471 575 1608 635 quod
1632 590 1661 620 a
1685 572 1850 635 pleris—
1873 573 1907 619 6

98 666 194 712 que
221 649 362 698 mitra
388 659 602 698 vocatur.

233 733 316 778 DE
341 746 685 780 ORNAMENTIS
712 746 910 780 CAPITIS
939 748 1272 781 FEMINARVM.
1347 735 1653 784 Ornamenta
1678 734 1850 798 capitis
1874 747 2024 786 XXXI

96 812 417 861 feminarum:
456 811 697 872 diadema,
727 813 971 874 nimbum,
998 815 1268 877 capitulum
1295 824 1343 863 et
1369 815 1523 864 mitra.
1599 816 1847 865 Diadema

96 902 167 941 est
204 904 548 942 ornamentum
579 894 749 957 capitis
787 905 1120 944 matronarum
1155 913 1212 945 ex
1245 913 1364 945 auro
1401 907 1449 946 et
1485 898 1694 961 gemmis
1731 916 1845 947 con-

25 993 72 1021 10
95 984 294 1035 textum,
318 978 452 1038 quod
480 975 530 1023 in
547 993 598 1024 se
624 976 932 1025 circumactis
949 978 1338 1027 extremitatibus
1358 988 1486 1028 retro
1505 979 1821 1043 adstringitur
1832 998 1846 1040 3

96 1066 143 1104 et
169 1056 345 1105 exinde
366 1058 554 1105 dictum
575 1058 763 1106 Graece
790 1060 926 1120 quod
943 1061 1250 1122 praeligetur.
1313 1060 1530 1110 Nimbus
1547 1071 1621 1110 est
1645 1063 1846 1110 fasciola
1872 1078 1902 1112 2

93 1147 365 1187 transversa
390 1156 448 1187 ex
471 1155 590 1187 auro
622 1140 799 1188 adsuta
834 1139 884 1187 in
919 1140 1086 1201 linteo,
1116 1143 1253 1203 quod
1279 1151 1352 1191 est
1386 1142 1435 1190 in
1462 1144 1622 1192 fronte
1649 1143 1849 1192 femina-

92 1237 213 1268 rum.
289 1221 489 1268 Plautus
518 1220 688 1283 (Poen.
711 1221 827 1285 348)
854 1242 861 1270 :

272 1304 387 1364 Quo
426 1304 579 1365 magis
616 1318 723 1350 eam
762 1302 959 1366 aspicio,
999 1313 1098 1352 tarn
1138 1304 1291 1368 magis
1329 1306 1550 1354 nimbata
1587 1317 1673 1355 est.

16 1401 65 1440 15
94 1384 223 1432 Nam
251 1392 299 1432 et
332 1385 514 1444 lumen,
543 1386 678 1446 quod
712 1386 840 1433 circa
870 1387 1159 1448 angelorum
1191 1386 1351 1448 capita
1389 1387 1615 1451 pingitur,
1645 1389 1844 1438 nimbus

91 1474 304 1524 vocatur,
326 1465 438 1514 licet
465 1475 512 1514 et
538 1466 736 1514 nimbus
764 1466 824 1514 sit
848 1466 1065 1515 densitas
1091 1468 1251 1516 nubiS.
1310 1470 1596 1532 Capitulum
1613 1480 1684 1519 est
1705 1473 1840 1533 quod
1866 1489 1896 1534 3

89 1548 234 1610 vulgo
251 1547 516 1610 capitulare
536 1547 722 1597 dicunt.
795 1549 937 1597 Idem
956 1558 1003 1597 et
1019 1566 1189 1612 cappa,
1212 1552 1287 1598 vel
1307 1553 1443 1613 quod
1461 1553 1586 1600 duos
1603 1552 1768 1615 apices
1788 1563 1840 1601 ut

89 1644 244 1690 cappa
261 1628 418 1677 littera
437 1630 629 1689 habeat,
651 1631 725 1678 vel
746 1631 859 1692 quia
880 1630 1052 1692 capitis
1073 1642 1419 1680 ornamentum
1441 1644 1528 1680 est.
1599 1633 1748 1682 Mitra
1769 1644 1839 1683 est
1863 1652 1895 1698 4

89 1710 289 1770 pilleum
308 1710 587 1773 Phrygium,
601 1720 747 1773 caput
764 1721 1037 1774 protegens,
1052 1715 1195 1775 quale
1213 1723 1285 1761 est
1302 1724 1648 1762 ornamentum
1667 1716 1840 1778 capitis

15 1807 66 1838 20
88 1791 390 1840 devotarum.
454 1793 550 1841 Sed
577 1791 778 1855 pilleum
805 1792 1017 1841 virorum
1035 1802 1121 1853 est,
1146 1794 1316 1843 mitrae
1340 1804 1505 1844 autem
1528 1798 1835 1846 feminarum.
1864 1817 1894 1865 5

89 1871 401 1921 Redimicula
417 1882 582 1921 autem
600 1883 713 1937 sunt
730 1874 910 1936 quibus
927 1874 1068 1923 mitra
1083 1875 1317 1938 alligatur.
1369 1876 1577 1926 Pilleum
1593 1888 1773 1938 autern,
1787 1889 1838 1927 ut

88 1942 431 2016 praediximus,
459 1972 488 2002 a
521 1957 647 2017 pelle
673 1966 802 2005 erat:
854 1973 968 2004 nam
998 1958 1139 2005 mitra
1169 1975 1227 2006 ex
1257 1960 1368 2006 lana
1404 1969 1490 2007 est.
1556 1960 1732 2009 Ricula
1765 1970 1837 2009 est

90 2035 232 2084 mitra
248 2035 492 2099 virginalis
509 2037 696 2099 capitis.
770 2037 935 2086 Vittae
962 2048 1075 2086 sunt
1093 2056 1218 2101 quae
1237 2037 1329 2106 [in]
1351 2040 1568 2089 crinibus
1584 2041 1839 2091 innectun-
1864 2045 1898 2091 6

89 2125 178 2176 tur,
207 2117 386 2180 quibus
413 2120 621 2166 fluentes
639 2118 901 2182 religantur
925 2119 1087 2183 capilli
1109 2141 1116 2169 :
1157 2130 1203 2169 et
1230 2121 1377 2170 vittae
1395 2122 1556 2172 dictae
1577 2126 1713 2186 quod
1738 2124 1839 2172 vin-

14 2214 63 2254 ²5
90 2198 240 2247 ciunt.
306 2199 496 2248 Taenia
520 2210 684 2249 autern
712 2210 785 2250 est
810 2201 1039 2250 vittarum
1066 2203 1344 2253 extremitas
1371 2206 1662 2268 dependens
1687 2208 1841 2255 diver-

90 2297 254 2329 sorum
292 2283 528 2330 colorum.
605 2285 733 2331 Item
770 2283 891 2332 vitta
930 2294 1003 2333 est
1041 2301 1137 2347 qua
1168 2301 1352 2334 corona
1384 2288 1595 2335 vincitur
1615 2307 1627 2348 3
1677 2290 1839 2337 taenia

87 2379 200 2411 vero
217 2372 431 2412 extrema
447 2381 557 2427 pars
578 2364 725 2413 vittae
745 2381 872 2427 quae
897 2367 1149 2428 dependet
1168 2383 1394 2417 coronae.
1457 2368 1742 2418 Reticulum
1764 2380 1837 2419 est
1862 2380 1889 2428 7

87 2446 222 2507 quod
249 2444 431 2508 colligit
457 2462 637 2505 comas,
667 2448 854 2495 dictum
880 2448 943 2495 ab
964 2464 1024 2496 eo
1050 2450 1188 2510 quod
1213 2448 1389 2498 retinet
1417 2450 1573 2499 crines
1598 2468 1661 2499 ne
1686 2453 1836 2500 effun-

144 2586 161 2611 1
194 2574 343 2612 subtile
377 2575 522 2613 BKT2
555 2575 656 2624 (non
697 2575 757 2627 U)
924 2577 1148 2616 ambiendo
1176 2577 1210 2616 C
1427 2593 1450 2617 2
1480 2580 1692 2630 alligando
1723 2581 1780 2620 C:
1811 2595 1834 2620 a

88 2628 254 2678 ligando
275 2628 332 2666 Β1
341 2628 439 2668 TU:
469 2630 779 2680 adalligandum
798 2631 843 2669 K
952 2633 1252 2671 conectabatur
1270 2633 1304 2671 C
1465 2647 1489 2684 3
1519 2636 1652 2687 quod]
1671 2649 1780 2685 quae
1794 2635 1835 2673 Β

86 2697 111 2731 4
141 2691 282 2722 autem
316 2697 398 2724 om.
440 2683 486 2721 K
634 2698 683 2724 10
712 2685 976 2724 circumartis
1018 2686 1076 2725 T:
1124 2687 1278 2726 circum
1321 2688 1356 2727 C
1502 2702 1546 2727 11
1578 2695 1620 2729 et
1657 2691 1753 2728 inde
1793 2690 1835 2727 Β

90 2750 137 2775 12
166 2737 280 2777 lineo
300 2737 358 2775 Β1
492 2750 538 2788 14
568 2752 650 2788 quo
672 2752 751 2778 ma.
774 2739 1056 2779 BCDEFTU
1070 2741 1206 2781 Mon.:
1236 2743 1424 2791 comagis
1444 2743 1513 2783 N:
1542 2758 1636 2783 cum
1659 2757 1737 2784 ma.
1761 2744 1828 2783 K:

86 2792 514 2887 ῗέῧῖῗῖιῖιᾈὲἳῗ
528 2807 630 2898 (ῗοῖ
650 2794 819 2887 ἔπι]
833 2802 1106 2901 M0³ZJ3¹C¹¹¹¹¹t
1135 2796 1182 2900 f}
1211 2797 1450 2890 {Yr‘ssfflff
1579 2855 1627 2891 16
1657 2799 1831 2893 &¹¹33ssss

87 2901 142 2939 ni.
171 2899 207 2937 T
308 2902 410 2952 Cap.
432 2909 572 2942 autem
594 2902 711 2942 estB
825 2917 869 2954 17
902 2905 1082 2954 capitola
1106 2906 1158 2944 di.
1182 2905 1227 2943 K
1356 2908 1405 2945 18
1433 2907 1574 2946 littere
1595 2906 1632 2945 T
1736 2910 1833 2958 quia

87 2953 196 2994 KT:
227 2957 337 3005 quod
351 2955 431 2995 BC
565 2970 615 2995 22
645 2956 690 3008 a]
713 2971 768 2996 ex
789 2958 834 2996 K
916 2959 1072 3008 Rigula
1092 2959 1148 2997 B1
1248 2974 1298 3010 23
1330 2961 1373 2999 in
1394 2961 1486 3001 hab.
1510 2961 1623 3001 BK:
1651 2975 1732 3003 om.
1762 2963 1839 3002 CT

89 3022 139 3058 24
170 3011 282 3058 quod
303 3010 397 3048 CT:
429 3012 524 3060 quia
545 3011 631 3049 ΒΚ
766 3025 815 3061 27
847 3026 950 3052 vero
970 3019 1035 3052 est
1056 3019 1140 3054 ext.
1172 3013 1226 3051 T2
1362 3029 1446 3065 qua
1467 3017 1712 3066 dependent
1734 3017 1780 3055 K
