2176 3424
111 846 132 887 5

86 1263 136 1291 10

853 229 1067 276 LIBER
1105 230 1208 276 XII

709 362 813 413 DE
854 357 1359 413 ANIMALIBVS

293 506 375 552 DE
395 516 677 552 PECORmvs
705 515 769 548 ET
796 512 1063 548 IVMENTIS.
1104 495 1352 546 Omnibus
1378 492 1713 542 animantibus
1740 494 1902 542 Adam
1930 498 1948 537 Ι

157 585 368 649 primum
394 585 640 633 vocabula
666 580 859 640 indidit,
887 580 1141 642 appellans
1176 575 1445 639 unicuique
1478 592 1664 625 nomen
1690 591 1748 623 ex
1772 591 1906 637 prae-

158 667 284 716 senti
335 665 643 715 institutione
691 665 824 712 iuxta
874 660 1223 709 condicionem
1277 668 1481 707 naturae
1547 658 1626 707 cui
1691 655 1902 705 serviret.

158 751 344 798 Gentes
368 758 534 797 autem
560 746 827 808 unicuique
853 744 1141 792 animalium
1168 759 1226 790 ex
1252 741 1447 804 propria
1471 738 1638 802 lingua
1663 739 1908 787 dederunt
1930 752 1960 787 2

156 831 409 881 vocabula.
485 830 603 878 Non
650 836 815 876 autem
878 826 1155 873 secundum
1205 822 1433 871 Latinam
1482 822 1700 884 linguam
1759 829 1909 883 atque

160 915 401 962 Graecam
448 919 532 960 aut
572 907 904 973 quarumlibet
952 906 1174 970 gentium
1212 904 1530 953 barbararum
1583 901 1787 950 nomina
1829 901 1910 950 illa

157 994 374 1058 inposuit
399 995 578 1050 Adam,
598 992 685 1040 sed
711 990 793 1038 illa
811 989 978 1053 lingua
1003 1004 1130 1050 quae
1154 996 1269 1035 ante
1295 985 1535 1034 diluvium
1562 984 1785 1033 omnium
1813 1000 1911 1032 una

158 1076 260 1137 fuit,
291 1092 417 1139 quae
455 1074 690 1123 Hebraea
727 1079 1056 1133 nuncupatur.
1132 1069 1306 1117 Latine
1339 1077 1507 1116 autem
1545 1065 1776 1115 animalia
1811 1067 1911 1115 sive
1935 1078 1964 1126 3

159 1157 428 1208 animantia
475 1155 621 1215 dicta,
667 1154 804 1217 quod
843 1152 1122 1202 animentur
1164 1151 1262 1199 vita
1301 1160 1348 1199 et
1392 1158 1683 1198 moveantur
1725 1138 1909 1212 ¹spiritu.

162 1239 518 1303 Quadrupedia
554 1245 741 1296 vocata,
774 1236 888 1298 quia
919 1242 1151 1297 quattuor
1181 1231 1393 1296 pedibus
1426 1231 1742 1296 gradiuntur:
1787 1246 1913 1293 quae
1936 1247 1968 1295 4

160 1325 280 1373 dum
307 1322 403 1370 sint
429 1319 604 1370 similia
638 1317 914 1382 pecoribu3‚
942 1325 1109 1364 tamen
1137 1316 1229 1364 sub
1255 1332 1371 1363 cura
1396 1316 1615 1363 humana
1640 1330 1742 1361 non
1769 1321 1913 1371 sunt3

160 1415 212 1454 ut
246 1403 387 1463 cervi,
417 1403 659 1460 dammae,
689 1400 872 1462 onagri,
901 1407 949 1447 et
983 1406 1157 1447 cetera.
1233 1398 1330 1446 Sed
1366 1413 1529 1460 neque
1564 1396 1751 1444 bestiae
1783 1404 1910 1453 sunt,

161 1498 213 1537 ut
249 1490 417 1536 leones
435 1504 448 1546 3
485 1500 646 1546 neque
684 1481 918 1540 iumenta,
960 1488 1013 1527 ut
1051 1496 1166 1527 usus
1204 1478 1463 1527 hominum
1502 1478 1667 1527 iuvare
1704 1476 1910 1542 possint.

164 1573 321 1618 Pecus
368 1566 579 1616 dicimus
628 1580 777 1612 omne
826 1563 962 1626 quod
1006 1562 1223 1609 humana
1266 1562 1432 1623 lingua
1475 1569 1523 1609 et
1566 1560 1724 1623 effigie
1766 1568 1910 1608 caret.
1939 1574 1969 1622 5

166 1652 364 1714 Proprie
400 1658 564 1698 autem
602 1661 836 1710 pecorum
874 1660 1058 1692 nomen
1095 1642 1171 1690 his
1208 1641 1503 1691 animalibus
1541 1643 1916 1690 adcommodari

166 1735 289 1782 solet
316 1748 442 1794 quae
470 1738 582 1778 sunt
606 1737 688 1776 aut
713 1728 776 1775 ad
803 1726 1104 1774 vescendum
1130 1734 1257 1788 apta,
1292 1734 1343 1773 ut
1363 1742 1479 1774 oves
1506 1733 1552 1773 et
1580 1740 1691 1773 sues
1712 1743 1723 1784 3
1757 1732 1841 1772 aut
1867 1723 1917 1771 in

165 1831 255 1863 usu
282 1812 541 1861 hominum
568 1809 848 1869 commoda,
878 1817 931 1856 ut
957 1807 1071 1870 equi
1097 1816 1145 1856 et
1169 1807 1337 1856 boves.
1404 1807 1578 1856 Differt
1602 1816 1768 1856 autem
1794 1806 1918 1855 inter
1942 1813 1976 1860 6

166 1912 345 1960 pecora
378 1903 425 1942 et
459 1893 708 1956 pecudes:
747 1907 861 1938 nam
894 1899 1081 1938 veteres
1113 1889 1444 1937 communiter
1476 1889 1527 1937 in
1561 1888 1918 1952 significatione

166 1977 389 2027 omnium
426 1973 713 2023 animalium
751 1988 931 2035 pecora
967 1971 1195 2020 dixerunt
1213 1989 1226 2031 3
1268 1973 1485 2034 pecudes
1522 1980 1688 2019 autem
1725 1979 1917 2019 tantum

167 2060 248 2108 illa
271 2058 502 2107 animalia
528 2071 655 2119 quae
681 2055 907 2112 eduntur,
937 2052 1075 2116 quasi
1102 2054 1364 2116 pecuedes
1423 2052 1727 2101 Generaliter
1752 2062 1917 2101 autem

168 2158 316 2190 omne
341 2139 522 2188 animal
543 2153 693 2200 pecus
714 2153 742 2184 a
767 2137 1019 2199 pascendo
1035 2144 1279 2183 vocatum.
1320 2137 1551 2183 Iumenta
1575 2134 1778 2183 nomina
1803 2134 1920 2183 inde
1943 2144 1971 2193 7

169 2230 427 2279 traxerunt,
457 2220 592 2283 quod
627 2227 848 2266 nostrum
886 2217 1107 2265 laborem
1134 2218 1209 2265 vel
1248 2233 1373 2264 onus
1412 2233 1502 2265 suo
1532 2216 1776 2266 adiutorio
1810 2217 1921 2264 sub-

170 2305 414 2354 vectando
462 2304 538 2350 vel
586 2301 772 2348 arando
824 2299 1005 2348 iuvent.
1079 2301 1209 2346 Nam
1259 2299 1350 2347 bos
1399 2308 1632 2362 carpenta
1671 2300 1829 2357 trahit,
1873 2308 1920 2346 et

173 2385 456 2437 durissimas
514 2393 668 2432 terrae
728 2382 896 2444 glebas
952 2397 1150 2429 vomere
1203 2380 1345 2428 vertit
1374 2399 1385 2439 3
1439 2397 1595 2443 equus
1652 2389 1700 2428 et
1754 2379 1920 2428 asinus

173 2477 368 2534 portant
405 2482 566 2526 onera,
595 2474 642 2514 et
679 2463 938 2512 hominum
976 2463 1026 2510 in
1064 2461 1334 2525 gradiendo
1371 2463 1592 2510 laborem
1630 2471 1918 2526 temperant.

229 2612 252 2637 2
282 2597 438 2647 primus
462 2594 497 2634 C
630 2591 879 2631 vocabolum
903 2591 947 2628 K
1084 2603 1136 2628 ex
1159 2602 1297 2639 praes.
1323 2591 1418 2629 inst.
1439 2604 1523 2629 om.
1549 2590 1633 2628 ΚΟ
1798 2602 1822 2638 3
1855 2590 1921 2628 cui

175 2666 256 2692 ser.
278 2665 358 2691 om.
386 2651 429 2688 K
538 2664 561 2698 4
593 2661 648 2686 ex
674 2659 737 2696 pr.
759 2646 831 2685 lin.
853 2646 963 2686 unic.
995 2658 1061 2684 an.
1094 2646 1189 2685 ded.
1211 2645 1457 2684 vocabolum
1487 2645 1533 2682 K
1638 2648 1664 2683 6
1696 2645 1921 2683 barbarum

175 2708 240 2748 B:
273 2720 353 2744 om.
377 2705 422 2742 K
558 2717 579 2752 7
611 2702 754 2751 lingua
775 2714 858 2740 om.
882 2701 948 2740 B:
980 2699 1151 2738 nomina
1171 2698 1256 2737 ΚΟ
1365 2700 1558 2738 omnibus
1578 2699 1623 2737 K
1758 2701 1783 2737 8
1814 2712 1921 2738 nun—

177 2768 327 2812 cupata
347 2765 412 2799 est
427 2758 462 2798 C
542 2762 680 2795 autem
693 2769 775 2794 om.
798 2755 842 2792 K
948 2769 973 2804 9
1003 2759 1227 2792 moveatur
1255 2753 1306 2793 T:
1329 2761 1553 2793 moventur
1572 2755 1612 2791 Β
1726 2767 1775 2792 10
1804 2753 1921 2805 quia]

178 2817 290 2867 quod
312 2815 352 2853 B
461 2812 707 2862 gradiantur
731 2809 795 2860 (ex
814 2811 945 2860 -atur)
971 2810 1012 2847 Β
1127 2821 1171 2846 11
1207 2821 1293 2847 non
1323 2822 1403 2849 om.
1430 2809 1476 2846 K
1589 2821 1636 2858 13
1667 2809 1780 2846 hom.
1802 2821 1863 2848 us.
1885 2808 1925 2846 Β

180 2870 310 2910 iubati
324 2869 459 2919 possit
485 2867 520 2904 T
572 2878 619 2916 15
650 2865 934 2904 animantibus
950 2864 994 2901 K
1105 2864 1154 2901 16
1182 2869 1281 2902 sunt
1297 2863 1348 2901 ad
1372 2863 1408 2901 T
1515 2877 1561 2913 17
1586 2863 1679 2902 usui
1699 2862 1733 2900 C
1813 2875 1923 2901 com-

181 2926 349 2965 modata
374 2923 420 2960 K
530 2933 579 2970 19
609 2919 796 2959 omnium
821 2932 902 2958 om.
926 2918 972 2956 K
1079 2931 1130 2956 20
1160 2930 1228 2967 qu.
1251 2918 1436 2968 pecudes
1458 2917 1502 2955 J<
1610 2929 1657 2955 21
1691 2922 1866 2956 vocatur
1883 2917 1925 2953 Β

182 2993 233 3018 22
262 2977 395 3030 quod]
413 2976 510 3026 quia
533 2974 568 3014 C
673 2974 740 3014 vel
762 2986 869 3012 onus
884 2986 967 3012 om.
987 2972 1031 3010 K
1137 2973 1408 3012 subiectando
1433 2972 1477 3010 C¹
1494 2971 1517 3009 1
1632 2984 1683 3020 23
1715 2979 1789 3011 tra.
1810 2985 1923 3022 carp.

185 3034 219 3072 C
327 3044 377 3082 25
408 3045 474 3072 on.
498 3031 611 3070 hom.
642 3029 678 3067 T
781 3027 1040 3078 temperant]
1063 3032 1233 3077 portant
1263 3026 1299 3064 T
