2176 3424
1093 103 1365 152 ISIDORI

249 232 320 289 46
346 221 531 270 Tilium
570 222 742 272 dicunt
784 235 1012 275 vocatum
1053 245 1113 276 eo
1156 232 1291 292 quod
1332 233 1462 281 utilis
1501 233 1562 282 sit
1603 237 1667 284 ad
1702 252 1845 285 usum
1884 241 2092 288 telorum

344 302 502 352 nitore
527 314 574 353 et
600 306 795 356 levitate
821 307 1068 357 iaculandi
1089 330 1097 359 :
1124 321 1197 359 est
1222 312 1355 361 enim
1379 330 1534 377 genus
1552 317 1783 368 materiae
1803 319 2090 371 levissimae.

255 394 320 444 47
345 384 473 433 Salix
499 385 632 435 dicta
657 390 793 450 quod
820 389 1040 440 celeriter
1067 392 1220 453 saliat,
1249 395 1345 443 hoc
1370 405 1443 445 est
1469 399 1700 448 velociter
1725 412 1923 461 crescat,
1952 404 2095 452 arbor

344 468 490 527 lenta,
529 468 709 519 vitibus
747 471 924 520 habilis
962 472 1248 523 vinciendis.
1324 477 1480 528 Cuius
1518 481 1718 531 seminis
1755 484 1883 532 hanc
1921 484 2094 535 dicunt

343 566 450 598 esse
475 559 701 599 naturam
729 562 781 600 ut
807 554 845 601 si
872 555 981 616 quis
1018 554 1140 604 illud
1165 555 1215 604 in
1241 561 1422 620 poculo
1454 561 1684 622 hauserit,
1708 563 1871 614 liberis
1902 577 2063 616 careat
2082 586 2094 628 3
2118 580 2140 621 5

342 633 430 680 sed
467 642 515 680 et
551 634 759 682 feminas
796 634 1087 685 infecundas
1124 639 1284 688 efficit.
1360 643 1579 704 Populus
1614 655 1781 694 autem
1818 657 1866 695 et
1897 648 2014 697 salix
2045 660 2093 699 et

252 717 319 777 48
342 713 501 762 tilium
541 715 701 764 mollis
741 717 970 766 materiae
1010 728 1123 768 sunt
1164 729 1211 768 et
1250 723 1314 770 ad
1351 726 1650 787 sculpturam
1681 737 1837 790 aptae.
1911 732 2091 780 Vimen

343 795 507 844 vocari
533 813 593 845 eo
620 799 756 860 quod
782 798 879 847 vim
916 801 1096 850 habeat
1122 805 1327 851 multam
1359 804 1541 855 viroris.
1619 811 1806 858 Natura
1831 811 1963 860 enim
1989 812 2093 862 eius

342 879 450 926 talis
476 887 549 927 est
574 888 626 927 ut
653 879 799 928 etiam
819 882 1032 931 arefacta
1050 883 1290 945 abluatur,
1314 885 1532 948 virescat,
1556 889 1738 940 deinde
1759 893 1920 942 excisa
1944 903 2092 957 atque

245 970 318 1018 49
343 960 391 1009 in
433 963 586 1010 humo
628 963 734 1021 fixa,
777 962 1023 1012 radicibus
1066 982 1173 1015 sese
1215 966 1320 1030 ipsa
1361 970 1625 1034 demergat.
1701 973 1903 1036 Myrice,
1941 993 2089 1038 quam
2119 987 2168 1016 10

344 1043 506 1091 Latini
522 1043 811 1092 tamaricum
830 1055 1021 1107 vocant,
1042 1063 1100 1096 ex
1114 1048 1441 1099 amaritudine
1460 1052 1714 1102 nominata
1732 1073 1745 1114 ,·
1769 1065 1941 1118 gustus
1958 1057 2089 1106 enim

342 1124 445 1174 eius
471 1124 618 1174 nimis
643 1143 836 1175 amarus
857 1137 943 1177 est.
1003 1131 1145 1178 Haec
1160 1130 1306 1180 arbor
1325 1131 1374 1180 in
1392 1134 1660 1184 solitudine
1680 1145 1728 1184 et
1745 1153 1917 1187 saxosa
1937 1140 2090 1189 humo

341 1207 583 1257 nascitur:
623 1226 680 1257 ex
707 1225 804 1272 qua
830 1209 978 1259 etiarn
1008 1212 1182 1261 arbore
1216 1215 1452 1263 maleficis
1477 1216 1662 1266 artibus
1690 1220 1910 1283 μίσηθρα,
1939 1220 1990 1270 id
2017 1231 2091 1271 est

247 1306 316 1355 50
339 1291 465 1349 odia,
495 1290 731 1339 concitari
763 1290 1006 1341 dicuntur.
1084 1296 1276 1357 Myrtus
1301 1314 1330 1344 a
1357 1315 1488 1346 mare
1515 1298 1659 1360 dicta,
1689 1318 1749 1350 eo
1774 1304 1910 1364 quod
1937 1304 2089 1368 magis

338 1371 507 1420 litorea
533 1373 677 1422 arbor
703 1372 779 1422 sit.
851 1376 999 1424 Vnde
1024 1384 1072 1424 et
1097 1377 1340 1440 Vergilius
1368 1379 1566 1444 (Georg.
1591 1399 1631 1441 2,
1660 1399 1679 1429 1
1695 1382 1773 1447 12)
1795 1403 1803 1432 :
2116 1395 2161 1436 Ι5

846 1458 1013 1505 Litora
1051 1461 1267 1522 myrtetis
1305 1461 1581 1522 laetissima,

338 1545 385 1584 et
412 1535 613 1600 <Georg.
633 1555 679 1597 4,
705 1537 818 1602 124)
840 1559 848 1587 ε

878 1623 1116 1670 Amantes
1154 1622 1293 1672 litora
1330 1635 1527 1688 myrtae.

339 1698 475 1748 Hinc
502 1709 573 1749 est
599 1702 736 1763 quod
762 1710 809 1750 et
834 1719 863 1749 a
889 1703 1090 1752 Graecis
1122 1707 1289 1768 μυρίνη
1315 1706 1506 1756 dicitur.
1581 1708 1894 1759 Medicorum
1919 1722 2085 1761 autem

334 1780 443 1830 libri
486 1783 613 1829 hanc
652 1783 878 1831 arborem
926 1794 1093 1847 aptam
1142 1786 1362 1836 scribunt
1401 1789 1662 1839 mulierum
1711 1792 2085 1843 necessitatibus
2111 1820 2162 1847 20

258 1872 311 1920 51
335 1862 568 1926 plurimis.
646 1864 916 1925 Lentiscus,
954 1869 1090 1928 quod
1129 1869 1292 1932 cuspis
1330 1869 1482 1932 ipsius
1519 1873 1680 1920 lentus
1718 1873 1779 1921 sit
1816 1884 1863 1922 et
1894 1877 2085 1924 mollis:

335 1962 449 1993 nam
488 1947 676 1994 lentum
715 1946 926 1995 dicimus
963 1947 1209 2013 quidquid
1245 1951 1458 2001 flexibile
1495 1963 1567 2001 est
1587 1972 1599 2014 3
1641 1956 1774 2003 unde
1811 1966 1858 2004 et
1895 1958 2083 2006 lentum

334 2026 498 2075 vimen
526 2036 573 2075 et
599 2026 734 2077 vites.
808 2028 1051 2092 Vergilius
1077 2029 1157 2095 (cf.
1179 2033 1359 2096 Georg.
1376 2051 1421 2093 4,
1443 2037 1538 2097 558
1559 2053 1572 2095 3
1609 2037 1712 2084 Ecl.
1733 2053 1775 2099 3,
1797 2036 1882 2101 38)
1906 2059 1914 2087 :

993 2114 1057 2160 Et
1093 2114 1254 2163 lentae
1289 2114 1425 2175 vites,

334 2206 421 2254 pro
456 2189 708 2240 flexibiles.
782 2191 949 2240 Huius
980 2195 1164 2243 fructus
1202 2198 1367 2244 oleum
1405 2198 1629 2258 desudat,
1658 2209 1825 2248 cortex
1853 2200 2077 2262 resinam,
2105 2227 2153 2266 25

333 2289 461 2335 quae
485 2272 661 2320 mastix
684 2275 958 2336 appellatur
976 2294 988 2335 3
1023 2277 1162 2325 cuius
1187 2277 1397 2341 plurima
1421 2289 1469 2327 et
1497 2281 1668 2329 melior
1692 2282 1742 2328 in
1768 2281 1898 2331 Chio
1923 2282 2082 2332 insula

241 2363 307 2412 52
331 2353 554 2416 gignitur.
630 2355 964 2405 Terebinthus
998 2358 1156 2418 arbor,
1193 2360 1439 2408 Graecum
1473 2377 1673 2421 nomen,
1700 2379 1938 2425 generans
1972 2368 2081 2415 resi-

391 2496 408 2521 1
440 2484 604 2523 Tileum
627 2484 680 2523 di.
705 2498 768 2524 vo.
793 2486 859 2525 K:
889 2487 1067 2526 Tialium
1089 2489 1245 2528 dictum
1275 2489 1307 2527 T
1437 2505 1461 2529 2
1492 2498 1533 2530 et
1552 2506 1632 2531 om.
1657 2493 1703 2530 K
1782 2507 1916 2544 genus
1936 2509 2017 2536 om.
2034 2497 2081 2535 K

331 2551 355 2588 5
387 2540 422 2578 si
443 2540 513 2588 qui
535 2539 606 2577 illo
634 2538 671 2576 T
762 2542 927 2581 auxerit
956 2541 993 2580 T
1081 2546 1107 2581 6
1135 2545 1320 2594 pupulus
1341 2546 1409 2596 (ex
1427 2546 1571 2596 pulus)
1594 2547 1637 2584 D
1736 2561 1758 2597 7
1788 2550 2014 2590 sculturam
2033 2552 2078 2590 D

331 2608 357 2644 9
386 2595 466 2634 abl.
487 2600 530 2633 et
550 2595 624 2632 vir.
647 2593 716 2631 K:
745 2595 825 2635 abl.
852 2602 894 2635 et
914 2604 1079 2637 arescat
1100 2597 1144 2636 D
1205 2612 1253 2637 10
1282 2600 1324 2638 in
1347 2613 1475 2639 unum
1496 2602 1610 2640 ofixa
1629 2602 1673 2639 D
1748 2616 1794 2642 11
1829 2606 2075 2645 tamaricum

339 2647 397 2687 T:
426 2649 707 2688 tramaricium
727 2649 793 2688 K:
826 2653 1099 2691 tramaritiam
1130 2653 1172 2691 D
1258 2666 1304 2691 12
1333 2667 1438 2694 saxo
1465 2656 1591 2695 humo
1611 2655 1701 2694 DT
1713 2671 1722 2695 z
1751 2670 1905 2698 saxoso
1927 2660 2011 2699 imo
2031 2661 2078 2699 K

335 2716 383 2753 13
412 2703 517 2755 μισ.]
541 2703 687 2742 mistra
708 2704 817 2744 codd.
931 2707 971 2745 id
992 2720 1038 2745 es
1065 2707 1103 2746 T
1217 2721 1265 2757 14
1295 2709 1509 2749 concitare
1530 2710 1575 2748 D
1688 2723 1734 2761 15
1764 2713 1886 2753 litore
1905 2715 1990 2754 arb.
2020 2715 2074 2755 T:

330 2758 523 2798 litoribus
541 2758 625 2797 arb.
646 2757 690 2794 D
919 2775 988 2801 un.
1013 2762 1117 2812 virg.
1139 2763 1183 2800 D
1435 2767 1484 2803 16
1513 2765 1636 2804 litore
1657 2766 1836 2807 mirtetis
1858 2769 1963 2820 (-tus
1979 2770 2011 2820 3)
2042 2770 2080 2808 T

333 2825 382 2863 19
411 2813 522 2864 quod
542 2827 567 2852 a
586 2811 632 2850 K
784 2828 838 2853 20
866 2815 1054 2855 scribent
1072 2817 1287 2856 mulierem
1307 2816 1351 2855 D
1507 2832 1556 2858 21
1589 2821 1728 2870 cespis
1750 2822 1799 2860 K
1901 2822 2012 2862 illius
2027 2823 2073 2862 D

328 2881 380 2907 22
410 2869 637 2918 quodquod
657 2866 703 2904 K
855 2870 1050 2910 flexibilis
1069 2871 1112 2909 D
1305 2875 1358 2911 26
1387 2886 1512 2923 quem
1534 2887 1613 2914 ma.
1641 2875 1700 2914 T:
1730 2889 1854 2926 quem
1874 2877 1985 2916 astix
2007 2882 2075 2930 <ex

329 2923 420 2971 ax-)
441 2923 485 2961 D
721 2923 825 2973 plur.
848 2927 943 2966 mel.
972 2925 1009 2963 T
1021 2940 1030 2964 :
1060 2926 1194 2976 prima
1216 2932 1258 2965 et
1280 2928 1375 2968 mel.
1399 2929 1443 2966 D
1672 2929 1715 2968 in
1736 2930 1865 2983 Chio]
1887 2932 2007 2972 initio
2027 2933 2072 2972 D

329 2990 379 3026 27
411 2984 592 3027 generat
612 2979 658 3017 K
