2176 3424
1100 114 1372 163 ISIDORI

311 245 342 291 8
365 247 530 286 autem
570 239 881 302 longitudine
925 241 1273 304 semipedalis;
1310 241 1435 290 albis
1475 243 1678 291 maculis
1722 245 1943 292 lineatus*
2020 246 2114 293 Re-

364 318 465 381 guli
489 329 670 380 autem,
694 320 820 370 sicut
848 323 1147 385 scorpiones,
1170 323 1359 373 arentia
1385 340 1611 387 quaeque
1638 334 1898 386 sectantur,
1919 335 1966 375 et
1985 337 2114 390 post-

366 416 515 462 quam
554 403 619 451 ad
661 419 815 465 aquas
857 402 1093 464 venerint,
1133 405 1432 468 ὑδροφόβους
1468 414 1515 454 et
1551 406 1877 469 lymphaticos
1913 406 2111 456 faciunt.

308 494 342 540 9
365 481 547 532 Sibilus
574 485 707 532 idem
728 494 802 533 est
827 486 912 547 qui
939 494 987 534 et
1011 488 1218 549 regulus.
1294 487 1450 536 Sibilo
1476 487 1607 536 enirn
1634 489 1827 549 occidit,
1848 499 2113 552 antequam

281 583 340 618 10
366 566 591 613 mordeat
620 567 697 614 vel
729 575 910 615 exurat.
985 566 1169 630 Vipera
1211 568 1358 629 dicta,
1399 570 1536 631 quod
1574 569 1619 618 vi
1656 570 1823 632 pariat.
1898 573 2029 619 Nam
2067 581 2115 620 et
2138 592 2159 634 5

365 663 478 694 cum
505 656 675 695 venter
700 647 804 696 eius
834 650 899 697 ad
929 658 1121 711 partum
1158 650 1465 713 ingemuerit,
1493 652 1642 699 catuli
1671 669 1775 700 non
1800 661 2114 716 expectantes

365 738 606 777 maturam
640 739 843 778 naturae
874 729 1171 779 solutionem
1212 731 1432 780 conrosis
1471 732 1574 780 eius
1610 732 1843 781 lateribus
1879 735 1924 781 vi
1959 751 2114 783 erum-

366 821 490 874 punt
515 829 631 860 cum
656 813 824 860 matris
852 811 1067 861 interitu.
1143 814 1378 862 Lucanus
1403 813 1470 878 (6,
1492 814 1610 879 490)
1633 835 1642 863 ε

634 893 833 957 Viperei
871 904 1067 955 coeunt,
1108 895 1320 959 abrupto
1357 913 1575 959 corpore,
1616 899 1750 946 nodi.

295 985 341 1017 11
367 976 539 1023 Fertur
563 985 729 1024 autem
756 977 894 1038 quod
919 979 1167 1025 masculus
1189 993 1272 1026 ore
1298 977 1481 1026 inserto
1501 978 1696 1041 viperae
1721 996 1892 1028 semen
1914 990 2091 1044 expuat
2103 999 2115 1041 3
2142 1003 2176 1030 ιε

365 1155 448 1187 ore
474 1150 728 1202 receptum
755 1140 1005 1201 praecidit.
1071 1143 1147 1189 Ita
1169 1142 1222 1189 fit
1244 1150 1296 1189 ut
1324 1158 1500 1204 parens
1526 1151 1733 1205 uterque
1758 1154 1955 1207 pereat3
1993 1163 2115 1193 mas-

365 1222 519 1281 culus,
549 1223 669 1270 dum
696 1221 810 1282 coit,
839 1223 959 1270 dum
987 1222 1205 1285 parturit,
1235 1223 1431 1272 femina.
1508 1227 1582 1272 Ex
1609 1224 1773 1288 vipera
1797 1235 1964 1275 autem
1990 1228 2114 1276 fiunt

284 1313 338 1347 12
364 1302 557 1366 pastilli,
592 1305 675 1366 qui
708 1305 918 1367 θηριακοὶ
951 1315 1190 1353 vocantur
1223 1323 1252 1353 a
1287 1305 1505 1355 Graecis.
1580 1306 1728 1369 Aspis
1759 1318 1945 1369 vocata,
1978 1311 2114 1372 quod

365 1402 530 1433 morsu
568 1402 760 1434 venena
797 1386 1012 1435 inmittat
1049 1397 1097 1436 et
1135 1398 1328 1451 spargat
1346 1407 1359 1449 3
1398 1390 1463 1439 ἰὸς
1499 1387 1630 1437 enim
1658 1389 1834 1438 Graeci
1867 1407 2113 1439 venenum
2141 1409 2174 1449 1}

364 1466 565 1516 dicunt:
606 1476 653 1515 et
678 1467 795 1516 inde
821 1468 965 1530 aspis,
995 1469 1132 1531 quod
1160 1485 1326 1517 morsu
1353 1478 1598 1518 venenato
1623 1469 1883 1520 interimat.
1947 1471 2113 1520 Huius

365 1548 557 1597 diversa
585 1566 765 1612 genera
801 1559 849 1598 et
886 1551 1091 1613 species,
1128 1560 1176 1598 et
1214 1550 1434 1614 dispares
1472 1553 1675 1601 effectus
1711 1554 1775 1601 ad
1811 1556 2110 1603 nocendum.

366 1632 537 1679 Fertur
565 1640 732 1680 autem
769 1631 913 1694 aspis,
942 1649 1056 1680 cum
1091 1632 1309 1695 coeperit
1346 1632 1447 1696 pati
1477 1633 1847 1694 incantatorem,
1883 1636 1967 1698 qui
2004 1652 2113 1684 eam

365 1712 665 1775 quibusdam
691 1713 993 1762 carminibus
1026 1714 1233 1777 propriis
1265 1725 1439 1764 evocat
1470 1725 1523 1764 ut
1553 1733 1662 1764 eam
1689 1717 1752 1765 de
1776 1733 1985 1765 caverna
2008 1734 2114 1781 pro—

364 1796 543 1843 ducat:
581 1794 675 1854 illa,
704 1811 819 1843 cum
845 1794 974 1843 exire
998 1795 1225 1854 noluerit,
1254 1813 1403 1844 unam
1435 1814 1603 1846 aurem
1635 1797 1684 1845 in
1718 1807 1894 1846 terram
1919 1798 2108 1861 premit,
2134 1816 2172 1843 πε

363 1879 566 1925 alteram
598 1878 758 1925 cauda
783 1876 981 1925 obturat
1009 1887 1056 1925 et
1082 1879 1257 1940 operit,
1284 1887 1433 1940 atque
1461 1877 1569 1943 [ita]
1597 1896 1741 1927 voces
1768 1879 1872 1927 illas
1899 1879 2112 1942 magicas

286 1973 341 2019 13
365 1976 468 2008 non
495 1960 703 2007 audiens
730 1975 831 2007 non
857 1957 954 2007 exit
983 1960 1048 2007 ad
1078 1958 1432 2008 incantantem.
1507 1959 1704 2022 Dipsas,
1731 1978 1887 2024 genus
1911 1961 2111 2025 aspidis,

365 2040 449 2103 qui
493 2040 668 2089 Latine
711 2040 856 2088 situla
898 2039 1089 2100 dicitur,
1130 2040 1246 2103 quia
1294 2058 1444 2104 quern
1493 2042 1815 2091 momorderit
1857 2044 1934 2091 siti
1973 2043 2111 2106 perit.

286 2141 342 2186 14
366 2124 627 2185 Hypnalis,
655 2139 810 2185 genus
845 2121 1044 2185 aspidis,
1073 2121 1207 2171 dicta
1232 2125 1369 2186 quod
1404 2140 1582 2172 somno
1612 2133 1770 2172 necat.
1845 2127 1994 2172 Hanc
2020 2124 2112 2173 sibi

287 2217 341 2265 15
365 2205 631 2268 Cleopatra
655 2205 901 2266 adposuit,
925 2212 973 2252 et
999 2203 1065 2252 ita
1091 2214 1250 2253 morte
1269 2204 1411 2268 quasi
1437 2221 1615 2253 somno
1635 2207 1796 2254 soluta
1820 2215 1907 2255 est.
1981 2208 2113 2254 Hae-
2135 2225 2169 2264 2,-

366 2286 609 2335 morrhois
646 2285 776 2349 aspis
812 2295 1126 2349 nuncupatus
1164 2288 1300 2350 quod
1335 2286 1626 2351 sanguinem
1658 2289 1803 2337 sudet
1838 2287 1923 2351 qui
1954 2289 2018 2337 ab
2050 2307 2110 2338 eo

364 2384 556 2416 morsus
592 2366 751 2427 fuerit,
789 2366 857 2415 ita
894 2376 947 2415 ut
984 2366 1236 2417 dissolutis
1274 2368 1424 2428 venis,
1465 2368 1712 2431 quidquid
1747 2371 1875 2418 vitae
1912 2380 1997 2429 est,
2027 2388 2112 2433 per

281 2453 341 2499 16
365 2449 655 2513 sanguinem
681 2458 870 2498 evocet.
942 2449 1131 2498 Graece
1157 2451 1287 2499 enim
1311 2450 1508 2513 sanguis
1533 2450 1648 2514 αἷμα
1672 2450 1862 2500 dicitur.
1921 2454 2112 2500 Prester

364 2532 495 2595 aspis
523 2547 717 2594 semper
741 2547 825 2579 ore
859 2530 1048 2593 patenti
1082 2541 1130 2580 et
1161 2531 1415 2595 vaporanti
1450 2531 1610 2581 currit.
1686 2533 1840 2582 Cuius
1870 2542 2016 2595 poeta
2041 2532 2110 2581 sic

367 2612 593 2662 meminit
619 2613 828 2678 (Lucan.
849 2630 891 2674 9,
916 2612 1059 2678 722):
2133 2630 2176 2670 3«

424 2749 442 2774 1
474 2736 631 2774 linetus
661 2735 707 2772 K
726 2735 768 2785 (i.
785 2749 816 2774 e.
837 2735 982 2774 linitus
999 2736 1030 2786 ἓ)
1200 2747 1224 2783 5
1255 2740 1401 2785 pareat
1427 2735 1474 2774 K
1491 2749 1500 2774 ε
1532 2741 1678 2786 pereat
1710 2735 1749 2774 T
1865 2742 1908 2776 et
1932 2749 2014 2775 om.
2041 2735 2118 2774 CT
2168 2787 2170 2789 Ι

367 2806 393 2842 9
412 2792 560 2841 vipere
578 2790 708 2842 strae)
726 2790 810 2828 ΒΚ
821 2789 858 2827 Τ
872 2804 880 2827 :
901 2790 1077 2840 vipereo
1093 2790 1129 2829 C
1208 2791 1297 2829 nati
1314 2789 1359 2828 K
1473 2804 1522 2829 10
1542 2791 1723 2840 excipiat
1739 2790 1786 2828 K
1894 2803 1939 2829 11
1963 2791 2108 2829 volun-

367 2852 454 2886 tate
482 2845 520 2883 T
627 2856 675 2883 12
705 2845 923 2894 praecedit
942 2844 1002 2882 Β1
1083 2844 1256 2894 pariens
1276 2844 1318 2882 B
1429 2857 1476 2893 13
1507 2845 1724 2895 au.]enim
1739 2844 1828 2882 ΒΚ
1937 2857 1986 2893 14
2015 2859 2109 2895 par-

366 2902 456 2941 telli
480 2899 531 2939 Cl
641 2906 815 2938 vocatus
835 2899 881 2937 K
988 2899 1121 2951 quod]
1139 2900 1238 2949 quia
1260 2899 1295 2937 C
1403 2901 1452 2938 16
1481 2899 1612 2950 quod]
1626 2899 1724 2949 quia
1741 2898 1777 2937 C
1885 2900 1934 2937 18
1962 2900 2107 2939 incan-

368 2956 571 2996 tationem
591 2953 640 2993 Cl
783 2966 832 3002 19
862 2960 907 2992 ut
929 2955 981 2993 de
1002 2968 1091 2994 cav.
1109 2953 1156 2992 K
1291 2966 1343 2992 20
1374 2954 1558 2993 voluerit
1580 2954 1616 2993 C
1777 2966 1825 2991 21
1860 2953 2038 2994 obdurat
2059 2954 2108 2994 C1

368 3011 425 3050 ita
446 3011 538 3050 hah.
563 3009 661 3048 CT:
691 3022 770 3048 om.
793 3008 896 3046 B¹K
1003 3009 1115 3047 illius
1138 3008 1184 3045 K
1327 3021 1378 3046 22
1407 3009 1709 3048 incantatorem
1727 3008 1774 3046 K
1882 3009 1945 3049 Di.
1967 3015 2107 3048 autem

369 3078 462 3114 gen.
490 3064 525 3103 C
650 3077 701 3113 23
730 3062 822 3113 qui]
844 3077 949 3112 quae
973 3063 1050 3102 CK
1169 3076 1218 3112 24
1251 3064 1382 3116 quod]
1407 3066 1504 3113 quia
1527 3063 1562 3102 C
1669 3069 1798 3112 negat
1817 3062 1863 3100 K
1971 3076 2022 3112 25
2050 3065 2108 3104 ita

369 3121 410 3159 in
432 3133 513 3159 mo.
534 3119 583 3158 Cl
695 3126 758 3158 est
778 3131 860 3157 om.
883 3118 928 3156 K
1037 3121 1089 3157 26
1118 3123 1385 3168 nuncupatur
1409 3119 1444 3158 C
1551 3131 1600 3167 27
1632 3123 1696 3157 est
1715 3119 1828 3156 vitae
1847 3117 1882 3156 C
