2176 3424
1110 122 1382 171 ISIDORI

367 243 545 305 quitur,
572 245 688 308 quia
720 246 844 310 ignis
880 257 928 297 et
964 265 1094 312 aqua
1118 267 1311 314 semper
1344 252 1470 303 inter
1499 272 1551 303 se
1584 255 1782 305 inimica
1813 268 1938 307 sunt.
2016 260 2113 308 Alii

367 328 436 374 sal
462 344 491 375 a
515 330 618 377 salo
643 339 692 378 et
726 332 829 380 sole
855 340 1082 380 vocatum
1109 334 1387 383 existimant
1408 354 1421 396 3
1458 353 1573 385 nam
1598 340 1739 401 aquis
1767 338 1910 388 maris
1936 351 2113 404 sponte

364 409 589 473 gignitur,
622 429 796 475 spuma
826 412 875 461 in
911 414 1137 463 extremis
1174 416 1398 466 litoribus
1433 420 1509 467 vel
1546 420 1761 484 scopulis
1798 422 2032 472 derelicta
2063 432 2111 472 et

365 493 467 541 sole
493 495 713 543 decocta.
774 498 899 545 Sunt
918 506 967 545 et
991 499 1125 547 lacus
1143 507 1191 547 et
1216 499 1421 548 flumina
1445 510 1493 550 et
1518 502 1652 566 putei
1670 519 1696 553 e
1716 503 1895 567 quibus
1912 508 2109 555 auritur.

367 575 562 624 Dehinc
595 576 644 624 in
683 577 848 627 salinis
879 578 1096 642 ingestus
1131 581 1235 629 sole
1269 580 1477 631 siccatur
1495 602 1508 644 3
1557 586 1644 634 sed
1678 594 1725 635 et
1759 586 1963 636 fiumina
1995 590 2111 637 den·
2135 606 2156 646 5

363 668 531 708 santur
555 658 605 708 in
631 662 799 721 salem,
824 678 971 711 amne
1004 661 1193 726 reliquo
1220 664 1312 713 sub
1337 667 1448 729 gelu
1483 667 1678 716 fluente.
1752 668 1887 718 Alibi
1912 686 2111 734 quoque

361 740 591 790 detractis
617 742 776 791 arenis
802 743 1057 807 colligitur,
1087 762 1312 795 crescens
1338 763 1450 796 cum
1478 751 1593 798 luna
1618 750 1847 800 noctibus
1870 770 1881 812 3
1919 769 2034 801 nam
2059 752 2110 801 in

361 824 615 885 Cyrenaea
647 825 986 875 ammoniacus
1020 827 1112 876 sub
1149 830 1308 877 arenis
1346 831 1605 883 invenitur.
1680 836 1804 883 Sunt
1837 844 1884 883 et
1914 846 2108 886 montes

359 905 511 954 nativi
537 905 664 967 salis,
691 906 741 955 in
766 907 946 970 quibus
972 910 1098 958 ferro
1123 912 1357 971 caeditur,
1386 923 1439 960 ut
1469 913 1603 978 lapis,
1633 932 1894 965 renascens
1921 919 2076 966 maius
2098 937 2106 966 :

361 996 526 1037 tantae
550 988 731 1037 alicubi
758 990 965 1040 duritiae
991 1000 1044 1040 ut
1071 1010 1236 1042 muros
1262 995 1541 1059 domosque
1572 1000 1744 1047 massis
1771 999 1883 1048 salis
1910 1000 2103 1063 faciant,
2134 1015 2176 1044 1c

304 1089 336 1136 4
359 1068 484 1118 sicut
526 1071 575 1118 in
618 1071 812 1121 Arabia.
887 1075 947 1121 In
995 1084 1168 1123 natura
1209 1093 1407 1140 quoque
1446 1078 1557 1128 salis
1595 1079 1897 1131 differentiae
1935 1081 2105 1150 [sunt].

361 1153 491 1200 Nam
507 1153 623 1202 alibi
651 1171 813 1215 suave,
834 1155 952 1204 alibi
979 1156 1325 1208 salsissimum:
1361 1177 1629 1210 commune
1649 1164 1718 1211 sal
1743 1161 1793 1210 in
1819 1163 1931 1227 igne
1957 1165 2106 1229 crepi-

358 1245 456 1296 tat3
493 1238 825 1299 Tragasaeum
851 1255 944 1287 nec
971 1241 1175 1303 crepitat
1202 1240 1251 1289 in
1278 1241 1390 1304 igne
1416 1259 1508 1292 nec
1525 1243 1657 1293 exilit
1679 1263 1691 1305 3
1727 1245 2103 1309 Agrigentinum

357 1316 551 1367 Siciliae
576 1319 786 1369 flammis
820 1320 1008 1383 patiens
1042 1321 1092 1369 in
1126 1339 1255 1385 aqua
1284 1323 1429 1385 exilit,
1459 1324 1509 1373 in
1540 1325 1652 1389 igne
1690 1326 1796 1375 fluit
1822 1337 1991 1377 contra
2023 1347 2104 1379 na-

300 1424 331 1472 5
356 1410 528 1450 turam.
602 1403 725 1450 Sunt
750 1412 798 1452 et
823 1405 1045 1452 colorum
1065 1403 1381 1455 differentiae.
1458 1408 1814 1471 Memphiticus
1839 1411 1973 1459 rufus
1998 1421 2072 1460 est
2090 1429 2102 1472 3
2130 1428 2176 1470 15

354 1482 403 1530 in
440 1492 577 1546 parte
613 1486 827 1547 quadam
867 1485 1073 1546 Siciliae,
1114 1487 1199 1536 ubi
1237 1491 1398 1537 Aetna
1436 1499 1520 1550 est,
1558 1507 1829 1555 purpureus
1850 1511 1861 1552 3
1897 1492 2013 1542 item
2051 1496 2098 1543 in

352 1566 527 1614 eadem
545 1565 709 1615 Sicilia
728 1566 779 1614 in
805 1568 1039 1630 Pachyno
1055 1569 1183 1617 adeo
1203 1570 1492 1632 splendidus
1518 1581 1566 1621 et
1582 1572 1774 1622 lucidus
1791 1583 1845 1622 ut
1864 1573 2101 1638 imagines

293 1654 327 1701 6
352 1648 524 1697 reddat
546 1667 558 1709 3
594 1648 644 1696 in
670 1649 991 1713 Cappadocia
1015 1651 1241 1701 crocinus
1275 1653 1516 1702 effoditur.
1590 1657 1712 1704 Salis
1738 1666 1910 1706 natura
1935 1674 2101 1708 neces-

350 1729 474 1778 saria
516 1740 589 1780 est
631 1733 696 1780 ad
739 1745 941 1781 omnem
985 1749 1162 1781 escam.
1240 1735 1513 1785 Pulmentis
1556 1738 1689 1785 enim
1728 1755 1954 1802 saporem
1997 1742 2095 1800 dat,

348 1810 525 1861 excitat
548 1812 850 1872 aviditatem,
880 1823 928 1863 et
955 1815 1229 1878 appetitum
1251 1815 1299 1864 in
1327 1817 1559 1866 omnibus
1584 1818 1707 1868 cibis
1734 1820 1863 1870 facit.
1937 1824 2012 1870 Ex
2036 1840 2097 1872 eo
2124 1838 2174 1866 20

348 1893 531 1958 quippe
568 1894 729 1944 omnis
766 1894 922 1943 victus
959 1897 1224 1946 delectatio
1258 1908 1306 1947 et
1340 1915 1534 1948 summa
1570 1899 1798 1950 hilaritas.
1876 1902 2012 1951 Hinc
2049 1914 2097 1953 et

347 1977 475 2024 salus
501 1993 685 2025 nomen
711 1976 960 2040 accepisse
998 1986 1195 2040 putatur
1214 1997 1225 2038 3
1267 1978 1388 2027 nihil
1414 1981 1546 2029 enim
1573 1981 1737 2031 utilius
1765 1985 1865 2032 sale
1891 1993 1939 2032 et
1964 1985 2095 2034 sole:

347 2057 564 2120 denique
606 2075 785 2107 cornea
833 2058 1059 2108 videmus
1107 2077 1312 2124 corpora
1361 2062 1687 2112 nauticorum.
1764 2064 1899 2126 Quin
1947 2068 2093 2115 etiam

346 2141 578 2202 pecudes,
591 2150 812 2190 armenta
822 2149 870 2189 et
889 2139 1110 2189 iumenta
1127 2143 1226 2191 sale
1237 2142 1449 2192 maxime
1465 2155 1794 2208 provocantur
1810 2148 1872 2196 ad
1882 2157 2091 2210 pastum,

346 2224 503 2271 multo
539 2224 768 2286 largiores
802 2224 928 2271 lacte
962 2225 1220 2287 multoque
1244 2225 1477 2288 gratiores
1515 2227 1644 2276 casei
1669 2230 1798 2277 dote.
1874 2230 2094 2293 Corpora
2119 2245 2167 2285 25

345 2305 492 2354 etiam
527 2306 596 2353 sal
621 2304 892 2368 adstringit,
921 2304 1070 2354 siccat
1100 2316 1147 2355 et
1172 2306 1348 2371 alligat.
1424 2310 1672 2359 Defuncta
1701 2310 1848 2359 etiam
1882 2328 1910 2359 a
1934 2320 2093 2375 putre-

289 2394 317 2444 7
343 2385 513 2435 scendi
533 2387 645 2435 labe
661 2386 878 2436 vindicat
902 2396 955 2435 ut
981 2389 1171 2437 durent.
1247 2391 1294 2438 N
1299 2388 1444 2438 itrum
1468 2408 1498 2439 a
1523 2392 1634 2441 loco
1651 2392 1859 2456 sumpsit
1885 2393 2093 2443 vocabu-

341 2469 443 2516 lum
468 2487 480 2529 3
533 2469 749 2517 nascitur
774 2468 906 2518 enim
937 2468 987 2517 in
1025 2469 1212 2533 oppido
1247 2473 1323 2519 vel
1355 2472 1554 2535 regione
1587 2473 1798 2538 Aegypti
1834 2473 2003 2535 Nitria,
2033 2493 2092 2524 ex

340 2567 440 2613 quo
466 2559 514 2599 et
531 2550 808 2600 medicinae
829 2552 953 2599 fiunt
978 2560 1026 2600 et
1052 2553 1220 2601 sordes
1242 2569 1503 2616 corporum
1520 2554 1831 2618 vestiumque
1851 2558 2084 2606 lavantur.

399 2690 414 2715 1
449 2677 572 2717 imiea
592 2677 639 2715 K
778 2691 802 2728 5
833 2678 1000 2730 salinis]
1023 2678 1215 2728 saliginis
1237 2679 1276 2717 Β
1373 2681 1606 2720 densentur
1627 2682 1674 2720 Cl
1773 2695 1794 2732 7
1826 2683 1951 2722 lunae
1970 2683 2083 2734 (-ne)

339 2730 461 2771 BCT
530 2733 555 2771 8
584 2739 682 2772 sunt
703 2746 815 2772 mon.
836 2732 891 2773 C:
923 2734 999 2772 sed
1019 2740 1062 2773 et
1082 2747 1192 2775 mon.
1215 2733 1261 2772 K
1339 2747 1367 2783 9
1397 2736 1509 2787 ren.]
1534 2742 1577 2775 et
1594 2749 1774 2777 nascens
1795 2737 1842 2776 K
1909 2750 1954 2776 11
1986 2743 2083 2776 sunt

338 2787 429 2827 hab.
455 2786 557 2827 CK:
586 2800 668 2827 om.
693 2787 776 2826 BT
922 2801 970 2827 12
998 2788 1050 2828 al.
1072 2789 1210 2828 suavis
1229 2787 1309 2828 BC
1313 2788 1350 2827 T
1365 2805 1374 2829 z
1403 2790 1527 2830 alibis
1549 2791 1638 2842 (sic)
1661 2791 1708 2830 K
1796 2792 1987 2831 salsimus
2010 2791 2083 2832 CI:

338 2841 551 2881 salsimum
575 2842 622 2880 K
762 2843 996 2895 communis
1016 2842 1064 2881 K
1258 2857 1305 2893 13
1335 2844 1431 2884 Tra.
1452 2875 1462 2885 .
1488 2875 1496 2884 .
1519 2875 1529 2885 .
1553 2859 1667 2897 crep.
1688 2859 1770 2886 om.
1800 2847 1837 2885 T
1998 2853 2082 2886 tra-

337 2909 505 2936 caseum
527 2893 573 2935 K
736 2909 783 2947 15
814 2898 969 2937 rubeus
997 2898 1035 2937 T
1050 2900 1115 2950 (cf.
1137 2898 1247 2937 Plin.
1267 2898 1322 2939 N.
1346 2899 1404 2939 H.
1429 2913 1495 2950 31,
1520 2902 1592 2951 86)
1775 2907 1823 2939 16
1852 2901 1920 2939 ubi
1940 2915 2022 2940 om.
2052 2902 2089 2940 T

340 2962 390 3002 19
419 2952 510 3004 dat]
534 2952 680 2992 reddat
701 2952 753 2992 C1
863 2967 916 2992 20
946 2953 1084 2993 omnis
1104 2953 1207 2993 cibis
1234 2953 1271 2992 T
1387 2967 1439 3004 23
1469 2955 1595 2994 etiam
1615 2962 1657 2996 et
1677 2968 1770 3006 pec.
1799 2955 1836 2993 T
1955 2969 2007 3006 24
2037 2963 2080 2996 et

335 3005 434 3045 ium.
459 3020 541 3046 om.
566 3006 612 3044 K
788 3018 838 3056 25
867 3008 1049 3058 largiore
1069 3038 1078 3047 .
1105 3037 1114 3047 .
1140 3037 1148 3047 .
1175 3008 1359 3057 gratiore
1379 3010 1488 3048 Plin.
1511 3009 1563 3050 N.
1586 3009 1640 3050 H.
1663 3023 1728 3060 31.
1752 3011 1805 3048 88
1958 3010 2079 3063 dote]

336 3061 459 3100 docte
481 3061 532 3100 Cl
644 3074 694 3111 27
726 3062 943 3102 vindicant
964 3061 1011 3100 K
1016 3061 1054 3100 T
1158 3065 1210 3102 28
1239 3063 1325 3115 vel]
1347 3069 1388 3102 et
1420 3063 1456 3101 T
