<?xml version="1.0" encoding="UTF-8"?>
<!DOCTYPE html PUBLIC "-//W3C//DTD XHTML 1.0 Transitional//EN"
    "http://www.w3.org/TR/xhtml1/DTD/xhtml1-transitional.dtd">
<html xmlns="http://www.w3.org/1999/xhtml" xml:lang="en" lang="en">
 <head>
  <title>
</title>
<meta http-equiv="Content-Type" content="text/html;charset=utf-8" />
  <meta name='ocr-system' content='tesseract 3.04.00' />
  <meta name='ocr-capabilities' content='ocr_page ocr_carea ocr_par ocr_line ocrx_word'/>
</head>
<body>
  <div class='ocr_page' id='page_1' title='image "./isidori01isiduoft/isidori01isiduoft_0082.png"; bbox 0 0 2228 3444; ppageno 0'>
   <div class='ocr_carea' id='block_1_1' title="bbox 1014 133 1285 183">
    <p class='ocr_par' dir='ltr' id='par_1_1' title="bbox 1014 133 1285 183">
     <span class='ocr_line' id='line_1_1' title="bbox 1014 133 1285 183; baseline 0.004 -3"><span class='ocrx_word' id='word_1_1' title='bbox 1014 133 1285 183; x_wconf 89' lang='lat' dir='ltr'>ISIDORI</span> 
     </span>
    </p>
   </div>
   <div class='ocr_carea' id='block_1_2' title="bbox 219 263 2075 742">
    <p class='ocr_par' dir='ltr' id='par_1_2' title="bbox 219 263 2075 742">
     <span class='ocr_line' id='line_1_2' title="bbox 276 263 2026 330; baseline 0.002 -16"><span class='ocrx_word' id='word_1_2' title='bbox 276 268 368 314; x_wconf 91' lang='lat' dir='ltr'>hae</span> <span class='ocrx_word' id='word_1_3' title='bbox 394 273 544 328; x_wconf 88' lang='lat' dir='ltr'>atque</span> <span class='ocrx_word' id='word_1_4' title='bbox 561 263 685 313; x_wconf 89' lang='lat' dir='ltr'>aliae</span> <span class='ocrx_word' id='word_1_5' title='bbox 706 263 923 328; x_wconf 80' lang='lat' dir='ltr'>tropicae</span> <span class='ocrx_word' id='word_1_6' title='bbox 940 263 1218 313; x_wconf 92' lang='lat' dir='ltr'>locutiones</span> <span class='ocrx_word' id='word_1_7' title='bbox 1233 265 1297 313; x_wconf 90' lang='lat' dir='ltr'>ad</span> <span class='ocrx_word' id='word_1_8' title='bbox 1314 280 1384 324; x_wconf 90' lang='lat' dir='ltr'>ea,</span> <span class='ocrx_word' id='word_1_9' title='bbox 1408 280 1535 328; x_wconf 88' lang='lat' dir='ltr'>quae</span> <span class='ocrx_word' id='word_1_10' title='bbox 1552 264 1883 330; x_wconf 88' lang='lat' dir='ltr'>intellegenda</span> <span class='ocrx_word' id='word_1_11' title='bbox 1899 278 2026 328; x_wconf 91' lang='lat' dir='ltr'>sunt,</span> 
     </span>
     <span class='ocr_line' id='line_1_3' title="bbox 274 345 2030 413; baseline 0.002 -18"><span class='ocrx_word' id='word_1_12' title='bbox 274 356 534 411; x_wconf 85' lang='lat' dir='ltr'>propterea</span> <span class='ocrx_word' id='word_1_13' title='bbox 561 345 776 409; x_wconf 90' lang='lat' dir='ltr'>figuratis</span> <span class='ocrx_word' id='word_1_14' title='bbox 810 346 1073 395; x_wconf 85' lang='lat' dir='ltr'>amictibus</span> <span class='ocrx_word' id='word_1_15' title='bbox 1103 346 1417 410; x_wconf 91' lang='lat' dir='ltr'>obteguntur,</span> <span class='ocrx_word' id='word_1_16' title='bbox 1445 356 1499 396; x_wconf 93' lang='lat' dir='ltr'>ut</span> <span class='ocrx_word' id='word_1_17' title='bbox 1525 364 1698 398; x_wconf 90' lang='lat' dir='ltr'>sensus</span> <span class='ocrx_word' id='word_1_18' title='bbox 1723 349 1929 413; x_wconf 89' lang='lat' dir='ltr'>legentis</span> <span class='ocrx_word' id='word_1_19' title='bbox 1955 367 2030 399; x_wconf 86' lang='lat' dir='ltr'>ex-</span> 
     </span>
     <span class='ocr_line' id='line_1_4' title="bbox 219 428 2027 500; baseline 0.001 -21"><span class='ocrx_word' id='word_1_20' title='bbox 219 454 249 500; x_wconf 87' lang='lat'><strong>3</strong></span> <span class='ocrx_word' id='word_1_21' title='bbox 275 439 487 491; x_wconf 90' lang='lat' dir='ltr'>erceant,</span> <span class='ocrx_word' id='word_1_22' title='bbox 516 438 564 478; x_wconf 93' lang='lat' dir='ltr'>et</span> <span class='ocrx_word' id='word_1_23' title='bbox 589 446 652 478; x_wconf 91' lang='lat' dir='ltr'>ne</span> <span class='ocrx_word' id='word_1_24' title='bbox 678 430 814 478; x_wconf 89' lang='lat' dir='ltr'>nuda</span> <span class='ocrx_word' id='word_1_25' title='bbox 838 438 989 492; x_wconf 88' lang='lat' dir='ltr'>atque</span> <span class='ocrx_word' id='word_1_26' title='bbox 1015 428 1065 477; x_wconf 91' lang='lat' dir='ltr'>in</span> <span class='ocrx_word' id='word_1_27' title='bbox 1099 438 1332 493; x_wconf 90' lang='lat' dir='ltr'>promptu</span> <span class='ocrx_word' id='word_1_28' title='bbox 1363 429 1614 479; x_wconf 84' lang='lat' dir='ltr'>vilescant.</span> <span class='ocrx_word' id='word_1_29' title='bbox 1690 431 1837 481; x_wconf 91' lang='lat' dir='ltr'>Fiunt</span> <span class='ocrx_word' id='word_1_30' title='bbox 1861 441 2027 481; x_wconf 90' lang='lat' dir='ltr'>autem</span> 
     </span>
     <span class='ocr_line' id='line_1_5' title="bbox 274 511 1854 577; baseline 0.001 -14"><span class='ocrx_word' id='word_1_31' title='bbox 274 515 594 577; x_wconf 80' lang='lat' dir='ltr'>metaphorae</span> <span class='ocrx_word' id='word_1_32' title='bbox 620 513 783 560; x_wconf 89' lang='lat' dir='ltr'>modis</span> <span class='ocrx_word' id='word_1_33' title='bbox 810 520 1044 575; x_wconf 87' lang='lat' dir='ltr'>quattuor</span> <span class='ocrx_word' id='word_1_34' title='bbox 1067 531 1076 560; x_wconf 73' lang='grc' dir='ltr'><strong><em>ι</em></strong></span> <span class='ocrx_word' id='word_1_35' title='bbox 1112 512 1177 561; x_wconf 91' lang='lat' dir='ltr'>ab</span> <span class='ocrx_word' id='word_1_36' title='bbox 1202 511 1403 561; x_wconf 91' lang='lat' dir='ltr'>animali</span> <span class='ocrx_word' id='word_1_37' title='bbox 1426 514 1491 562; x_wconf 91' lang='lat' dir='ltr'>ad</span> <span class='ocrx_word' id='word_1_38' title='bbox 1516 512 1744 575; x_wconf 89' lang='lat' dir='ltr'>animale,</span> <span class='ocrx_word' id='word_1_39' title='bbox 1773 523 1854 564; x_wconf 92' lang='lat' dir='ltr'>ut:</span> 
     </span>
     <span class='ocr_line' id='line_1_6' title="bbox 781 594 2075 658; baseline 0.005 -16"><span class='ocrx_word' id='word_1_40' title='bbox 781 594 1006 658; x_wconf 86' lang='lat' dir='ltr'>Aligeros</span> <span class='ocrx_word' id='word_1_41' title='bbox 1043 594 1337 643; x_wconf 85' lang='lat' dir='ltr'>conscendit</span> <span class='ocrx_word' id='word_1_42' title='bbox 1374 611 1542 658; x_wconf 71' lang='lat' dir='ltr'>equos</span> <span class='ocrx_word' id='word_1_43' title='bbox 2054 611 2075 649; x_wconf 81' lang='lat'>5</span> 
     </span>
     <span class='ocr_line' id='line_1_7' title="bbox 275 676 2025 742; baseline 0.001 -15"><span class='ocrx_word' id='word_1_44' title='bbox 275 676 618 741; x_wconf 84' lang='lat' dir='ltr'>Metaphorice</span> <span class='ocrx_word' id='word_1_45' title='bbox 643 678 854 739; x_wconf 87' lang='lat' dir='ltr'>loquens</span> <span class='ocrx_word' id='word_1_46' title='bbox 871 676 1068 725; x_wconf 86' lang='lat' dir='ltr'>miscuit</span> <span class='ocrx_word' id='word_1_47' title='bbox 1089 676 1400 740; x_wconf 86' lang='lat' dir='ltr'>quadrupedi</span> <span class='ocrx_word' id='word_1_48' title='bbox 1417 679 1518 725; x_wconf 91' lang='lat' dir='ltr'>alas</span> <span class='ocrx_word' id='word_1_49' title='bbox 1537 677 1654 738; x_wconf 85' lang='lat' dir='ltr'>avis,</span> <span class='ocrx_word' id='word_1_50' title='bbox 1678 686 1726 726; x_wconf 92' lang='lat' dir='ltr'>et</span> <span class='ocrx_word' id='word_1_51' title='bbox 1747 677 1900 742; x_wconf 88' lang='lat' dir='ltr'>(Virg.</span> <span class='ocrx_word' id='word_1_52' title='bbox 1922 681 2025 728; x_wconf 91' lang='lat' dir='ltr'>Ecl.</span> 
     </span>
    </p>
   </div>
   <div class='ocr_carea' id='block_1_3' title="bbox 278 759 1572 890">
    <p class='ocr_par' dir='ltr' id='par_1_3' title="bbox 278 759 1572 890">
     <span class='ocr_line' id='line_1_8' title="bbox 278 764 451 809; baseline -0.006 0"><span class='ocrx_word' id='word_1_53' title='bbox 278 765 306 809; x_wconf 79' lang='lat'>6</span> <span class='ocrx_word' id='word_1_54' title='bbox 343 764 370 809; x_wconf 89' lang='lat'>8</span> <span class='ocrx_word' id='word_1_55' title='bbox 443 779 451 808; x_wconf 90' lang='lat'><strong>:</strong></span> 
     </span>
     <span class='ocr_line' id='line_1_9' title="bbox 310 759 1572 890; baseline 0.001 -15"><span class='ocrx_word' id='word_1_56' title='bbox 310 800 320 820; x_wconf 59' lang='lat'><em>⁹</em></span> <span class='ocrx_word' id='word_1_57' title='bbox 376 759 426 824; x_wconf 65' lang='lat'>0&gt;</span> <span class='ocrx_word' id='word_1_58' title='bbox 750 829 866 888; x_wconf 82' lang='lat' dir='ltr'>Quo</span> <span class='ocrx_word' id='word_1_59' title='bbox 906 843 1050 875; x_wconf 89' lang='lat' dir='ltr'>cursu</span> <span class='ocrx_word' id='word_1_60' title='bbox 1089 828 1282 876; x_wconf 89' lang='lat' dir='ltr'>deserta</span> <span class='ocrx_word' id='word_1_61' title='bbox 1319 826 1572 890; x_wconf 82' lang='lat' dir='ltr'>petiverit;</span> 
     </span>
    </p>
   </div>
   <div class='ocr_carea' id='block_1_4' title="bbox 272 908 2105 1137">
    <p class='ocr_par' dir='ltr' id='par_1_4' title="bbox 272 908 2105 1137">
     <span class='ocr_line' id='line_1_10' title="bbox 273 908 2031 972; baseline 0.001 -13"><span class='ocrx_word' id='word_1_62' title='bbox 273 911 470 960; x_wconf 86' lang='lat' dir='ltr'>miscuit</span> <span class='ocrx_word' id='word_1_63' title='bbox 507 909 693 959; x_wconf 83' lang='lat' dir='ltr'>volatili</span> <span class='ocrx_word' id='word_1_64' title='bbox 730 926 928 957; x_wconf 90' lang='lat' dir='ltr'>cursum</span> <span class='ocrx_word' id='word_1_65' title='bbox 960 909 1310 972; x_wconf 88' lang='lat' dir='ltr'>quadrupedis.</span> <span class='ocrx_word' id='word_1_66' title='bbox 1385 909 1466 957; x_wconf 85' lang='lat' dir='ltr'>Ab</span> <span class='ocrx_word' id='word_1_67' title='bbox 1503 908 1756 958; x_wconf 91' lang='lat' dir='ltr'>inanimali</span> <span class='ocrx_word' id='word_1_68' title='bbox 1785 912 1849 959; x_wconf 92' lang='lat' dir='ltr'>ad</span> <span class='ocrx_word' id='word_1_69' title='bbox 1880 910 2031 960; x_wconf 88' lang='lat' dir='ltr'>inani-</span> 
     </span>
     <span class='ocr_line' id='line_1_11' title="bbox 272 995 2105 1053; baseline -0.004 -11"><span class='ocrx_word' id='word_1_70' title='bbox 272 995 415 1053; x_wconf 83' lang='lat' dir='ltr'>male,</span> <span class='ocrx_word' id='word_1_71' title='bbox 444 1002 497 1041; x_wconf 92' lang='lat' dir='ltr'>ut</span> <span class='ocrx_word' id='word_1_72' title='bbox 2057 1005 2105 1034; x_wconf 93' lang='lat'>10</span> 
     </span>
     <span class='ocr_line' id='line_1_12' title="bbox 477 1073 1833 1137; baseline 0 -15"><span class='ocrx_word' id='word_1_73' title='bbox 477 1077 695 1122; x_wconf 89' lang='lat' dir='ltr'>Pontum</span> <span class='ocrx_word' id='word_1_74' title='bbox 734 1073 881 1137; x_wconf 88' lang='lat' dir='ltr'>pinus</span> <span class='ocrx_word' id='word_1_75' title='bbox 917 1082 1036 1134; x_wconf 91' lang='lat' dir='ltr'>arat,</span> <span class='ocrx_word' id='word_1_76' title='bbox 1077 1075 1269 1122; x_wconf 89' lang='lat' dir='ltr'>sulcum</span> <span class='ocrx_word' id='word_1_77' title='bbox 1307 1073 1485 1137; x_wconf 87' lang='lat' dir='ltr'>premit</span> <span class='ocrx_word' id='word_1_78' title='bbox 1521 1075 1620 1122; x_wconf 88' lang='lat' dir='ltr'>alta</span> <span class='ocrx_word' id='word_1_79' title='bbox 1656 1074 1833 1123; x_wconf 89' lang='lat' dir='ltr'>carina.</span> 
     </span>
    </p>
   </div>
   <div class='ocr_carea' id='block_1_5' title="bbox 214 1155 2030 1306">
    <p class='ocr_par' dir='ltr' id='par_1_5' title="bbox 214 1155 2030 1306">
     <span class='ocr_line' id='line_1_13' title="bbox 273 1155 2029 1220; baseline 0 -13"><span class='ocrx_word' id='word_1_80' title='bbox 273 1157 478 1207; x_wconf 88' lang='lat' dir='ltr'>Miscuit</span> <span class='ocrx_word' id='word_1_81' title='bbox 511 1174 655 1204; x_wconf 90' lang='lat' dir='ltr'>usum</span> <span class='ocrx_word' id='word_1_82' title='bbox 690 1164 847 1205; x_wconf 90' lang='lat' dir='ltr'>terrae</span> <span class='ocrx_word' id='word_1_83' title='bbox 883 1155 1037 1218; x_wconf 88' lang='lat' dir='ltr'>aquis,</span> <span class='ocrx_word' id='word_1_84' title='bbox 1070 1157 1191 1204; x_wconf 91' lang='lat' dir='ltr'>dum</span> <span class='ocrx_word' id='word_1_85' title='bbox 1229 1172 1363 1204; x_wconf 86' lang='lat' dir='ltr'>arare</span> <span class='ocrx_word' id='word_1_86' title='bbox 1401 1165 1448 1204; x_wconf 91' lang='lat' dir='ltr'>et</span> <span class='ocrx_word' id='word_1_87' title='bbox 1485 1158 1677 1204; x_wconf 91' lang='lat' dir='ltr'>sulcum</span> <span class='ocrx_word' id='word_1_88' title='bbox 1711 1173 1933 1220; x_wconf 90' lang='lat' dir='ltr'>premere</span> <span class='ocrx_word' id='word_1_89' title='bbox 1966 1160 2029 1207; x_wconf 89' lang='lat' dir='ltr'>ad</span> 
     </span>
     <span class='ocr_line' id='line_1_14' title="bbox 214 1233 2030 1306; baseline -0.002 -18"><span class='ocrx_word' id='word_1_90' title='bbox 214 1259 247 1306; x_wconf 92' lang='lat'>4</span> <span class='ocrx_word' id='word_1_91' title='bbox 271 1248 449 1288; x_wconf 88' lang='lat' dir='ltr'>terram</span> <span class='ocrx_word' id='word_1_92' title='bbox 467 1234 722 1299; x_wconf 88' lang='lat' dir='ltr'>pertineat,</span> <span class='ocrx_word' id='word_1_93' title='bbox 735 1251 837 1283; x_wconf 87' lang='lat' dir='ltr'>non</span> <span class='ocrx_word' id='word_1_94' title='bbox 853 1235 917 1283; x_wconf 90' lang='lat' dir='ltr'>ad</span> <span class='ocrx_word' id='word_1_95' title='bbox 935 1251 1081 1282; x_wconf 88' lang='lat' dir='ltr'>mare.</span> <span class='ocrx_word' id='word_1_96' title='bbox 1127 1234 1209 1282; x_wconf 89' lang='lat' dir='ltr'>Ab</span> <span class='ocrx_word' id='word_1_97' title='bbox 1226 1233 1480 1282; x_wconf 90' lang='lat' dir='ltr'>inanimali</span> <span class='ocrx_word' id='word_1_98' title='bbox 1491 1235 1555 1283; x_wconf 88' lang='lat' dir='ltr'>ad</span> <span class='ocrx_word' id='word_1_99' title='bbox 1571 1235 1798 1295; x_wconf 91' lang='lat' dir='ltr'>animale,</span> <span class='ocrx_word' id='word_1_100' title='bbox 1811 1245 1864 1284; x_wconf 94' lang='lat' dir='ltr'>ut</span> <span class='ocrx_word' id='word_1_101' title='bbox 1888 1236 2030 1285; x_wconf 89' lang='lat' dir='ltr'>‘flori-</span> 
     </span>
    </p>
   </div>
   <div class='ocr_carea' id='block_1_6' title="bbox 212 1315 2105 2610">
    <p class='ocr_par' dir='ltr' id='par_1_6' title="bbox 273 1315 2029 1379">
     <span class='ocr_line' id='line_1_15' title="bbox 273 1315 2029 1379; baseline -0.001 -12"><span class='ocrx_word' id='word_1_102' title='bbox 273 1320 337 1367; x_wconf 91' lang='lat' dir='ltr'>da</span> <span class='ocrx_word' id='word_1_103' title='bbox 357 1317 612 1367; x_wconf 87' lang='lat' dir='ltr'>iuventus&#39;</span> <span class='ocrx_word' id='word_1_104' title='bbox 637 1337 645 1365; x_wconf 90' lang='lat'><strong>:</strong></span> <span class='ocrx_word' id='word_1_105' title='bbox 683 1316 881 1365; x_wconf 88' lang='lat' dir='ltr'>miscuit</span> <span class='ocrx_word' id='word_1_106' title='bbox 898 1318 1041 1365; x_wconf 88' lang='lat' dir='ltr'>flores</span> <span class='ocrx_word' id='word_1_107' title='bbox 1068 1315 1359 1365; x_wconf 87' lang='lat' dir='ltr'>inanimales</span> <span class='ocrx_word' id='word_1_108' title='bbox 1380 1315 1636 1376; x_wconf 89' lang='lat' dir='ltr'>iuventuti,</span> <span class='ocrx_word' id='word_1_109' title='bbox 1660 1334 1787 1379; x_wconf 88' lang='lat' dir='ltr'>quae</span> <span class='ocrx_word' id='word_1_110' title='bbox 1812 1317 2029 1367; x_wconf 89' lang='lat' dir='ltr'>animam</span> 
     </span>
    </p>

    <p class='ocr_par' dir='ltr' id='par_1_7' title="bbox 271 1398 2102 1709">
     <span class='ocr_line' id='line_1_16' title="bbox 271 1398 2102 1458; baseline -0.004 -10"><span class='ocrx_word' id='word_1_111' title='bbox 271 1401 438 1450; x_wconf 88' lang='lat' dir='ltr'>habet.</span> <span class='ocrx_word' id='word_1_112' title='bbox 513 1400 595 1448; x_wconf 89' lang='lat' dir='ltr'>Ab</span> <span class='ocrx_word' id='word_1_113' title='bbox 620 1398 821 1447; x_wconf 90' lang='lat' dir='ltr'>animali</span> <span class='ocrx_word' id='word_1_114' title='bbox 846 1400 911 1447; x_wconf 90' lang='lat' dir='ltr'>ad</span> <span class='ocrx_word' id='word_1_115' title='bbox 938 1398 1216 1458; x_wconf 88' lang='lat' dir='ltr'>inanimale,</span> <span class='ocrx_word' id='word_1_116' title='bbox 1247 1408 1299 1447; x_wconf 92' lang='lat' dir='ltr'>ut</span> <span class='ocrx_word' id='word_1_117' title='bbox 1321 1418 1330 1447; x_wconf 87' lang='lat'>:</span> <span class='ocrx_word' id='word_1_118' title='bbox 2057 1414 2102 1454; x_wconf 90' lang='lat'>15</span> 
     </span>
     <span class='ocr_line' id='line_1_17' title="bbox 474 1480 1826 1544; baseline -0.002 -13"><span class='ocrx_word' id='word_1_119' title='bbox 474 1485 568 1543; x_wconf 91' lang='lat' dir='ltr'>Tu,</span> <span class='ocrx_word' id='word_1_120' title='bbox 609 1484 846 1544; x_wconf 89' lang='lat' dir='ltr'>Neptune</span> <span class='ocrx_word' id='word_1_121' title='bbox 882 1490 1032 1543; x_wconf 89' lang='lat' dir='ltr'>pater,</span> <span class='ocrx_word' id='word_1_122' title='bbox 1072 1480 1151 1528; x_wconf 92' lang='lat' dir='ltr'>cui</span> <span class='ocrx_word' id='word_1_123' title='bbox 1188 1490 1413 1544; x_wconf 90' lang='lat' dir='ltr'>tempora</span> <span class='ocrx_word' id='word_1_124' title='bbox 1449 1498 1573 1530; x_wconf 89' lang='lat' dir='ltr'>cana</span> <span class='ocrx_word' id='word_1_125' title='bbox 1608 1481 1826 1544; x_wconf 86' lang='lat' dir='ltr'>crepanti</span> 
     </span>
     <span class='ocr_line' id='line_1_18' title="bbox 474 1562 1873 1626; baseline -0.001 -14"><span class='ocrx_word' id='word_1_126' title='bbox 474 1564 637 1612; x_wconf 89' lang='lat' dir='ltr'>cincta</span> <span class='ocrx_word' id='word_1_127' title='bbox 674 1564 777 1611; x_wconf 89' lang='lat' dir='ltr'>salo</span> <span class='ocrx_word' id='word_1_128' title='bbox 814 1571 1061 1622; x_wconf 91' lang='lat' dir='ltr'>resonant,</span> <span class='ocrx_word' id='word_1_129' title='bbox 1102 1579 1311 1626; x_wconf 86' lang='lat' dir='ltr'>magnus</span> <span class='ocrx_word' id='word_1_130' title='bbox 1348 1562 1427 1611; x_wconf 91' lang='lat' dir='ltr'>cui</span> <span class='ocrx_word' id='word_1_131' title='bbox 1464 1571 1666 1626; x_wconf 90' lang='lat' dir='ltr'>perpete</span> <span class='ocrx_word' id='word_1_132' title='bbox 1703 1571 1873 1611; x_wconf 88' lang='lat' dir='ltr'>mento</span> 
     </span>
     <span class='ocr_line' id='line_1_19' title="bbox 473 1643 1741 1709; baseline -0.001 -15"><span class='ocrx_word' id='word_1_133' title='bbox 473 1645 672 1709; x_wconf 89' lang='lat' dir='ltr'>profluit</span> <span class='ocrx_word' id='word_1_134' title='bbox 710 1645 959 1704; x_wconf 90' lang='lat' dir='ltr'>Oceanus,</span> <span class='ocrx_word' id='word_1_135' title='bbox 999 1653 1047 1693; x_wconf 92' lang='lat' dir='ltr'>et</span> <span class='ocrx_word' id='word_1_136' title='bbox 1083 1643 1288 1693; x_wconf 89' lang='lat' dir='ltr'>flumina</span> <span class='ocrx_word' id='word_1_137' title='bbox 1313 1643 1530 1693; x_wconf 90' lang='lat' dir='ltr'>crinibus</span> <span class='ocrx_word' id='word_1_138' title='bbox 1567 1653 1741 1694; x_wconf 90' lang='lat' dir='ltr'>errant.</span> 
     </span>
    </p>

    <p class='ocr_par' dir='ltr' id='par_1_8' title="bbox 272 1725 2029 1790">
     <span class='ocr_line' id='line_1_20' title="bbox 272 1725 2029 1790; baseline -0.001 -13"><span class='ocrx_word' id='word_1_139' title='bbox 272 1731 505 1777; x_wconf 77' lang='lat' dir='ltr'>Meritum</span> <span class='ocrx_word' id='word_1_140' title='bbox 532 1727 679 1787; x_wconf 87' lang='lat' dir='ltr'>enim,</span> <span class='ocrx_word' id='word_1_141' title='bbox 716 1736 940 1790; x_wconf 90' lang='lat' dir='ltr'>tempora</span> <span class='ocrx_word' id='word_1_142' title='bbox 970 1735 1017 1775; x_wconf 90' lang='lat' dir='ltr'>et</span> <span class='ocrx_word' id='word_1_143' title='bbox 1050 1725 1208 1775; x_wconf 90' lang='lat' dir='ltr'>crines</span> <span class='ocrx_word' id='word_1_144' title='bbox 1235 1743 1335 1776; x_wconf 92' lang='lat' dir='ltr'>non</span> <span class='ocrx_word' id='word_1_145' title='bbox 1374 1728 1438 1775; x_wconf 88' lang='lat' dir='ltr'>ad</span> <span class='ocrx_word' id='word_1_146' title='bbox 1472 1727 1732 1776; x_wconf 87' lang='lat' dir='ltr'>Oceanum</span> <span class='ocrx_word' id='word_1_147' title='bbox 1766 1725 2029 1789; x_wconf 87' lang='lat' dir='ltr'>pertinent,</span> 
     </span>
    </p>

    <p class='ocr_par' dir='ltr' id='par_1_9' title="bbox 216 1807 2105 2201">
     <span class='ocr_line' id='line_1_21' title="bbox 216 1807 2105 1876; baseline -0.003 -16"><span class='ocrx_word' id='word_1_148' title='bbox 216 1827 246 1876; x_wconf 90' lang='lat'><em>5</em></span> <span class='ocrx_word' id='word_1_149' title='bbox 272 1813 359 1860; x_wconf 92' lang='lat' dir='ltr'>sed</span> <span class='ocrx_word' id='word_1_150' title='bbox 384 1812 448 1860; x_wconf 92' lang='lat' dir='ltr'>ad</span> <span class='ocrx_word' id='word_1_151' title='bbox 474 1809 717 1858; x_wconf 89' lang='lat' dir='ltr'>homines.</span> <span class='ocrx_word' id='word_1_152' title='bbox 805 1808 885 1858; x_wconf 89' lang='lat' dir='ltr'>Sic</span> <span class='ocrx_word' id='word_1_153' title='bbox 920 1818 968 1857; x_wconf 92' lang='lat' dir='ltr'>et</span> <span class='ocrx_word' id='word_1_154' title='bbox 1000 1808 1096 1857; x_wconf 91' lang='lat' dir='ltr'>alia</span> <span class='ocrx_word' id='word_1_155' title='bbox 1125 1825 1286 1857; x_wconf 92' lang='lat' dir='ltr'>rerum</span> <span class='ocrx_word' id='word_1_156' title='bbox 1313 1808 1517 1857; x_wconf 90' lang='lat' dir='ltr'>nomina</span> <span class='ocrx_word' id='word_1_157' title='bbox 1550 1809 1613 1857; x_wconf 94' lang='lat' dir='ltr'>de</span> <span class='ocrx_word' id='word_1_158' title='bbox 1645 1807 1743 1856; x_wconf 92' lang='lat' dir='ltr'>alio</span> <span class='ocrx_word' id='word_1_159' title='bbox 1775 1824 1955 1872; x_wconf 86' lang='lat' dir='ltr'>genere</span> <span class='ocrx_word' id='word_1_160' title='bbox 1981 1808 2031 1856; x_wconf 92' lang='lat' dir='ltr'>in</span> <span class='ocrx_word' id='word_1_161' title='bbox 2053 1820 2105 1848; x_wconf 88' lang='lat'>20</span> 
     </span>
     <span class='ocr_line' id='line_1_22' title="bbox 269 1890 2031 1956; baseline -0.002 -13"><span class='ocrx_word' id='word_1_162' title='bbox 269 1893 405 1943; x_wconf 92' lang='lat' dir='ltr'>aliud</span> <span class='ocrx_word' id='word_1_163' title='bbox 429 1909 584 1956; x_wconf 90' lang='lat' dir='ltr'>genus</span> <span class='ocrx_word' id='word_1_164' title='bbox 610 1890 959 1940; x_wconf 85' lang='lat' dir='ltr'>decentissime</span> <span class='ocrx_word' id='word_1_165' title='bbox 993 1890 1185 1939; x_wconf 87' lang='lat' dir='ltr'>decoris</span> <span class='ocrx_word' id='word_1_166' title='bbox 1210 1890 1363 1954; x_wconf 90' lang='lat' dir='ltr'>gratia</span> <span class='ocrx_word' id='word_1_167' title='bbox 1395 1892 1764 1949; x_wconf 89' lang='lat' dir='ltr'>transferuntur,</span> <span class='ocrx_word' id='word_1_168' title='bbox 1792 1899 1846 1938; x_wconf 91' lang='lat' dir='ltr'>ut</span> <span class='ocrx_word' id='word_1_169' title='bbox 1875 1890 2031 1939; x_wconf 91' lang='lat' dir='ltr'>oratio</span> 
     </span>
     <span class='ocr_line' id='line_1_23' title="bbox 271 1972 2031 2040; baseline -0.002 -16"><span class='ocrx_word' id='word_1_170' title='bbox 271 1984 574 2040; x_wconf 90' lang='lat' dir='ltr'>perornetur.</span> <span class='ocrx_word' id='word_1_171' title='bbox 648 1974 947 2036; x_wconf 89' lang='lat' dir='ltr'>Metaphora</span> <span class='ocrx_word' id='word_1_172' title='bbox 963 1981 1130 2022; x_wconf 88' lang='lat' dir='ltr'>autern</span> <span class='ocrx_word' id='word_1_173' title='bbox 1146 1982 1230 2021; x_wconf 93' lang='lat' dir='ltr'>aut</span> <span class='ocrx_word' id='word_1_174' title='bbox 1247 1972 1395 2036; x_wconf 90' lang='lat' dir='ltr'>partis</span> <span class='ocrx_word' id='word_1_175' title='bbox 1415 1972 1560 2021; x_wconf 91' lang='lat' dir='ltr'>unius</span> <span class='ocrx_word' id='word_1_176' title='bbox 1587 1981 1673 2032; x_wconf 92' lang='lat' dir='ltr'>est,</span> <span class='ocrx_word' id='word_1_177' title='bbox 1691 1981 1745 2020; x_wconf 91' lang='lat' dir='ltr'>ut</span> <span class='ocrx_word' id='word_1_178' title='bbox 1768 1973 2031 2021; x_wconf 88' lang='lat' dir='ltr'>‘fluctuare</span> 
     </span>
     <span class='ocr_line' id='line_1_24' title="bbox 272 2053 2026 2121; baseline -0.002 -15"><span class='ocrx_word' id='word_1_179' title='bbox 272 2059 491 2121; x_wconf 88' lang='lat' dir='ltr'>segetes’</span> <span class='ocrx_word' id='word_1_180' title='bbox 532 2056 655 2121; x_wconf 86' lang='lat' dir='ltr'>(non</span> <span class='ocrx_word' id='word_1_181' title='bbox 685 2064 827 2119; x_wconf 92' lang='lat' dir='ltr'>potes</span> <span class='ocrx_word' id='word_1_182' title='bbox 854 2054 1018 2104; x_wconf 87' lang='lat' dir='ltr'>dicere</span> <span class='ocrx_word' id='word_1_183' title='bbox 1051 2059 1298 2117; x_wconf 85' lang='lat' dir='ltr'>‘segetare</span> <span class='ocrx_word' id='word_1_184' title='bbox 1331 2056 1508 2103; x_wconf 91' lang='lat' dir='ltr'>fluctus</span> <span class='ocrx_word' id='word_1_185' title='bbox 1529 2054 1576 2118; x_wconf 87' lang='lat'>&#39;),</span> <span class='ocrx_word' id='word_1_186' title='bbox 1607 2063 1693 2103; x_wconf 89' lang='lat' dir='ltr'>aut</span> <span class='ocrx_word' id='word_1_187' title='bbox 1718 2053 2026 2117; x_wconf 88' lang='lat' dir='ltr'>antistropha</span> 
     </span>
     <span class='ocr_line' id='line_1_25' title="bbox 273 2135 2025 2201; baseline -0.003 -11"><span class='ocrx_word' id='word_1_188' title='bbox 273 2150 360 2200; x_wconf 89' lang='lat' dir='ltr'>est,</span> <span class='ocrx_word' id='word_1_189' title='bbox 380 2140 431 2189; x_wconf 91' lang='lat' dir='ltr'>id</span> <span class='ocrx_word' id='word_1_190' title='bbox 449 2148 522 2188; x_wconf 92' lang='lat' dir='ltr'>est</span> <span class='ocrx_word' id='word_1_191' title='bbox 542 2138 807 2201; x_wconf 88' lang='lat' dir='ltr'>reciproca,</span> <span class='ocrx_word' id='word_1_192' title='bbox 827 2148 880 2186; x_wconf 94' lang='lat' dir='ltr'>ut</span> <span class='ocrx_word' id='word_1_193' title='bbox 901 2136 1180 2201; x_wconf 85' lang='lat' dir='ltr'>‘remigium</span> <span class='ocrx_word' id='word_1_194' title='bbox 1197 2139 1414 2185; x_wconf 87' lang='lat' dir='ltr'>alarum.’</span> <span class='ocrx_word' id='word_1_195' title='bbox 1477 2139 1607 2186; x_wconf 89' lang='lat' dir='ltr'>Nam</span> <span class='ocrx_word' id='word_1_196' title='bbox 1628 2145 1676 2186; x_wconf 90' lang='lat' dir='ltr'>et</span> <span class='ocrx_word' id='word_1_197' title='bbox 1695 2138 1800 2185; x_wconf 91' lang='lat' dir='ltr'>alae</span> <span class='ocrx_word' id='word_1_198' title='bbox 1826 2135 2025 2184; x_wconf 89' lang='lat' dir='ltr'>navium</span> 
     </span>
    </p>

    <p class='ocr_par' dir='ltr' id='par_1_10' title="bbox 212 2218 2101 2534">
     <span class='ocr_line' id='line_1_26' title="bbox 212 2218 2101 2283; baseline -0.002 -13"><span class='ocrx_word' id='word_1_199' title='bbox 212 2224 247 2270; x_wconf 86' lang='lat'>6</span> <span class='ocrx_word' id='word_1_200' title='bbox 274 2233 320 2272; x_wconf 91' lang='lat' dir='ltr'>et</span> <span class='ocrx_word' id='word_1_201' title='bbox 346 2224 532 2271; x_wconf 90' lang='lat' dir='ltr'>alarum</span> <span class='ocrx_word' id='word_1_202' title='bbox 558 2220 761 2283; x_wconf 87' lang='lat' dir='ltr'>remigia</span> <span class='ocrx_word' id='word_1_203' title='bbox 785 2219 1030 2268; x_wconf 84' lang='lat' dir='ltr'>dicuntur.</span> <span class='ocrx_word' id='word_1_204' title='bbox 1106 2219 1416 2269; x_wconf 86' lang='lat' dir='ltr'>Catachresis</span> <span class='ocrx_word' id='word_1_205' title='bbox 1442 2228 1515 2267; x_wconf 92' lang='lat' dir='ltr'>est</span> <span class='ocrx_word' id='word_1_206' title='bbox 1540 2218 1729 2267; x_wconf 89' lang='lat' dir='ltr'>alienae</span> <span class='ocrx_word' id='word_1_207' title='bbox 1749 2218 1817 2267; x_wconf 92' lang='lat' dir='ltr'>rei</span> <span class='ocrx_word' id='word_1_208' title='bbox 1841 2234 2026 2267; x_wconf 90' lang='lat' dir='ltr'>nomen</span> <span class='ocrx_word' id='word_1_209' title='bbox 2053 2233 2101 2272; x_wconf 87' lang='lat'>25</span> 
     </span>
     <span class='ocr_line' id='line_1_27' title="bbox 272 2299 2025 2368; baseline -0.004 -14"><span class='ocrx_word' id='word_1_210' title='bbox 272 2304 571 2368; x_wconf 86' lang='lat' dir='ltr'>adpositum.</span> <span class='ocrx_word' id='word_1_211' title='bbox 647 2305 791 2351; x_wconf 90' lang='lat' dir='ltr'>Haec</span> <span class='ocrx_word' id='word_1_212' title='bbox 817 2311 865 2350; x_wconf 88' lang='lat' dir='ltr'>et</span> <span class='ocrx_word' id='word_1_213' title='bbox 889 2318 917 2349; x_wconf 91' lang='lat' dir='ltr'>a</span> <span class='ocrx_word' id='word_1_214' title='bbox 943 2303 1233 2364; x_wconf 91' lang='lat' dir='ltr'>metaphora</span> <span class='ocrx_word' id='word_1_215' title='bbox 1258 2300 1432 2358; x_wconf 89' lang='lat' dir='ltr'>differt,</span> <span class='ocrx_word' id='word_1_216' title='bbox 1461 2302 1598 2363; x_wconf 88' lang='lat' dir='ltr'>quod</span> <span class='ocrx_word' id='word_1_217' title='bbox 1623 2299 1704 2347; x_wconf 89' lang='lat' dir='ltr'>illa</span> <span class='ocrx_word' id='word_1_218' title='bbox 1728 2301 2025 2348; x_wconf 88' lang='lat' dir='ltr'>vocabulum</span> 
     </span>
     <span class='ocr_line' id='line_1_28' title="bbox 271 2381 2025 2448; baseline -0.004 -13"><span class='ocrx_word' id='word_1_219' title='bbox 271 2386 477 2435; x_wconf 88' lang='lat' dir='ltr'>habenti</span> <span class='ocrx_word' id='word_1_220' title='bbox 502 2384 713 2448; x_wconf 87' lang='lat' dir='ltr'>largitur,</span> <span class='ocrx_word' id='word_1_221' title='bbox 743 2385 880 2444; x_wconf 89' lang='lat' dir='ltr'>haec,</span> <span class='ocrx_word' id='word_1_222' title='bbox 909 2383 1025 2446; x_wconf 87' lang='lat' dir='ltr'>quia</span> <span class='ocrx_word' id='word_1_223' title='bbox 1054 2400 1158 2431; x_wconf 90' lang='lat' dir='ltr'>non</span> <span class='ocrx_word' id='word_1_224' title='bbox 1195 2383 1346 2431; x_wconf 89' lang='lat' dir='ltr'>habet</span> <span class='ocrx_word' id='word_1_225' title='bbox 1371 2381 1639 2446; x_wconf 89' lang='lat' dir='ltr'>proprium,</span> <span class='ocrx_word' id='word_1_226' title='bbox 1674 2381 1836 2430; x_wconf 90' lang='lat' dir='ltr'>alieno</span> <span class='ocrx_word' id='word_1_227' title='bbox 1861 2383 2025 2439; x_wconf 91' lang='lat' dir='ltr'>utitur,</span> 
     </span>
     <span class='ocr_line' id='line_1_29' title="bbox 272 2464 967 2534; baseline -0.004 -16"><span class='ocrx_word' id='word_1_228' title='bbox 272 2479 326 2519; x_wconf 94' lang='lat' dir='ltr'>ut</span> <span class='ocrx_word' id='word_1_229' title='bbox 353 2468 507 2534; x_wconf 90' lang='lat' dir='ltr'>(Virg.</span> <span class='ocrx_word' id='word_1_230' title='bbox 536 2468 715 2530; x_wconf 90' lang='lat' dir='ltr'>Georg.</span> <span class='ocrx_word' id='word_1_231' title='bbox 747 2484 790 2526; x_wconf 90' lang='lat'>2,</span> <span class='ocrx_word' id='word_1_232' title='bbox 821 2464 967 2531; x_wconf 84' lang='lat'>131):</span> 
     </span>
    </p>

    <p class='ocr_par' dir='ltr' id='par_1_11' title="bbox 611 2545 1399 2610">
     <span class='ocr_line' id='line_1_30' title="bbox 611 2545 1399 2610; baseline -0.004 -13"><span class='ocrx_word' id='word_1_233' title='bbox 611 2547 912 2610; x_wconf 88' lang='lat' dir='ltr'>Faciemque</span> <span class='ocrx_word' id='word_1_234' title='bbox 949 2545 1197 2595; x_wconf 90' lang='lat' dir='ltr'>simillima</span> <span class='ocrx_word' id='word_1_235' title='bbox 1232 2547 1368 2595; x_wconf 87' lang='lat' dir='ltr'>lauro</span> <span class='ocrx_word' id='word_1_236' title='bbox 1386 2565 1399 2608; x_wconf 83' lang='lat'>;</span> 
     </span>
    </p>
   </div>
   <div class='ocr_carea' id='block_1_7' title="bbox 274 2671 2038 3058">
    <p class='ocr_par' dir='ltr' id='par_1_12' title="bbox 274 2671 2038 3058">
     <span class='ocr_line' id='line_1_31' title="bbox 331 2671 2038 2730; baseline -0.005 -12"><span class='ocrx_word' id='word_1_237' title='bbox 331 2693 349 2719; x_wconf 93' lang='lat'>1</span> <span class='ocrx_word' id='word_1_238' title='bbox 381 2679 435 2718; x_wconf 91' lang='lat' dir='ltr'>ad</span> <span class='ocrx_word' id='word_1_239' title='bbox 465 2691 516 2716; x_wconf 89' lang='lat' dir='ltr'>ea</span> <span class='ocrx_word' id='word_1_240' title='bbox 545 2676 672 2730; x_wconf 89' lang='lat' dir='ltr'>quae]</span> <span class='ocrx_word' id='word_1_241' title='bbox 705 2682 828 2726; x_wconf 89' lang='lat' dir='ltr'>atque</span> <span class='ocrx_word' id='word_1_242' title='bbox 858 2677 911 2714; x_wconf 91' lang='lat' dir='ltr'>ad</span> <span class='ocrx_word' id='word_1_243' title='bbox 938 2675 976 2713; x_wconf 92' lang='lat' dir='ltr'><em>T</em></span> <span class='ocrx_word' id='word_1_244' title='bbox 1162 2687 1186 2712; x_wconf 89' lang='lat'><em>2</em></span> <span class='ocrx_word' id='word_1_245' title='bbox 1217 2687 1391 2713; x_wconf 89' lang='lat' dir='ltr'>sensum</span> <span class='ocrx_word' id='word_1_246' title='bbox 1416 2673 1451 2713; x_wconf 88' lang='lat' dir='ltr'><em>C</em></span> <span class='ocrx_word' id='word_1_247' title='bbox 1640 2687 1664 2724; x_wconf 91' lang='lat'>4</span> <span class='ocrx_word' id='word_1_248' title='bbox 1695 2673 1747 2712; x_wconf 91' lang='lat' dir='ltr'>ab</span> <span class='ocrx_word' id='word_1_249' title='bbox 1776 2672 1975 2712; x_wconf 84' lang='lat' dir='ltr'>animalia</span> <span class='ocrx_word' id='word_1_250' title='bbox 2001 2671 2038 2710; x_wconf 92' lang='lat' dir='ltr'><em>T</em></span> 
     </span>
     <span class='ocr_line' id='line_1_32' title="bbox 274 2727 2038 2785; baseline -0.004 -12"><span class='ocrx_word' id='word_1_251' title='bbox 274 2748 299 2785; x_wconf 89' lang='lat'>5</span> <span class='ocrx_word' id='word_1_252' title='bbox 328 2734 466 2784; x_wconf 87' lang='lat' dir='ltr'>aligos</span> <span class='ocrx_word' id='word_1_253' title='bbox 491 2732 529 2771; x_wconf 92' lang='lat' dir='ltr'><em>T</em></span> <span class='ocrx_word' id='word_1_254' title='bbox 698 2734 725 2770; x_wconf 90' lang='lat'><strong>6</strong></span> <span class='ocrx_word' id='word_1_255' title='bbox 754 2731 1042 2781; x_wconf 86' lang='lat' dir='ltr'>quadripedes</span> <span class='ocrx_word' id='word_1_256' title='bbox 1061 2730 1148 2769; x_wconf 87' lang='lat' dir='ltr'>alas</span> <span class='ocrx_word' id='word_1_257' title='bbox 1172 2730 1239 2768; x_wconf 90' lang='lat' dir='ltr'>avi</span> <span class='ocrx_word' id='word_1_258' title='bbox 1261 2730 1303 2767; x_wconf 86' lang='lat' dir='ltr'><em>A</em></span> <span class='ocrx_word' id='word_1_259' title='bbox 1491 2741 1534 2766; x_wconf 91' lang='lat'>11</span> <span class='ocrx_word' id='word_1_260' title='bbox 1566 2734 1658 2767; x_wconf 88' lang='lat' dir='ltr'>arat</span> <span class='ocrx_word' id='word_1_261' title='bbox 1677 2727 1734 2766; x_wconf 89' lang='lat' dir='ltr'>C:</span> <span class='ocrx_word' id='word_1_262' title='bbox 1777 2734 1867 2767; x_wconf 85' lang='lat' dir='ltr'>erat</span> <span class='ocrx_word' id='word_1_263' title='bbox 1885 2727 2038 2767; x_wconf 85' lang='lat' dir='ltr'>A1BT</span> 
     </span>
     <span class='ocr_line' id='line_1_33' title="bbox 279 2781 2028 2837; baseline -0.005 -9"><span class='ocrx_word' id='word_1_264' title='bbox 279 2803 327 2828; x_wconf 90' lang='lat'>12</span> <span class='ocrx_word' id='word_1_265' title='bbox 358 2790 542 2828; x_wconf 86' lang='lat' dir='ltr'>miscunt</span> <span class='ocrx_word' id='word_1_266' title='bbox 560 2786 603 2825; x_wconf 84' lang='lat' dir='ltr'><em>A</em></span> <span class='ocrx_word' id='word_1_267' title='bbox 773 2785 916 2837; x_wconf 87' lang='lat' dir='ltr'>arare]</span> <span class='ocrx_word' id='word_1_268' title='bbox 939 2798 1053 2824; x_wconf 86' lang='lat' dir='ltr'>mare</span> <span class='ocrx_word' id='word_1_269' title='bbox 1081 2784 1118 2822; x_wconf 90' lang='lat' dir='ltr'><em>T</em></span> <span class='ocrx_word' id='word_1_270' title='bbox 1327 2796 1375 2833; x_wconf 85' lang='lat'>13</span> <span class='ocrx_word' id='word_1_271' title='bbox 1405 2785 1456 2823; x_wconf 91' lang='lat' dir='ltr'>ab</span> <span class='ocrx_word' id='word_1_272' title='bbox 1478 2783 1720 2822; x_wconf 88' lang='lat' dir='ltr'>inanimalia</span> <span class='ocrx_word' id='word_1_273' title='bbox 1745 2781 1783 2820; x_wconf 92' lang='lat' dir='ltr'><em>T</em></span> <span class='ocrx_word' id='word_1_274' title='bbox 1980 2796 2028 2832; x_wconf 92' lang='lat'>14</span> 
     </span>
     <span class='ocr_line' id='line_1_34' title="bbox 274 2837 2030 2895; baseline -0.004 -12"><span class='ocrx_word' id='word_1_275' title='bbox 274 2845 347 2895; x_wconf 89' lang='lat' dir='ltr'>qui</span> <span class='ocrx_word' id='word_1_276' title='bbox 368 2843 455 2882; x_wconf 88' lang='lat' dir='ltr'>BT</span> <span class='ocrx_word' id='word_1_277' title='bbox 599 2853 648 2891; x_wconf 89' lang='lat'>15</span> <span class='ocrx_word' id='word_1_278' title='bbox 678 2841 833 2880; x_wconf 89' lang='lat' dir='ltr'>habeat</span> <span class='ocrx_word' id='word_1_279' title='bbox 859 2841 897 2880; x_wconf 94' lang='lat' dir='ltr'><em>T</em></span> <span class='ocrx_word' id='word_1_280' title='bbox 1002 2840 1054 2879; x_wconf 87' lang='lat' dir='ltr'>ab</span> <span class='ocrx_word' id='word_1_281' title='bbox 1075 2839 1292 2879; x_wconf 85' lang='lat' dir='ltr'>inanimali</span> <span class='ocrx_word' id='word_1_282' title='bbox 1313 2841 1366 2878; x_wconf 91' lang='lat' dir='ltr'>ad</span> <span class='ocrx_word' id='word_1_283' title='bbox 1387 2839 1570 2879; x_wconf 89' lang='lat' dir='ltr'>animale</span> <span class='ocrx_word' id='word_1_284' title='bbox 1598 2837 1636 2875; x_wconf 93' lang='lat' dir='ltr'><em>T</em></span> <span class='ocrx_word' id='word_1_285' title='bbox 1774 2849 1821 2886; x_wconf 94' lang='lat'>17</span> <span class='ocrx_word' id='word_1_286' title='bbox 1854 2843 2030 2888; x_wconf 90' lang='lat' dir='ltr'>perpete</span> 
     </span>
     <span class='ocr_line' id='line_1_35' title="bbox 277 2891 2031 2949; baseline -0.005 -10"><span class='ocrx_word' id='word_1_287' title='bbox 277 2900 312 2939; x_wconf 88' lang='lat' dir='ltr'><em>C</em></span> <span class='ocrx_word' id='word_1_288' title='bbox 327 2914 335 2938; x_wconf 93' lang='lat'><strong>:</strong></span> <span class='ocrx_word' id='word_1_289' title='bbox 366 2897 530 2949; x_wconf 87' lang='lat' dir='ltr'>perpeti</span> <span class='ocrx_word' id='word_1_290' title='bbox 548 2895 721 2935; x_wconf 88' lang='lat' dir='ltr'><em>ABTU</em></span> <span class='ocrx_word' id='word_1_291' title='bbox 865 2896 914 2934; x_wconf 92' lang='lat'>18</span> <span class='ocrx_word' id='word_1_292' title='bbox 947 2895 1089 2935; x_wconf 89' lang='lat' dir='ltr'>floruit</span> <span class='ocrx_word' id='word_1_293' title='bbox 1108 2906 1314 2935; x_wconf 90' lang='lat' dir='ltr'>oceanum</span> <span class='ocrx_word' id='word_1_294' title='bbox 1335 2895 1377 2932; x_wconf 97' lang='lat' dir='ltr'><em>A</em></span> <span class='ocrx_word' id='word_1_295' title='bbox 1492 2891 1738 2933; x_wconf 88' lang='lat' dir='ltr'>criminibus</span> <span class='ocrx_word' id='word_1_296' title='bbox 1768 2891 1846 2930; x_wconf 91' lang='lat' dir='ltr'>TU</span> <span class='ocrx_word' id='word_1_297' title='bbox 1978 2905 2031 2931; x_wconf 89' lang='lat'>20</span> 
     </span>
     <span class='ocr_line' id='line_1_36' title="bbox 277 2946 2038 2999; baseline -0.005 -6"><span class='ocrx_word' id='word_1_298' title='bbox 277 2955 396 2993; x_wconf 88' lang='lat' dir='ltr'>Sicut</span> <span class='ocrx_word' id='word_1_299' title='bbox 429 2953 482 2992; x_wconf 90' lang='lat' dir='ltr'>al.</span> <span class='ocrx_word' id='word_1_300' title='bbox 517 2951 555 2990; x_wconf 87' lang='lat' dir='ltr'><em>T</em></span> <span class='ocrx_word' id='word_1_301' title='bbox 686 2951 728 2989; x_wconf 91' lang='lat' dir='ltr'>in</span> <span class='ocrx_word' id='word_1_302' title='bbox 760 2950 891 2990; x_wconf 92' lang='lat' dir='ltr'>alium</span> <span class='ocrx_word' id='word_1_303' title='bbox 924 2950 966 2989; x_wconf 89' lang='lat' dir='ltr'><em>A</em></span> <span class='ocrx_word' id='word_1_304' title='bbox 1136 2962 1187 2989; x_wconf 85' lang='lat'>22</span> <span class='ocrx_word' id='word_1_305' title='bbox 1218 2949 1350 2999; x_wconf 89' lang='lat' dir='ltr'>partis</span> <span class='ocrx_word' id='word_1_306' title='bbox 1390 2961 1473 2990; x_wconf 85' lang='lat' dir='ltr'>om.</span> <span class='ocrx_word' id='word_1_307' title='bbox 1506 2946 1569 2994; x_wconf 74' lang='grc' dir='ltr'>ΑῙ</span> <span class='ocrx_word' id='word_1_308' title='bbox 1736 2959 1789 2996; x_wconf 82' lang='lat'>23</span> <span class='ocrx_word' id='word_1_309' title='bbox 1817 2951 1961 2997; x_wconf 85' lang='lat' dir='ltr'>potest</span> <span class='ocrx_word' id='word_1_310' title='bbox 1999 2947 2038 2985; x_wconf 88' lang='lat' dir='ltr'><em>T</em></span> 
     </span>
     <span class='ocr_line' id='line_1_37' title="bbox 277 3001 2029 3058; baseline -0.003 -12"><span class='ocrx_word' id='word_1_311' title='bbox 277 3021 330 3058; x_wconf 85' lang='lat'>24</span> <span class='ocrx_word' id='word_1_312' title='bbox 358 3021 454 3047; x_wconf 89' lang='lat' dir='ltr'>nam</span> <span class='ocrx_word' id='word_1_313' title='bbox 475 3013 518 3046; x_wconf 86' lang='lat' dir='ltr'>et</span> <span class='ocrx_word' id='word_1_314' title='bbox 539 3006 629 3047; x_wconf 86' lang='lat' dir='ltr'>alas</span> <span class='ocrx_word' id='word_1_315' title='bbox 651 3037 661 3047; x_wconf 89' lang='lat'>.</span> <span class='ocrx_word' id='word_1_316' title='bbox 690 3036 698 3046; x_wconf 93' lang='lat'><strong>.</strong></span> <span class='ocrx_word' id='word_1_317' title='bbox 722 3036 731 3046; x_wconf 91' lang='lat'><strong>.</strong></span> <span class='ocrx_word' id='word_1_318' title='bbox 754 3006 897 3045; x_wconf 91' lang='lat' dir='ltr'>dicunt</span> <span class='ocrx_word' id='word_1_319' title='bbox 918 3005 960 3043; x_wconf 91' lang='lat' dir='ltr'><em>A</em></span> <span class='ocrx_word' id='word_1_320' title='bbox 1114 3016 1165 3053; x_wconf 84' lang='lat'>25</span> <span class='ocrx_word' id='word_1_321' title='bbox 1194 3003 1335 3043; x_wconf 87' lang='lat' dir='ltr'>aliena</span> <span class='ocrx_word' id='word_1_322' title='bbox 1358 3002 1397 3043; x_wconf 90' lang='lat' dir='ltr'><em>T</em></span> <span class='ocrx_word' id='word_1_323' title='bbox 1528 3003 1581 3041; x_wconf 81' lang='lat'>26</span> <span class='ocrx_word' id='word_1_324' title='bbox 1610 3001 1715 3041; x_wconf 90' lang='lat' dir='ltr'>haec</span> <span class='ocrx_word' id='word_1_325' title='bbox 1737 3014 1791 3041; x_wconf 91' lang='lat' dir='ltr'>eo</span> <span class='ocrx_word' id='word_1_326' title='bbox 1810 3001 1852 3040; x_wconf 90' lang='lat' dir='ltr'><em>A</em></span> <span class='ocrx_word' id='word_1_327' title='bbox 1877 3015 1886 3040; x_wconf 70' lang='grc' dir='ltr'><strong>ε</strong></span> <span class='ocrx_word' id='word_1_328' title='bbox 1915 3006 1957 3040; x_wconf 86' lang='lat' dir='ltr'>et</span> <span class='ocrx_word' id='word_1_329' title='bbox 1977 3014 2029 3045; x_wconf 87' lang='lat' dir='ltr'>eo</span> 
     </span>
    </p>
   </div>
   <div class='ocr_carea' id='block_1_8' title="bbox 274 3054 1619 3108">
    <p class='ocr_par' dir='ltr' id='par_1_13' title="bbox 274 3054 1619 3108">
     <span class='ocr_line' id='line_1_38' title="bbox 274 3054 1619 3108; baseline -0.005 -6"><span class='ocrx_word' id='word_1_330' title='bbox 274 3062 377 3101; x_wconf 88' lang='lat' dir='ltr'>BC:</span> <span class='ocrx_word' id='word_1_331' title='bbox 407 3063 486 3101; x_wconf 88' lang='lat' dir='ltr'>hec</span> <span class='ocrx_word' id='word_1_332' title='bbox 508 3067 550 3102; x_wconf 87' lang='lat' dir='ltr'>et</span> <span class='ocrx_word' id='word_1_333' title='bbox 575 3061 614 3100; x_wconf 77' lang='lat' dir='ltr'><em>T</em></span> <span class='ocrx_word' id='word_1_334' title='bbox 745 3060 936 3100; x_wconf 84' lang='lat' dir='ltr'>defertur</span> <span class='ocrx_word' id='word_1_335' title='bbox 954 3060 995 3098; x_wconf 93' lang='lat' dir='ltr'><em>A</em></span> <span class='ocrx_word' id='word_1_336' title='bbox 1169 3071 1222 3108; x_wconf 88' lang='lat'>29</span> <span class='ocrx_word' id='word_1_337' title='bbox 1250 3057 1508 3098; x_wconf 86' lang='lat' dir='ltr'>simillimam</span> <span class='ocrx_word' id='word_1_338' title='bbox 1528 3054 1619 3095; x_wconf 87' lang='lat' dir='ltr'>AB</span> 
     </span>
    </p>
   </div>
  </div>
 </body>
</html>
