2176 3424
1044 116 1313 166 ISIDORI

309 254 426 301 pere
454 255 547 288 nec
574 241 762 289 infestis
788 240 1054 292 viminibus
1079 254 1227 308 caput
1251 246 1476 308 inserere,
1506 250 1592 298 sed
1618 254 2056 317 aversumfcaudae

304 320 484 370 ictibus
521 321 705 371 crebris
735 325 896 374 laxare
936 327 1063 376 fores
1100 336 1250 391 atque
1283 329 1349 378 ita
1383 340 1642 380 retrorsum
1680 334 1838 382 redire
1858 352 1870 394 3
1905 350 2054 397 quem

304 404 543 452 luctatum
577 406 680 453 eius
715 405 754 454 si
788 407 913 456 forte
951 408 1074 457 alius
1114 426 1309 460 escarus
1344 414 1644 463 extrinsecus
1682 414 1858 475 videat,
1887 417 2056 479 adpre—

224 497 279 543 31
304 485 459 533 hensa
498 485 748 536 mordicus
789 491 949 538 cauda
985 490 1219 541 adiuvare
1255 493 1390 543 nisus
1430 495 1746 559 erumpentis.
1822 498 2002 560 Sparus
2027 516 2055 548 a

301 567 474 615 lancea
511 567 695 617 missile
726 586 911 619 nomen
950 574 1105 631 traxit,
1145 577 1281 637 quod
1315 575 1538 625 eiusdem
1574 579 1755 641 figurae
1794 580 1869 628 sit.
1941 582 2055 628 Ter·
2078 604 2100 645 5

302 648 472 697 restria
498 651 629 698 enim
656 652 789 713 prius
816 651 1018 702 inventa
1043 665 1156 704 sunt
1183 673 1331 719 quam
1359 658 1561 708 marina.
1637 661 1768 708 Nam
1786 677 1955 724 sparus
1982 673 2054 711 est

212 742 276 788 32
302 732 453 779 telum
498 734 802 781 rusticanum
843 736 1042 795 missile,
1085 738 1148 786 ab
1189 742 1466 803 spargendo
1515 741 1719 790 dictum.
1815 745 2053 792 Australis

299 814 461 875 piscis,
491 815 591 863 sive
631 816 746 878 quia
782 833 1020 879 aquarum
1059 821 1246 869 undam
1283 838 1367 870 ore
1404 824 1622 886 suscipit,
1652 825 1754 873 sive
1783 827 1898 888 quia
1935 835 2053 875 tunc

301 892 422 961 [hic]
463 896 610 959 piscis
651 898 802 947 oritur
845 916 945 962 quo
977 910 1198 966 tempore
1232 906 1436 954 tendere
1473 908 1523 954 in
1560 923 1793 956 occasum
1826 908 2052 958 Pleiades

211 989 273 1035 33
299 977 565 1041 coeperint.
642 980 830 1030 Hamio
858 982 1070 1032 saxatilis
1108 986 1276 1034 dextra
1315 987 1609 1051 sinistraque
1645 988 1878 1038 lateribus
1904 989 2052 1054 virgis
2080 1012 2130 1040 10

299 1060 522 1122 puniceis
584 1062 834 1125 perpetuis
883 1063 1091 1128 aliisque
1139 1068 1468 1117 discoloribus
1516 1069 1830 1133 designatur,
1890 1073 2052 1121 dictus

204 1154 270 1201 34
298 1142 464 1191 hamio
492 1145 607 1205 quia
632 1160 734 1192 non
759 1147 949 1208 capitur
976 1147 1068 1196 nisi
1094 1150 1258 1198 hamo.
1331 1152 1594 1212 Echemus,
1623 1169 1797 1215 parvus
1834 1162 1883 1202 et
1913 1154 2053 1202 semi-

298 1224 490 1286 pedalis
517 1225 796 1288 pisciculuS‚
825 1243 1011 1277 nomen
1037 1233 1244 1294 sumpsit
1270 1234 1407 1295 quod
1437 1250 1614 1283 navem
1642 1235 1960 1284 adhaerendo
1986 1252 2053 1284 re-

297 1305 464 1355 tineat.
539 1309 710 1356 Ruant
758 1308 871 1357 licet
921 1310 1067 1370 venti,
1121 1313 1339 1362 saeviant
1387 1317 1645 1377 procellae,
1698 1315 1834 1364 navis
1885 1325 2051 1365 tamen

298 1388 437 1451 quasi
463 1389 679 1438 radicata
706 1389 755 1438 in
782 1391 902 1439 mari
929 1401 1054 1440 stare
1079 1393 1272 1443 videtur
1298 1413 1390 1444 nec
1417 1397 1615 1457 moveri,
1644 1414 1746 1445 non
1772 1397 2047 1459 retinendo,
2077 1421 2123 1461 15

295 1472 383 1519 sed
422 1474 774 1521 tantummodo
822 1474 1156 1523 adhaerendo.
1231 1479 1386 1526 Hunc
1437 1478 1598 1526 Latini
1647 1496 1835 1528 moram
1883 1482 2051 1543 appel-

206 1568 270 1617 35
294 1555 533 1614 laverunt,
564 1571 624 1602 eo
662 1555 798 1617 quod
835 1564 979 1618 cogat
1017 1565 1143 1605 stare
1180 1558 1385 1622 navigia.
1460 1562 1812 1624 Vranoscopus
1850 1570 2052 1610 vocatur

294 1635 358 1683 ab
384 1636 545 1694 oculo,
575 1653 723 1699 quem
750 1636 798 1684 in
827 1638 987 1701 capite
1014 1639 1177 1700 habet,
1206 1657 1235 1688 a
1271 1658 1371 1704 quo
1409 1659 1603 1706 semper
1640 1660 1786 1706 supra
1821 1643 2048 1692 intendit.

200 1721 269 1778 36
297 1717 504 1780 Millago
532 1717 830 1779 nominatus,
860 1719 974 1783 quia
1009 1722 1170 1770 evolat
1197 1739 1342 1786 super
1368 1741 1563 1787 aquam.
1640 1725 1850 1787 Quoties
1883 1733 2048 1774 autem

207 1814 269 1863 37
293 1799 506 1848 cernitur
546 1809 679 1848 extra
716 1817 897 1864 aquam
939 1802 1167 1864 volitans,
1211 1813 1529 1868 tempestates
1570 1807 1759 1855 mutari.
1835 1808 2046 1870 Squatus
2074 1831 2126 1859 20

293 1882 470 1942 dictus,
498 1886 635 1946 quod
669 1884 729 1933 sit
768 1885 987 1948 squamis
1027 1895 1214 1936 acutus.
1290 1890 1438 1938 Vnde
1481 1899 1529 1938 et
1568 1890 1671 1939 eius
1711 1899 1824 1939 cute
1861 1890 2047 1954 lignum

203 1971 268 2028 38
293 1964 487 2028 politur.
559 1965 745 2016 Civitas
784 1967 964 2030 Syriae,
995 1985 1122 2031 quae
1159 1987 1292 2018 nunc
1329 1973 1488 2034 Tyrus
1526 1971 1717 2038 dicitur,
1752 1972 1869 2021 olim
1909 1976 2049 2023 Sarra

294 2047 561 2096 vocabatur
586 2065 614 2096 a
638 2048 773 2112 pisce
799 2051 1017 2112 quodam
1057 2050 1140 2113 qui
1178 2051 1276 2100 illic
1313 2053 1549 2114 abundat,
1580 2070 1728 2117 quem
1766 2053 1931 2116 lingua
1961 2071 2049 2102 sua

297 2130 425 2176 ‘sar’
465 2131 745 2192 appellant3
807 2147 865 2179 ex
921 2149 1022 2194 quo
1071 2132 1347 2182 derivatum
1396 2144 1470 2184 est
1517 2135 1663 2183 huius
1713 2135 2048 2186 similitudinis

201 2220 270 2266 39
295 2210 558 2273 pisciculos
607 2213 774 2260 sardas
825 2212 1145 2277 sardinasque
1191 2215 1367 2263 vocari.
1482 2217 1622 2265 Allec
1671 2216 1936 2280 pisciculus
1984 2218 2048 2266 ad
2073 2238 2122 2280 25

200 2303 271 2350 40
295 2292 536 2355 liquorem
586 2295 995 2343 salsamentorum
1033 2295 1243 2345 idoneus
1262 2316 1274 2358 3
1325 2298 1459 2346 unde
1496 2307 1544 2346 et
1581 2307 1908 2362 nuncupatus.
1974 2302 2050 2350 ,A-

294 2376 479 2437 phorus
496 2375 774 2438 pisciculus,
798 2376 881 2439 qui
902 2386 1099 2440 propter
1117 2378 1429 2442 exiguitatem
1450 2381 1599 2428 hamo
1620 2380 1729 2443 capi
1750 2398 1851 2429 non
1870 2390 2046 2445 potest.

354 2505 372 2529 1
407 2492 583 2531 intextis
604 2492 651 2530 K
763 2492 941 2532 vimibus
962 2494 1031 2533 K:
1061 2494 1257 2533 humibus
1285 2494 1321 2532 T
1417 2495 1639 2534 adversam
1661 2496 1708 2534 K
1844 2509 1868 2534 2
1899 2497 2048 2536 crebro

297 2547 368 2585 K:
398 2548 586 2586 cerebris
611 2548 661 2586 C1
771 2548 829 2586 ita
849 2562 929 2587 om.
951 2549 987 2586 T
1093 2562 1160 2598 qu.
1189 2549 1413 2588 luctantem
1436 2550 1471 2588 si
1493 2549 1538 2587 K
1666 2562 1691 2598 3
1722 2564 1769 2590 se
1785 2551 1826 2590 Β
1938 2552 2046 2604 esc.]

297 2614 474 2640 scaurus
495 2602 534 2640 Κ
688 2616 712 2651 4
743 2603 847 2641 cada
876 2603 914 2641 T
1018 2609 1293 2654 erumpentes
1316 2603 1358 2640 B
1470 2603 1654 2653 Sparsus
1677 2604 1727 2643 C1
1879 2607 1905 2643 6
1935 2608 2047 2645 enim

297 2670 380 2696 om.
401 2656 448 2694 K
557 2670 814 2706 quamarena
834 2657 880 2695 K
991 2671 1166 2708 sparsus
1184 2658 1237 2697 C1
1352 2670 1373 2706 7
1402 2659 1540 2697 simile
1563 2659 1602 2698 T
1706 2659 1759 2698 ab
1778 2662 2048 2710 aspargendo

300 2712 334 2750 C
498 2712 523 2749 8
553 2713 663 2760 quod
682 2711 723 2748 Β
846 2712 1011 2762 quodB
1174 2727 1201 2763 9
1231 2713 1300 2751 hic
1321 2713 1411 2751 hab.
1443 2713 1495 2751 T:
1530 2727 1611 2754 om.
1635 2714 1778 2753 B1CK
1891 2717 1933 2753 in
1956 2728 2042 2754 occ.

297 2767 415 2805 tend.
445 2766 483 2804 T
592 2779 640 2804 10
670 2767 890 2816 ceperitK
998 2767 1124 2805 Amio
1148 2798 1156 2807 .
1179 2797 1188 2806 .
1214 2799 1221 2806 .
1244 2768 1354 2806 amio
1376 2798 1385 2807 .
1410 2799 1420 2808 .
1445 2798 1456 2807 .
1479 2781 1574 2807 amo
1591 2768 1704 2809 codd.
1818 2781 1863 2806 11
1897 2770 2046 2808 colori-

295 2822 376 2859 bus
396 2819 437 2858 Β
568 2821 707 2860 dictus
736 2834 816 2860 om.
843 2820 889 2858 K
1054 2834 1103 2860 12
1132 2823 1245 2871 quod
1266 2821 1312 2860 K
1440 2822 1639 2862 Echinais
1661 2823 1722 2862 C:
1752 2823 1963 2862 Ecenahis
1990 2824 2044 2864 T:

296 2876 521 2914 Echenaus
542 2875 630 2914 ΒΚ
749 2876 814 2927 et]
835 2889 882 2914 ac
911 2876 948 2914 T
1113 2890 1160 2925 13
1191 2875 1376 2927 piscolus
1399 2876 1542 2929 (-cul·)
1562 2877 1647 2917 KC
1765 2883 1844 2917 ret.
1865 2878 1961 2917 adh.
1982 2878 2042 2918 C:

296 2930 458 2969 erendo
479 2937 556 2969 ret.
586 2930 624 2968 T
682 2964 686 2971 ,
745 2943 793 2979 14
823 2930 988 2982 tamen]
1010 2937 1110 2970 tunc
1130 2931 1176 2969 K
1308 2942 1356 2980 15
1387 2933 1614 2971 renitendo
1633 2931 1744 2971 Ptin.
1767 2931 1822 2972 N.
1845 2932 1905 2972 H.
1928 2945 1995 2982 32.
2018 2947 2043 2971 2

300 2998 346 3034 17
376 2990 552 3024 vocatus
572 2984 613 3022 Β
779 2997 829 3035 19
860 2985 1045 3035 Milvago
1065 2985 1154 3025 edd.
1314 2999 1366 3024 20
1396 3000 1525 3037 aquas
1545 2987 1586 3024 Β
1714 2993 1878 3026 mutare
1896 2986 2049 3026 B1DK

297 3052 382 3079 mu.
405 3039 604 3090 designat
623 3039 669 3078 K
685 3053 693 3079 ι
725 3052 807 3079 mu.
827 3041 1019 3079 ostendit
1044 3039 1082 3079 T
1245 3053 1292 3079 21
1325 3041 1460 3081 acutis
1484 3040 1520 3080 C
1679 3054 1732 3079 22
1759 3054 1851 3081 voc.
1873 3054 1992 3080 sarra
2014 3042 2049 3081 C

295 3107 485 3188 {33Kquae
506 3095 612 3187 in6li.
631 3093 678 3132 K
700 3150 709 3158 -
772 3095 1005 3188 t24Kmius
1017 3108 1102 3134 om.
1117 3094 1801 3190 KsmmpssCpiEchloseiargffanh
1839 3096 2044 3188 Ipisculus

511 3163 535 3188 2
598 3162 768 3189 nomma
789 3162 839 3188 ur
1050 3163 1099 3199 27
1131 3163 1174 3199 p1
1601 3181 1610 3190 .
1806 3180 1814 3189 .
