2176 3424
1037 93 1310 141 ISIDORI

296 218 476 266 terfluit
500 220 633 267 enim
659 236 742 268 eas
766 219 940 268 amnis.
1016 221 1216 270 Cornua
1239 230 1485 272 extremae
1514 233 1673 286 partes
1698 234 2041 273 antemnarum

240 302 271 350 8
295 308 424 359 sunt,
451 299 613 349 dictae
638 317 724 364 per
748 310 959 364 tropum.
1034 304 1200 351 Malus
1226 312 1300 352 est
1323 303 1468 352 arbor
1491 305 1628 355 navis
1653 322 1751 369 qua
1775 308 1882 356 vela
1907 307 2047 356 susti-

295 391 488 430 nentur.
563 384 728 431 Malus
753 392 920 432 autem
946 382 1108 432 dictus
1132 384 1248 448 quia
1273 386 1424 435 habet
1448 386 1598 436 instar
1624 388 1739 436 mali
1770 388 1820 437 in
1846 389 2045 438 summi-

295 471 408 523 tate,
430 465 506 512 vel
532 463 646 526 quia
663 463 1119 527 quasiquibusdam
1140 467 1378 516 malleolis
1398 467 1569 531 ligneis
1590 468 1810 533 cingitur,
1834 488 2044 534 quorum

235 553 271 601 9
295 544 601 594 volubilitate
618 547 725 595 vela
745 545 934 594 facilius
954 548 1221 597 elevantur.
1274 549 1480 599 Modius
1500 560 1573 600 est
1589 551 1669 599 cui
1687 554 1832 602 arbor
1850 552 2041 613 insistit,
2070 571 2091 610 5

295 626 361 674 ob
397 626 771 676 similitudinem
809 629 1097 678 mensuralis
1134 629 1260 679 vasis
1296 631 1472 680 dictus.
1547 633 1811 683 Carchesia
1846 645 1959 684 sunt
1994 636 2045 684 in

294 708 553 757 cacumine
580 709 769 758 arboris
803 711 1063 770 trochleae,
1093 712 1233 775 quasi
1265 715 1303 760 F
1332 714 1504 774 littera,
1533 731 1618 777 per
1648 732 1745 778 qua
1779 717 1919 766 funes
1952 726 2041 766 tra—

294 791 491 839 huntur.
564 790 726 841 Cinna
753 791 854 857 (4):

632 872 823 922 Lucida
859 875 1146 937 confulgent
1180 875 1267 924 alti
1302 877 1550 926 carchesia
1587 878 1715 928 mali.
1939 936 1942 939 Α

210 964 268 999 10
292 955 566 1003 Trochleae
591 965 758 1004 autem
793 965 996 1004 vocatae
1030 959 1166 1019 quod
1195 960 1378 1006 rotulas
1415 960 1631 1009 habeant
1652 979 1665 1021 ,-
1713 963 1880 1026 τροχὸς
1909 963 2041 1011 enim
2069 978 2118 1005 10

221 1046 266 1080 11
293 1036 481 1084 Graece
507 1045 611 1085 rota
637 1036 826 1085 dicitur.
903 1041 1182 1087 Parastatae
1207 1038 1395 1102 stipites
1421 1051 1534 1089 sunt
1566 1059 1705 1105 pares
1731 1052 1914 1092 stantes
1941 1048 2044 1108 qui-

294 1116 384 1164 bus
409 1118 553 1166 arbor
579 1117 860 1167 sustinetur.
922 1120 1051 1170 Cato
1070 1119 1187 1185 (inc.
1216 1121 1320 1185 18):
1364 1124 1583 1171 ‘Malum
1605 1125 1886 1187 deligatum,
1910 1143 2043 1190 para-

213 1209 268 1243 12
290 1208 444 1248 statae
470 1199 693 1249 vinctae.’
755 1203 936 1251 Clavus
963 1212 1036 1251 est
1051 1219 1152 1265 quo
1178 1204 1356 1266 regitur
1374 1205 1777 1267 gubernaculum.
1840 1210 1918 1257 De
1943 1226 2042 1271 quo

291 1280 480 1328 Ennius
508 1281 661 1345 (Ann.
690 1282 810 1347 483)
835 1303 843 1331 :

423 1365 490 1411 Vt
526 1365 719 1412 clavum
756 1374 944 1413 rectum
983 1375 1179 1416 teneam
1217 1384 1494 1431 navemque
1528 1369 1814 1431 gubernem.
2068 1384 2115 1424 15

210 1459 265 1506 13
290 1443 564 1493 Porticulus
596 1447 800 1494 malleus
826 1445 876 1494 in
913 1463 1063 1495 manu
1089 1457 1324 1510 portatus,
1353 1466 1453 1512 quo
1486 1452 1639 1500 modo
1670 1451 1863 1515 signum
1898 1454 2042 1502 datur

288 1521 654 1585 remigantibus.
731 1526 809 1573 De
834 1541 934 1587 quo
961 1527 1163 1574 Plautus
1190 1527 1349 1589 (Asin.
1371 1527 1490 1593 518)
1515 1548 1523 1578 :

356 1605 437 1652 Ad
475 1605 783 1667 loquendum
820 1615 970 1668 atque
1007 1609 1274 1656 tacendum
1312 1618 1416 1658 tute
1452 1611 1606 1659 habes
1642 1611 1956 1674 porticulum.

209 1696 266 1745 14
290 1683 510 1733 Tonsilla
534 1685 745 1734 uncinus
772 1688 953 1736 ferreus
979 1691 1055 1737 vel
1086 1688 1274 1752 ligneus
1303 1692 1368 1740 ad
1399 1708 1548 1754 quem
1579 1694 1628 1740 in
1654 1692 1794 1742 litore
1819 1695 2035 1743 defixum

287 1767 429 1815 funes
454 1766 654 1815 navium
682 1767 958 1831 inligantur.
1035 1772 1114 1820 De
1139 1788 1238 1834 quo
1266 1772 1458 1820 Ennius
1485 1773 1635 1837 (Ann.
1665 1774 1785 1839 499)
1811 1796 1819 1824 z
2061 1800 2114 1828 20

558 1849 806 1898 Tonsillas
843 1850 1029 1913 apiunt,
1070 1853 1325 1915 configunt
1362 1853 1488 1913 litus,
1528 1857 1762 1905 aduncas.

207 1946 262 1994 15
285 1932 520 1978 Anchora
545 1932 668 1980 dens
689 1933 870 1981 ferreus
896 1950 953 1981 ex
980 1933 1170 1983 Graeca
1190 1936 1487 1999 etymologia
1512 1953 1696 1987 nomen
1721 1940 1871 1999 ducit,
1899 1941 2036 2002 quod

342 2070 358 2095 1
392 2059 504 2096 enim
526 2072 607 2098 om.
630 2059 677 2098 K
693 2060 797 2110 (14014
824 2061 883 2110 U)
1097 2076 1122 2112 3
1153 2063 1250 2113 quia
1276 2063 1348 2102 ΤΒ
1368 2064 1436 2113 (ex
1453 2067 1571 2116 qua):
1600 2069 1711 2117 quod
1732 2068 1778 2106 K
1937 2071 2034 2108 mali

283 2111 398 2151 Serv.
422 2113 480 2150 ad
496 2114 601 2152 Aen.
624 2126 661 2164 5,
682 2116 759 2165 487
782 2129 791 2154 ε
822 2116 931 2154 male
951 2116 1062 2156 codd.
1253 2132 1277 2167 4
1307 2120 1428 2168 quasi
1450 2134 1532 2160 om.
1556 2120 1603 2159 K
1754 2123 1946 2163 maleolis
1965 2125 2034 2164 K:

284 2166 404 2205 malis
425 2166 565 2206 Servii
577 2168 688 2208 codd.
801 2183 978 2220 quorum
999 2172 1080 2212 vol.
1102 2185 1186 2213 om.
1214 2173 1252 2211 T
1270 2174 1383 2224 (vela
1403 2188 1452 2213 ex
1469 2176 1589 2227 corr.)
1757 2190 1782 2226 5
1811 2178 1976 2218 obsistit
1992 2179 2038 2217 K
2052 2211 2054 2213 >
2086 2229 2091 2231 μ

283 2223 308 2258 6
339 2220 537 2261 Carceria
558 2223 668 2263 codd.
837 2238 858 2274 7
891 2226 1085 2265 acumine
1116 2226 1171 2265 T:
1203 2228 1366 2267 camine
1386 2228 1442 2267 B1
1555 2231 1718 2270 arboris
1738 2245 1786 2270 ex
1803 2233 1970 2272 ardoris
1990 2233 2037 2271 K

283 2276 468 2314 trocleae
506 2278 553 2316 K
571 2291 579 2315 ε
628 2279 802 2318 trocliae
838 2280 924 2319 BT
1127 2282 1147 2320 f
1177 2281 1382 2334 (expunct.
1398 2285 1428 2334 3)
1478 2286 1538 2324 T:
1582 2299 1664 2324 om.
1704 2286 1832 2328 B1K:
1873 2301 1929 2326 α14
1980 2288 2031 2328 T?

283 2342 362 2379 per
382 2344 505 2380 quam
526 2331 573 2370 K
580 2332 617 2370 T
857 2348 883 2384 9
913 2335 1026 2374 ludia
1045 2334 1101 2372 Bl
1315 2339 1502 2377 carceria
1521 2339 1611 2378 ΒΚ
1627 2340 1765 2380 Μο14.;
1796 2341 1974 2381 calceria
2001 2342 2040 2381 T

282 2384 385 2423 mari
401 2385 446 2423 K
463 2386 565 2434 (non
580 2386 659 2435 N):
690 2388 810 2427 malis
825 2389 883 2427 B1
990 2402 1039 2430 10
1069 2390 1272 2430 Trocleae
1293 2391 1361 2431 K:
1391 2392 1585 2434 Trocliae
1605 2395 1693 2434 BT
1790 2409 1835 2434 11
1869 2396 2032 2436 Graece

282 2453 366 2478 om.
398 2438 487 2477 KN
775 2443 1022 2484 Parastatae
1054 2476 1062 2484 .
1095 2475 1105 2485 .
1140 2477 1148 2486 .
1180 2452 1341 2485 stantes
1371 2461 1452 2486 om.
1484 2447 1554 2488 K:
1588 2454 1686 2501 post
1713 2451 1809 2489 mali
1840 2452 1882 2501 (ξ
1913 2454 1958 2502 9)
1989 2451 2036 2489 N

284 2494 385 2544 (14014
405 2494 589 2545 DEFIJ)
776 2510 824 2536 12
855 2499 962 2537 Cato
985 2532 993 2541 .
1017 2530 1026 2539 .
1056 2530 1066 2539 .
1086 2500 1253 2539 vinctae
1275 2515 1357 2542 om.
1382 2501 1511 2541 KNP
1672 2505 1900 2555 deligatum
1922 2505 2031 2545 DE:

282 2548 498 2597 diligatum
519 2550 620 2591 BF:
652 2550 866 2602 deligatur
891 2553 994 2592 TU:
1025 2554 1225 2604 diligatur
1249 2555 1300 2593 V1
1468 2569 1517 2606 13
1547 2571 1629 2607 qua
1644 2559 1686 2598 Β
1822 2561 2030 2609 goberna-

282 2602 422 2640 colum
444 2603 490 2640 K
508 2605 610 2656 (14011
632 2605 695 2658 N)
881 2620 928 2657 15
960 2609 1123 2647 clavum
1142 2623 1224 2649 0144.
1248 2609 1338 2648 ΚΝ
1354 2610 1456 2660 (14014
1476 2610 1581 2662 DE)
1737 2627 1966 2664 governem
1986 2614 2034 2653 K

285 2659 383 2708 (non
403 2657 502 2708 NP)
769 2663 818 2699 16
849 2661 1088 2702 Porticolus
1110 2663 1158 2701 K
1334 2665 1497 2706 malleis
1515 2667 1558 2704 B
1735 2675 1928 2718 portatur
1946 2669 2034 2708 ΒΚ

283 2713 408 2750 modo
429 2713 598 2762 signum
621 2713 731 2753 KT:
761 2717 911 2755 modus
932 2719 1186 2768 signumque
1206 2718 1247 2756 B
1458 2722 1506 2759 18
1535 2721 1636 2760 abes
1656 2721 1697 2760 B
1716 2737 1725 2762 :
1753 2723 1844 2762 avis
1862 2722 1910 2760 K
1928 2725 2029 2773 (non

282 2764 329 2802 Ν
336 2766 476 2818 Mon.)
598 2769 851 2819 porticolum
870 2772 917 2809 K
935 2773 1036 2819 (non
1053 2772 1116 2822 N)
1254 2786 1304 2823 19
1332 2775 1384 2812 ad
1404 2787 1531 2824 quam
1551 2774 1641 2814 KN
1774 2791 1826 2816 20
1854 2778 1965 2816 funis
1986 2777 2034 2817 K

283 2819 512 2869 inligantur
531 2823 632 2863 BT:
665 2823 844 2874 inligant
864 2824 954 2863 KN
1085 2828 1139 2866 de
1160 2840 1242 2878 qua
1262 2827 1354 2866 KN
1370 2830 1472 2881 (non
1491 2830 1550 2880 E)
1752 2845 1801 2870 21
1833 2832 2027 2873 tonsillas

281 2874 429 2923 apiunt
448 2875 539 2915 DK
553 2892 562 2916 ε
599 2877 943 2929 tonsillasapiunt
973 2881 1074 2922 FN:
1115 2882 1287 2921 tonsilla
1315 2883 1484 2934 sapiunt
1504 2884 1693 2924 ΒΜΡΕ2
1720 2891 1767 2924 ut
1794 2886 1892 2926 vid.:
1934 2893 2026 2927 ton-

280 2927 395 2968 sillas
422 2933 595 2981 sapiunt
630 2932 754 2971 TUV
769 2948 778 2973 :
815 2935 1028 2974 tonsillam
1057 2936 1226 2987 sapiunt
1245 2936 1301 2975 E1
1323 2943 1371 2977 ut
1387 2938 1490 2979 vz'd.:
1527 2938 1719 2980 tonsillas
1740 2941 1907 2991 rapiunt
1938 2941 2025 2982 edd.

281 2983 484 3025 aduncias
501 2985 642 3025 KMN
659 2989 761 3038 (14014
781 2987 968 3042 DFUV)
1076 3004 1128 3028 22
1156 2990 1325 3031 Ancora
1354 2992 1391 3030 T
