2228 3444
1082 165 1353 214 ISIDORI

248 301 313 361 38
338 304 523 367 Zelpha
543 318 597 351 os
623 300 778 349 hians.
854 300 973 347 Bala
998 297 1279 345 inveterata.
1343 293 1475 343 Dina
1494 294 1777 343 transfertur
1797 292 1846 340 in
1873 309 2084 341 causam.

243 403 313 450 39
340 385 489 449 Iurgii
521 384 654 434 enim
685 382 734 431 in
766 380 995 431 Sichimis
1026 395 1175 428 causa
1204 376 1376 426 extitit.
1448 377 1666 425 Thamar
1694 374 1972 424 amaritudo
1997 391 2086 438 pro

336 468 448 518 viris
474 466 694 516 mortuis.
759 467 889 514 Item
909 472 956 512 et
982 468 1313 512 commutans.
1375 458 1589 508 Mutavit
1609 457 1742 507 enim
1762 474 1813 507 se
1839 457 1890 505 in
1914 456 2086 506 habitu

242 569 313 616 40
337 548 618 610 meretricis,
648 547 851 611 quando
876 562 991 594 cum
1019 560 1192 593 socero
1217 558 1307 591 suo
1329 539 1612 590 concubuit.
1686 541 1868 588 Phares
1894 538 2085 599 divisio,

337 633 401 681 ab
428 650 488 682 eo
514 632 650 695 quod
677 627 893 678 diviserit
926 626 1270 676 membranula
1299 624 1642 682 secundarum,
1672 620 1909 682 divisoris,
1938 621 1988 670 id
2018 630 2091 669 est
2115 643 2136 684 5

342 717 532 779 phares,
565 711 764 761 sortitus
796 719 870 759 est
901 724 1100 757 nomen.
1177 707 1326 755 Vnde
1362 714 1411 755 et
1448 703 1710 763 Pharisaei,
1744 702 1828 766 qui
1865 719 1916 752 se
1952 701 2091 766 quasi

259 816 317 862 41
342 797 496 846 iustos
530 813 558 844 a
594 795 781 857 populo
815 791 1123 855 separabant,
1157 788 1300 838 divisi
1333 786 1725 851 appellabantur.
1796 788 1917 833 Zara
1948 786 2093 834 frater

340 876 458 936 eius,
494 874 547 941 in*
574 872 713 921 cuius
746 888 895 919 manu
935 879 1036 918 erat
1073 869 1350 927 coccinum,
1384 866 1727 929 interpretatur
1763 864 1924 913 oriens
1943 882 1957 924 3
1992 863 2093 912 sive

339 959 454 1021 quia
479 956 665 1020 primus
692 954 932 1018 apparuit,
963 951 1064 1001 sive
1085 951 1222 1014 quod
1248 948 1445 1014 plurimi
1466 965 1523 997 ex
1548 964 1609 997 eo
1630 946 1742 995 iusti
1761 945 1862 995 nati
1889 954 2016 1004 sunt,
2039 955 2092 994 ut

340 1041 391 1089 in
416 1040 542 1088 libro
570 1038 987 1100 Paralipomenon
1014 1033 1310 1092 continetur,
1343 1034 1479 1091 Zara,
1508 1030 1558 1080 id
1580 1039 1653 1079 est
1678 1030 1854 1087 oriens,
1882 1029 2093 1091 appella·
2118 1049 2166 1077 10

251 1139 317 1186 42
342 1133 420 1172 tus
446 1131 532 1171 est.
609 1120 705 1169 Iob
732 1119 782 1167 in
808 1117 1042 1167 Latinum
1070 1115 1271 1165 vertitur
1297 1116 1471 1163 dolens
1491 1132 1502 1174 3
1540 1122 1588 1162 et
1614 1120 1744 1161 recte
1769 1112 1959 1170 dolens,
1986 1127 2093 1174 pro-

342 1215 448 1269 pter
478 1203 851 1268 percussionem
885 1199 1044 1249 carnis
1082 1207 1131 1248 et
1165 1196 1418 1262 passiones
1456 1196 1699 1244 dolorum.
1775 1191 2093 1243 Calamitates

255 1305 319 1352 43
342 1287 475 1338 enim
513 1302 624 1335 suas
663 1282 880 1333 nominis
919 1280 1217 1344 etymologia
1253 1278 1608 1343 praefiguravit.
1683 1277 1875 1324 Pharao
1909 1291 2095 1323 nomen

343 1379 416 1419 est
442 1386 543 1418 non
569 1365 802 1426 hominis,
832 1367 920 1414 sed
951 1363 1169 1424 honoris,
1197 1362 1323 1411 sicut
1349 1370 1396 1410 et
1422 1360 1556 1423 apud
1582 1375 1673 1408 nos
1699 1356 1910 1420 Augusti
1933 1357 2095 1420 appel-

342 1455 504 1501 lantur
530 1466 680 1514 regeS,
710 1466 824 1497 cum
855 1446 1064 1511 propriis
1097 1443 1384 1494 nominibus
1415 1449 1723 1491 censeantur.
1796 1438 2096 1502 Exprimitur
2121 1457 2165 1498 15

342 1543 509 1583 autem
536 1532 585 1580 in
613 1530 793 1580 Latino
821 1530 1014 1578 Pharao
1040 1528 1292 1590 denegans
1319 1542 1447 1585 eum,
1471 1523 1640 1586 utique
1667 1524 1847 1580 Deum,
1877 1520 1979 1570 sive
2002 1519 2097 1569 dis-

249 1634 319 1682 44
345 1616 529 1681 sipator
554 1613 674 1664 eius.
749 1610 926 1675 Populi
953 1609 1085 1660 enim
1116 1608 1211 1657 Dei
1242 1606 1332 1656 fuit
1359 1605 1579 1655 afflictor.
1653 1606 1835 1653 Iannes
1862 1602 2092 1662 marinus,

345 1698 446 1748 sive
472 1697 558 1746 ubi
583 1706 656 1746 est
683 1695 893 1760 signum.
967 1691 1130 1743 Cessit
1151 1690 1282 1740 enim
1305 1699 1353 1739 et
1379 1687 1560 1738 defecit
1580 1687 1774 1750 signum
1801 1685 1904 1735 eius
1930 1701 2096 1734 coram

289 1802 295 1807 ’
346 1780 495 1844 signis
523 1779 688 1842 Moysi
710 1796 723 1839 3
771 1778 906 1826 unde
932 1785 981 1825 et
1005 1774 1236 1824 dixerunt
1262 1771 1391 1836 magi
1419 1771 1655 1835 (Exod.8,
1673 1768 1753 1833 19)
1775 1788 1784 1817 x
1826 1773 1836 1793 ‘
1855 1767 1956 1816 Hic
1980 1766 2099 1830 digi-

259 1879 325 1929 45
347 1872 424 1912 tus
463 1862 560 1912 Dei
597 1862 699 1911 est.>
772 1858 1026 1908 Mambres
1065 1872 1198 1905 mare
1235 1853 1485 1918 pellicium
1523 1852 1624 1901 sive
1659 1868 1794 1899 mare
1832 1850 1882 1898 in
1922 1849 2095 1912 capite.
2125 1867 2174 1894 20

251 1954 323 2013 46
350 1944 583 2008 Denique
635 1945 836 2006 Moyses
886 1940 1234 2002 interpretatur
1282 1944 1508 1999 sumptus
1557 1951 1615 1983 ex
1662 1949 1805 1995 aqua.
1903 1931 2100 1980 Invenit

349 2045 463 2077 eum
489 2028 553 2075 ad
590 2026 747 2089 ripam
784 2021 1002 2072 fluminis
1033 2018 1312 2083 expositum
1345 2017 1444 2065 filia
1470 2013 1755 2074 Pharaonis,
1784 2030 1934 2077 quem
1971 2013 2102 2061 colli-

348 2126 467 2172 gens
494 2105 748 2170 adoptavit
775 2104 867 2154 sibi
890 2123 903 2165 3
941 2101 1234 2164 vocavitque
1267 2116 1452 2148 nomen
1483 2097 1589 2148 eius
1617 2098 1843 2160 Moysen,
1872 2111 1932 2144 eo
1966 2096 2102 2158 quod

260 2204 326 2253 47
351 2192 414 2240 de
450 2206 580 2252 aqua
616 2186 906 2250 sumpsisset
944 2202 1073 2233 eum.
1148 2185 1316 2231 Aaron
1353 2197 1496 2229 mons
1536 2177 1836 2228 fortitudinis
1873 2178 2102 2237 interpre-

351 2281 494 2331 tatur,
534 2278 734 2334 propter
783 2269 921 2331 quod
973 2265 1245 2315 turibulum
1298 2261 1547 2324 accipiens
1585 2262 1635 2308 in
1672 2258 1839 2309 medio
1876 2254 2103 2321 supersti-
2128 2272 2175 2312 25

352 2364 458 2403 tum
497 2362 544 2402 et
584 2352 991 2414 interemptorum
1030 2346 1229 2396 obviam
1268 2344 1414 2405 stetit,
1443 2353 1491 2392 et
1527 2342 1718 2391 ruinam
1756 2339 1926 2391 mortis
1963 2337 2103 2401 quasi

413 2497 430 2521 1
464 2495 512 2522 os
533 2482 626 2521 iens
647 2479 791 2520 BCT:
823 2478 964 2518 oriens
986 2476 1033 2515 K
1168 2488 1193 2524 3
1223 2475 1334 2514 idem
1354 2471 1464 2511 BT:
1495 2472 1640 2511 eadem
1666 2472 1701 2510 C
1862 2481 1886 2519 5
1917 2469 2104 2508 membra

356 2538 512 2578 nullam
536 2535 587 2575 C1
754 2533 971 2573 divisioris
998 2532 1053 2572 T:
1084 2529 1303 2570 divisionis
1322 2527 1607 2576 Hieronymus
1771 2526 1813 2564 id
1834 2523 1920 2575 est]
1942 2524 2041 2562 inde
2062 2529 2105 2562 et

356 2592 397 2631 B
507 2594 533 2630 6
563 2590 666 2630 faris
686 2591 749 2629 B:
782 2589 894 2628 fares
917 2586 1040 2627 CKT
1146 2586 1260 2623 unde
1281 2583 1355 2623 far.
1377 2582 1418 2620 Β
1530 2594 1551 2630 7
1581 2579 1792 2631 apopolos
1813 2579 1882 2618 K:
1911 2578 2104 2628 apostolo

359 2647 409 2686 Cl
575 2659 602 2696 9
630 2644 695 2696 ut]
718 2650 760 2683 et
787 2643 824 2681 T
946 2656 995 2681 10
1024 2641 1067 2679 in
1088 2654 1171 2679 om.
1194 2638 1238 2678 K
1260 2639 1360 2689 (non
1380 2637 1444 2687 Α)
1586 2636 1691 2674 Zara
1713 2667 1717 2670 .
1747 2665 1758 2675 .
1780 2664 1790 2675 .
1812 2647 1911 2684 app.
1932 2639 1998 2672 est
2017 2646 2100 2672 om.

358 2702 404 2740 K
422 2704 527 2752 (non
548 2701 613 2753 A)
729 2712 773 2737 11
808 2703 873 2737 est
893 2711 976 2738 om.
1008 2696 1044 2734 T
1151 2694 1299 2734 dolens
1323 2691 1438 2743 (alt.)
1460 2705 1542 2731 om.
1568 2690 1645 2730 CT
1773 2701 1820 2727 12
1850 2701 1965 2738 perc.
1990 2699 2102 2726 carn.

360 2764 402 2796 et
423 2756 667 2807 passionem
690 2754 827 2793 carnis
849 2758 891 2791 et
911 2751 1122 2802 passionis
1143 2749 1334 2788 dolorem
1355 2745 1401 2783 K
1421 2747 1523 2798 (non
1544 2746 1610 2796 A)
1819 2742 2028 2793 passionis
2047 2740 2103 2778 Β1

356 2809 605 2851 calamitatis
625 2807 723 2846 B1C
951 2819 999 2855 14
1030 2806 1140 2845 sicut
1160 2803 1272 2843 enim
1294 2808 1336 2841 et
1363 2800 1421 2840 T:
1451 2800 1558 2839 sicut
1580 2800 1625 2838 K
1856 2802 2035 2846 angusta
2057 2795 2107 2834 Cl

363 2869 412 2905 16
441 2863 605 2915 autem]
628 2864 741 2902 enirn
760 2862 800 2900 Β
940 2860 1061 2912 dem]
1085 2859 1305 2898 denudans
1325 2856 1450 2895 Arev.
1570 2867 1615 2903 17
1648 2850 1856 2902 marinus]
1880 2863 2041 2890 marsus
2062 2848 2109 2887 K

361 2926 463 2971 (non
483 2920 547 2973 A)
665 2919 713 2956 18
744 2918 822 2967 sig.
843 2917 935 2955 eius
957 2929 1041 2955 cor.
1065 2913 1176 2953 enim
1198 2911 1329 2961 signis
1348 2910 1466 2960 Moy.
1490 2922 1574 2948 ces.
1600 2913 1642 2946 et
1663 2907 1747 2947 des.
1769 2907 1934 2955 signum
1957 2905 2048 2944 eius
2063 2903 2109 2941 K

361 2978 469 3028 (non
488 2974 552 3024 A)
724 2985 775 3022 19
803 2972 872 3010 hic
893 2984 977 3010 om.
1000 2969 1042 3007 B
1205 2980 1260 3006 20
1289 2965 1542 3016 pellicosum
1562 2962 1608 3001 K
1626 2961 1723 3014 (pro
1739 2961 2025 3011 perliquosum
2043 2959 2075 3010 ζ)
2097 2973 2106 2998 :

361 3028 619 3081 pellucidum
638 3026 765 3067 Arev.
931 3037 978 3063 21
1011 3025 1094 3063 inv.
1118 3021 1231 3061 enim
1252 3033 1348 3059 eum
1370 3018 1411 3056 B
1544 3029 1598 3067 23
1626 3015 1864 3066 adportavit
1893 3014 1930 3052 T
2033 3012 2106 3064 eo]

362 3097 443 3133 ego
466 3083 515 3123 Ο
792 3092 842 3130 25
872 3080 1193 3130 superstitutum
1214 3074 1256 3113 B
1275 3089 1284 3114 :
1313 3071 1611 3124 supraestitum
1633 3070 1790 3124 (subp-‚
1812 3069 1946 3122 -pre-)
1974 3066 2072 3107 C1K
2077 3067 2114 3105 T

365 3140 418 3177 26
448 3138 585 3178 obiam
608 3136 735 3190 (ovi-)
763 3135 836 3174 TC
