2176 3424
1049 106 1322 154 ISIDORI

310 244 415 283 tum
457 234 495 283 si
536 234 655 297 quid
699 233 948 298 sanguinis
988 235 1212 283 nondum
1258 236 1400 284 fuerit
1441 236 1563 285 uteri
1605 236 1908 286 nutrimento
1948 254 2061 285 con-

311 325 580 379 sumptum,
613 315 823 365 naturali
865 325 1030 365 meatu
1064 315 1170 364 fluit
1203 315 1253 364 in
1296 333 1551 377 mammas,
1593 327 1641 366 et
1678 335 1846 367 earum
1883 317 2059 366 virtute

225 396 286 455 78
309 397 567 447 albescens
592 396 731 446 lactis
756 396 935 461 accipit
961 396 1264 460 qualitatem.
1350 398 1492 448 Cutis
1518 408 1591 448 est
1617 417 1743 463 quae
1777 399 1827 448 in
1853 418 2058 464 corpore
2153 395 2176 463 1

307 478 464 544 prima
501 490 587 539 est,
614 481 860 544 appellata
886 480 1022 542 quod
1047 478 1153 543 ipsa
1182 481 1371 543 corpori
1418 481 1725 545 superposita
1766 481 2056 532 incisionem

306 561 464 626 prima
504 561 744 625 patiatur:
784 583 905 612 κυτις
943 560 1075 609 enim
1115 563 1304 611 Graece
1337 561 1512 611 incisio
1548 562 1740 612 dicitur.
1815 565 1958 613 Idem
2008 573 2056 613 et
2084 589 2106 629 5

306 644 461 708 pelliS,
490 645 627 708 quod
657 653 879 693 externas
910 642 1109 692 iniurias
1147 645 1365 708 corporis
1402 646 1617 708 tegendo
1649 646 1811 708 pellat,
1848 645 2057 708 pluvias-

212 738 280 788 79
305 744 402 791 que
445 737 492 776 et
533 737 708 777 ventos
748 725 967 790 solisque
1005 727 1203 775 ardores
1252 728 1475 790 perferat.
1549 726 1695 776 Pellis
1732 735 1898 776 autem
1941 742 2056 776 mox

305 812 555 859 detracta:
612 809 817 858 subacta
859 811 954 857 iam
998 807 1185 856 corium
1236 808 1426 856 dicitur.
1515 808 1721 859 Corium
1763 818 1930 857 autem
1970 825 2055 871 per

305 892 659 940 derivationem
679 908 792 940 caro
818 889 1096 953 appellavit,
1120 891 1255 952 quod
1273 906 1332 938 eo
1350 898 1538 954 tegatur
1560 911 1567 939 :
1607 892 1693 939 sed
1716 889 1878 939 hocin
1899 889 2053 939 brutis

211 977 279 1024 80
301 972 599 1022 animalibus
626 972 893 1036 proprium.
971 971 1081 1020 Pori
1112 971 1330 1035 corporis
1357 973 1549 1021 Graeco
1577 972 1780 1021 nomine
1806 974 2054 1037 appellan-
2085 997 2132 1028 10

304 1066 392 1116 tur,
422 1057 505 1120 qui
540 1055 715 1104 Latine
752 1053 946 1118 proprie
981 1055 1280 1116 spiramenta
1317 1052 1562 1114 dicuntur,
1591 1071 1651 1102 eo
1683 1056 1819 1117 quod
1850 1071 1935 1117 per
1969 1070 2055 1102 eos

224 1143 277 1190 81
302 1136 523 1186 vivificus
567 1135 763 1200 spiritus
804 1135 1013 1184 exterius
1054 1134 1367 1184 ministretur.
1458 1134 1642 1184 Arvina
1683 1145 1756 1184 est
1798 1135 2053 1199 pinguedo

302 1218 401 1267 cuti
439 1220 726 1268 adhaerens.
803 1219 959 1280 Pulpa
997 1226 1068 1265 est
1107 1234 1220 1266 caro
1257 1217 1363 1266 sine
1400 1217 1716 1281 pinguedine,
1751 1220 1884 1267 dicta
1917 1219 2053 1281 quod

302 1300 506 1365 palpitet
528 1321 535 1349 z
574 1299 724 1349 resilit
749 1300 880 1348 enim
909 1315 1069 1362 saepe.
1147 1301 1297 1347 Hanc
1323 1300 1543 1362 plerique
1570 1308 1618 1348 et
1643 1299 1830 1348 viscum
1858 1308 2052 1362 vocant,

213 1393 278 1440 82
303 1391 501 1445 propter
544 1383 680 1446 quod
719 1379 966 1444 glutinosa
1005 1380 1078 1428 sit.
1170 1380 1400 1429 Membra
1443 1390 1555 1429 sunt
1603 1391 1764 1444 partes
1813 1383 2048 1446 corporis.
2081 1410 2124 1450 ¹5

213 1472 277 1530 83
301 1466 464 1523 Artus‚
494 1463 673 1527 quibus
713 1462 1022 1526 conligantur
1062 1462 1297 1521 membra,
1343 1462 1406 1510 ab
1445 1463 1653 1511 artando
1691 1463 1824 1512 dicti.
1899 1466 2049 1514 Nervi

301 1546 492 1595 Graeca
525 1545 829 1595 derivatione
858 1545 1105 1607 appellati,
1136 1561 1260 1607 quos
1295 1543 1363 1592 illi
1392 1548 1528 1608 νεῦρα
1559 1542 1754 1594 vocant.
1827 1545 1925 1594 Alii
1960 1549 2051 1596 La—

301 1627 402 1676 tine
435 1637 634 1677 vocatos
666 1643 842 1676 nervos
872 1635 1063 1689 putant,
1091 1643 1150 1675 eo
1188 1627 1325 1689 quod
1358 1636 1552 1675 artuum
1580 1626 1954 1677 coniunctiones
1979 1629 2049 1678 in—

300 1711 459 1758 vicem
493 1709 568 1758 his
599 1709 901 1758 inhaereant.
978 1707 1250 1756 Maximam
1293 1717 1459 1757 autem
1503 1708 1678 1757 virium
1719 1709 2044 1760 substantiam

299 1808 475 1840 nervos
501 1793 660 1840 facere
687 1789 1013 1839 certissimum
1041 1800 1141 1838 est:
1194 1807 1308 1838 nam
1343 1800 1530 1853 quanto
1560 1790 1739 1839 fuerint
1776 1791 2043 1853 densioreS‚
2077 1818 2126 1846 20

210 1881 275 1940 84
301 1883 439 1922 tanto
465 1874 756 1936 propensius
782 1888 1045 1935 augescere
1071 1872 1369 1920 firmitatem.
1431 1874 1578 1920 Artus
1606 1871 1738 1932 dicti,
1768 1874 1905 1935 quod
1931 1891 2044 1923 con-

298 1954 431 2018 ligati
457 1954 668 2003 invicem
695 1953 854 2003 nervis
880 1962 1112 2013 artentur,
1131 1952 1182 2002 id
1209 1962 1281 2001 est
1302 1952 1598 2017 stringantur
1615 1972 1628 2014 3
1670 1971 1881 2016 quorum
1907 1955 2046 2004 dimi-

299 2036 468 2085 nutiva
505 2046 618 2086 sunt
655 2035 859 2085 articuli.
936 2038 1064 2084 Nam
1095 2045 1227 2084 artus
1264 2035 1476 2084 dicimus
1507 2036 1730 2084 membra
1765 2036 1962 2096 maiora,
1992 2046 2044 2086 ut

211 2125 274 2185 85
300 2117 500 2166 brachia
521 2137 534 2179 3
572 2119 803 2166 articulos
830 2116 1021 2165 minora
1046 2117 1281 2177 membra,
1310 2127 1363 2165 ut
1389 2117 1544 2179 digiti.
1617 2119 1859 2181 Conpago
1886 2118 2046 2182 capita
2164 2131 2176 2177 ἱ,

301 2209 415 2248 sunt
452 2217 669 2260 ossuum,
699 2199 830 2248 dicta
856 2216 916 2248 eo
942 2200 1079 2262 quod
1105 2198 1199 2248 sibi
1225 2209 1466 2262 conpacta
1499 2199 1659 2248 nervis
1685 2201 1818 2248 velut
1855 2201 2046 2263 glutino
2074 2222 2120 2265 25
2154 2203 2156 2207 '

210 2285 279 2333 86
303 2283 522 2346 quodam
546 2283 862 2330 adhaereant.
935 2282 1063 2330 Ossa
1088 2290 1201 2329 sunt
1226 2280 1443 2344 corporis
1469 2280 1810 2331 solidamenta.
1886 2284 1946 2330 In
1971 2281 2046 2331 his

301 2363 433 2411 enim
473 2363 654 2428 positio
694 2363 855 2414 omnis
895 2364 1142 2426 roburque
1183 2361 1416 2411 subsistit.
1486 2363 1614 2412 Ossa
1646 2373 1811 2412 autem
1845 2362 1908 2412 ab
1934 2373 2045 2413 usto

297 2444 443 2505 dicta,
466 2455 664 2510 propter
683 2447 819 2510 quod
836 2454 1167 2494 cremarentur
1183 2445 1246 2493 ab
1263 2443 1478 2507 antiquis
1500 2463 1513 2505 3
1551 2443 1665 2504 sive,
1686 2454 1738 2493 ut
1757 2443 1838 2492 alii
1854 2455 2041 2509 putant,

356 2588 372 2613 1
396 2577 569 2626 sanguis
585 2576 634 2615 Cl
748 2581 1000 2626 consumpto
1015 2573 1061 2613 K
1168 2587 1192 2625 5
1214 2575 1320 2614 cutis
1335 2573 1446 2614 codd.
1467 2574 1534 2626 (cs.
1550 2573 1665 2614 XVI.
1684 2587 1747 2614 111.
1762 2576 1806 2626 6)
1910 2575 2042 2627 idem]

297 2631 393 2670 ideo
409 2630 455 2669 K
469 2642 572 2680 gnon
593 2631 658 2681 D)
824 2633 851 2670 6
880 2630 1012 2682 quod]
1032 2630 1131 2680 quia
1151 2630 1186 2669 C
1293 2630 1483 2669 internas
1503 2629 1663 2681 K(non
1679 2630 1742 2677 D)
1855 2631 2043 2680 corporis

297 2699 380 2725 om.
406 2685 453 2723 K
469 2687 576 2734 (non
600 2686 659 2736 D>
829 2699 851 2735 7
882 2686 1034 2724 ardore
1050 2685 1097 2723 K
1258 2686 1284 2723 8
1312 2685 1486 2723 subacta
1507 2685 1588 2723 iam
1608 2697 1689 2724 om.
1714 2681 1756 2722 B
1865 2684 1964 2724 Cori
1983 2683 2041 2724 Β1

296 2753 323 2789 9
353 2741 457 2779 haec
477 2740 519 2778 B
630 2743 650 2787 ξ
673 2743 725 2779 80
746 2754 827 2779 om.
862 2739 914 2779 T:
937 2746 1035 2790 post
1053 2743 1072 2787 ς
1092 2752 1142 2789 77
1167 2739 1202 2778 C
1324 2752 1372 2778 10
1403 2739 1502 2778 Cori
1520 2739 1622 2777 ΒΚ1
1755 2750 1798 2776 11
1832 2752 1940 2788 quae
1958 2738 2046 2777 ΒΚ

301 2808 348 2833 12
379 2795 569 2834 vivificas
591 2794 640 2834 C¹
780 2795 1028 2846 pinguitudo
1053 2794 1087 2833 C
1253 2806 1300 2843 13
1331 2794 1465 2844 Palpa
1488 2793 1537 2832 C1
1665 2794 1757 2832 sine
1779 2793 1981 2842 pinguine
2001 2794 2042 2832 Β

300 2862 347 2897 14
378 2855 421 2888 et
442 2851 544 2898 pler.
561 2849 602 2887 B
621 2863 628 2888 :
662 2855 704 2888 et
721 2863 802 2889 om.
824 2851 859 2888 C
944 2850 1105 2888 viscum
1119 2861 1199 2889 om.
1226 2848 1266 2886 Β
1382 2860 1429 2898 15
1461 2848 1657 2899 propter]
1679 2861 1732 2886 eo
1753 2847 1792 2885 Β
1905 2849 1954 2885 16
1986 2848 2038 2886 Ν.

296 2917 320 2942 a
339 2916 401 2954 gr.
425 2903 461 2942 C
572 2905 621 2943 18
649 2904 799 2943 artium
826 2903 861 2940 T
969 2917 1019 2954 19
1047 2904 1134 2943 inh.
1156 2903 1198 2942 id
1219 2909 1284 2942 est
1304 2903 1356 2941 ab
1377 2902 1585 2942 inerendo
1613 2901 1668 2940 T2
1779 2914 1832 2940 20
1860 2901 2036 2952 nervos]

297 2971 448 2997 cernos
470 2958 515 2997 K
635 2965 700 2997 est
719 2972 801 2998 om.
827 2959 861 2997 C
1014 2971 1060 2996 21
1095 2958 1177 2996 dici
1197 2957 1238 2996 Β
1392 2971 1443 3005 24
1474 2957 1662 2996 membra
1681 2969 1763 2995 om.
1787 2955 1832 2994 K
1851 2957 1954 3006 (non
1973 2955 2036 3007 D)

296 3024 349 3061 25
379 3013 516 3065 velut]
535 3014 600 3052 vel
620 3012 708 3052 BT
854 3015 906 3051 26
935 3013 1108 3052 adereat
1129 3011 1193 3051 K:
1225 3013 1484 3051 cohaereant
1504 3011 1544 3049 Β
