2176 3424
468 122 1100 174 ETYMOLOGIARVM
1142 124 1270 172 LIB.
1314 124 1401 173 IX.
1443 121 1474 171 ii

99 255 333 306 condidit.
395 258 518 304 Sunt
533 263 700 304 autem
720 254 927 319 proximi
945 254 1174 318 gentibus
1192 254 1513 318 Aethiopum.
1577 257 1654 304 De
1671 253 1852 318 quibus

102 336 344 400 Vergilius
370 335 498 402 (Ecl.
520 340 561 396 8,
582 335 668 401 44)
692 356 700 385 :

345 485 348 488 -
675 418 891 468 Extremi
929 420 1268 469 Garamantes.

101 502 316 551 Extremi
352 509 531 560 autem,
572 500 687 564 quia
723 500 854 549 saevi
890 510 937 549 et
969 518 998 548 a
1031 500 1278 550 consortio
1309 499 1628 549 humanitatis
1662 502 1852 550 remoti.

53 593 74 633 5
104 581 332 647 Hesperii
367 599 483 632 vero
516 590 644 642 sunt,
679 581 764 645 qui
793 582 921 630 circa
951 582 1249 646 Hispaniam
1283 591 1647 632 conmorantur.
1722 584 1852 631 Nam
1877 586 1969 633 126

103 664 346 727 Hispania
373 663 630 728 Hesperia.
714 663 987 728 Aethiopes
1013 663 1133 714 dicti
1156 682 1186 713 a
1210 663 1311 713 filio
1338 665 1513 724 Cham,
1540 662 1624 727 qui
1650 671 1852 713 vocatus
1875 679 1961 727 127

101 755 173 795 est
199 746 352 805 Chus,
380 762 439 795 ex
465 763 563 810 quo
594 744 831 809 originem
866 747 1078 794 trahunt.
1154 747 1291 797 Chus
1325 745 1458 795 enim
1490 745 1743 795 Hebraica
1766 746 1852 794 lin-

99 845 194 892 gua
219 826 459 891 Aethiops
485 829 842 891 interpretatur.
899 826 969 876 Hi
986 829 1241 891 quondam
1261 827 1325 876 ab
1354 828 1483 877 Indo
1508 827 1713 877 flumine
1739 845 1853 877 con-
1876 832 1963 880 128

101 918 364 973 surgentes,
393 911 526 957 iuxta
550 910 829 972 Aegyptum
856 907 982 958 inter
1007 909 1176 958 Nilum
1203 918 1250 959 et
1276 911 1549 969 Oceanum,
1578 909 1627 958 in
1650 910 1854 959 meridie

30 1001 78 1030 10
102 991 193 1039 sub
218 990 322 1054 ipsa
357 991 473 1039 solis
510 989 759 1039 vicinitate
795 989 1082 1050 insiderunt‚
1123 1007 1333 1054 quorum
1370 1000 1466 1040 tres
1505 1000 1621 1040 sunt
1651 993 1853 1055 populi:

105 1071 332 1136 Hesperi,
359 1073 684 1122 Garamantes
710 1081 758 1121 et
795 1072 927 1121 Indi.
1002 1072 1216 1136 Hesperi
1246 1082 1358 1122 sunt
1392 1071 1679 1133 occidentis,
1709 1075 1856 1123 Gara-

106 1162 294 1202 mantes
326 1152 553 1217 Tripolis,
583 1153 697 1202 Indi
731 1152 944 1202 orientis.
1018 1154 1353 1204 Trochoditae
1385 1172 1504 1218 gens
1531 1154 1852 1217 Aethiopum,
1878 1167 1971 1214 129

106 1236 219 1284 ideo
244 1235 528 1299 nuncupati,
556 1237 692 1299 quod
718 1244 853 1284 tanta
879 1235 1126 1285 celeritate
1150 1238 1340 1299 pollent
1365 1246 1418 1285 ut
1443 1238 1568 1285 feras
1602 1253 1746 1286 cursu
1777 1254 1857 1300 pe-

109 1319 228 1366 dum
253 1318 598 1380 adsequantur.
670 1315 954 1381 Pamphagi‚
978 1326 1026 1366 et
1050 1316 1100 1366 hi
1126 1318 1176 1365 in
1201 1317 1468 1382 Aethiopia
1492 1327 1606 1367 sunt
1630 1338 1639 1367 :
1677 1317 1857 1381 quibus
1880 1325 1972 1372 130

41 1411 87 1452 15
111 1414 222 1448 esca
258 1408 330 1448 est
367 1398 610 1463 quidquid
648 1400 815 1448 mandi
854 1408 1016 1462 potest
1053 1408 1099 1448 et
1136 1399 1304 1449 omnia
1339 1400 1541 1449 fortuitu
1577 1400 1826 1463 gignentia
1846 1418 1858 1460 3

111 1482 243 1529 unde
269 1489 317 1529 et
332 1482 577 1544 appellati.
643 1480 981 1544 Icthyophagi‚
1004 1482 1141 1544 quod
1166 1483 1396 1530 venando
1423 1481 1472 1530 in
1499 1483 1620 1531 mari
1646 1484 1854 1542 valeant,
1879 1491 1957 1537 131

106 1570 154 1610 et
179 1560 395 1625 piscibus
419 1571 611 1610 tantum
635 1563 838 1611 alantur.
914 1562 986 1610 Hi
1011 1572 1123 1626 post
1158 1565 1313 1613 Indos
1348 1573 1607 1612 montanas
1633 1563 1858 1627 regiones

106 1653 288 1703 tenent,
327 1660 451 1707 quos
489 1643 719 1693 subactos
755 1645 1036 1693 Alexander
1074 1647 1287 1708 Magnus
1326 1645 1543 1708 piscibus
1583 1647 1713 1694 vesci
1754 1662 1862 1708 pro-

107 1724 279 1774 hibuit.
341 1725 752 1789 Anthropophagi
771 1742 890 1788 gens
906 1725 1173 1789 asperrima
1193 1728 1284 1776 sub
1305 1726 1504 1790 regione
1524 1727 1732 1777 Siricum
1751 1726 1856 1787 sita,
1886 1740 1976 1787 132

37 1825 86 1852 20
107 1805 190 1870 qui
247 1806 362 1869 quia
409 1806 637 1855 humanis
685 1806 915 1856 carnibus
964 1818 1241 1869 vescuntur,
1293 1810 1406 1859 ideo
1461 1808 1858 1872 anthropophagi

106 1888 436 1938 nominantur.
1170 1952 1174 1953 ⁷

244 1972 419 2033 Itaque
445 1971 569 2018 sicut
603 1971 691 2030 his,
720 1970 787 2019 ita
823 1981 870 2019 et
904 1970 1076 2020 ceteris
1102 1971 1331 2035 gentibus
1366 1989 1451 2035 per
1485 1973 1680 2021 saecula
1711 1981 1796 2021 aut
1829 1990 1858 2020 a

109 2051 316 2115 regibus,
345 2062 428 2100 aut
453 2069 482 2100 a
505 2051 639 2111 locis,
660 2061 744 2101 aut
768 2069 796 2100 a
816 2051 1049 2111 moribuS,
1069 2062 1152 2101 aut
1172 2070 1230 2103 ex
1250 2054 1553 2117 quibuslibet
1572 2054 1677 2103 aliis
1698 2054 1857 2103 causis

109 2133 350 2183 inmutata
374 2134 615 2183 vocabula
639 2143 766 2193 sunt,
796 2133 862 2183 ita
888 2143 940 2182 ut
966 2136 1122 2197 prima
1147 2135 1282 2199 origo
1308 2136 1522 2186 nominis
1549 2154 1719 2186 eorum
1740 2147 1858 2187 tem-

42 2235 89 2275 25
112 2232 285 2279 porum
311 2225 551 2265 vetustate
568 2233 669 2264 non
685 2224 862 2280 pateat.
920 2218 1029 2265 Iam
1054 2233 1169 2266 vero
1195 2217 1244 2265 hi
1270 2220 1353 2281 qui
1379 2218 1665 2281 Antipodae
1690 2219 1859 2269 dicun·
1879 2240 1964 2288 133

113 2307 202 2358 tur,
230 2315 289 2348 eo
325 2299 459 2361 quod
497 2296 725 2346 contrarii
759 2314 865 2346 esse
895 2297 1107 2361 vestigiis
1140 2299 1318 2348 nostris
1352 2310 1599 2364 putantur,
1628 2311 1681 2350 ut
1718 2304 1857 2365 quasi

113 2380 205 2429 sub
230 2380 365 2429 terris
391 2380 536 2445 positi
570 2382 774 2429 adversa
805 2380 1017 2443 pedibus
1042 2381 1220 2430 nostris
1250 2384 1442 2431 calcent
1473 2383 1688 2447 vestigia,
1723 2386 1859 2432 nulla

114 2461 299 2511 ratione
323 2464 626 2512 credendum
655 2471 741 2522 est,
770 2461 884 2525 quia
909 2478 1001 2511 nec
1035 2462 1257 2512 soliditas
1291 2465 1484 2528 patitur,
1513 2483 1605 2515 nec
1630 2476 1854 2515 centrum

172 2605 189 2630 1
222 2592 411 2643 proxime
438 2593 476 2632 T
635 2606 659 2641 4
693 2598 833 2631 autern
855 2605 935 2631 om.
964 2591 1011 2630 K
1225 2601 1266 2633 et
1287 2608 1370 2635 om.
1397 2595 1446 2634 Cl
1666 2611 1690 2636 a
1710 2610 1791 2636 om.
1815 2597 1859 2635 K

115 2649 142 2686 6
172 2646 297 2697 Hisp.
335 2647 471 2698 Hesp.
508 2647 662 2686 dicitur
695 2646 812 2685 AB:
843 2647 1028 2696 Hispani
1065 2648 1249 2700 (ispania
1290 2649 1340 2700 C>
1376 2650 1427 2688 ab
1460 2650 1596 2702 Hesp.
1631 2652 1730 2691 dicti
1762 2651 1860 2690 ClK

119 2713 168 2741 10
188 2701 291 2741 solis
310 2702 479 2740 civitate
504 2701 542 2740 T
559 2700 823 2753 (Heliopolim
843 2701 937 2740 dicit
948 2702 965 2740 !
972 2703 986 2752 )
1103 2715 1147 2740 11
1173 2702 1307 2753 Hesp.
1329 2717 1410 2744 om.
1438 2705 1488 2744 Cl
1598 2712 1640 2746 et
1659 2707 1798 2745 indiae
1818 2707 1859 2744 Β

122 2769 169 2795 12
198 2757 412 2805 Trogodie
431 2756 486 2795 Β1
509 2770 518 2795 :
548 2756 808 2806 Trogoditae
833 2755 887 2794 C:
919 2756 1171 2796 Trocoditae
1195 2759 1292 2809 (-te)
1312 2757 1358 2796 K
1364 2759 1401 2798 T
1510 2763 1559 2799 16
1588 2774 1629 2801 u.
1648 2766 1691 2799 et
1711 2761 1857 2810 appel·

119 2810 259 2849 lantur
278 2810 342 2850 K:
374 2817 415 2850 et
436 2825 476 2851 u.
494 2810 763 2861 appellantur
780 2810 828 2849 C1
969 2812 1104 2863 quod]
1125 2812 1223 2862 quia
1245 2812 1290 2850 K
1445 2816 1493 2854 18
1524 2814 1694 2865 tenent]
1715 2821 1857 2854 traent

122 2864 173 2903 Cl
335 2866 463 2918 quos]
485 2866 598 2916 quod
626 2866 684 2905 T:
716 2878 800 2915 quo
824 2865 858 2903 C
1019 2866 1183 2906 vesceri
1207 2867 1257 2906 Cl
1389 2882 1438 2918 19
1469 2870 1620 2909 Serum
1640 2869 1764 2909 Arev.
1791 2869 1859 2917 (ex

118 2917 252 2960 Solin.
277 2932 340 2970 15,
362 2922 406 2973 4)
516 2934 570 2960 20
598 2920 698 2971 quia
717 2921 787 2970 qui
811 2919 860 2958 Cl
977 2933 1024 2960 21
1059 2922 1329 2961 nominantur
1347 2923 1536 2963 BCDT:
1565 2925 1765 2964 dicuntur
1785 2923 1858 2964 K:

118 2979 323 3014 vocantur
341 2975 383 3013 A
550 2987 602 3013 22
631 2975 698 3014 vel
720 2988 744 3012 a
765 2987 852 3023 reg.
875 2977 920 3015 K
1083 2989 1134 3026 23
1164 2976 1279 3027 aliis]
1301 2978 1454 3017 talibus
1476 2978 1521 3016 K
1699 2992 1749 3027 27
1780 2980 1857 3018 sub

120 3027 261 3079 terris]
284 3030 493 3070 subterius
514 3030 560 3068 K
684 3030 888 3070 adversus
915 3033 952 3072 T
1113 3034 1164 3071 28
1186 3034 1396 3085 centrum]
1417 3033 1606 3083 gentium
1629 3039 1676 3073 ut
1697 3034 1780 3074 vid.
1808 3034 1858 3073 Τ1
