2228 3444
505 185 1137 235 ETYMOLOGIARVM
1179 190 1306 236 LIB.
1350 191 1417 237 II.
1459 190 1534 237 xxi

144 316 230 363 sed
247 323 300 363 ut
320 316 480 363 vivam
507 316 631 363 edo.'
670 317 734 363 Et
755 314 876 364 illud
893 313 1019 380 (Cic.
1035 316 1156 365 Phil.
1170 334 1213 379 4,
1229 317 1279 382 8)
1301 337 1308 366 :
1353 318 1413 366 ‘si
1439 322 1612 368 consul
1631 323 1892 385 Antonius,

143 399 322 444 Brutus
352 396 536 444 hostis:
588 396 627 444 si
658 407 972 446 conservator
1003 398 1303 461 reipublicae
1336 401 1530 460 Brutus,
1563 403 1717 452 hostis
1743 407 1894 454 Anto-

142 478 282 526 nius.'
336 479 556 535 ‚Exoche
590 478 718 542 (Cic.
739 478 843 527 Mil.
868 478 983 543 59);
1030 479 1185 542 ‘Quis
1219 497 1303 529 eos
1337 483 1638 545 appellavit?
1686 486 1891 549 Appius.
1918 501 1972 536 12

143 560 268 622 Quis
293 560 559 624 produxit?
589 560 812 624 Appius!
873 564 1022 610 Nunc
1048 563 1224 625 figuras
1251 563 1619 624 sententiarum,
1643 583 1764 628 quas
1784 585 1895 631 ope·
1919 585 1975 630 13

96 660 117 700 5
142 658 222 691 rae
241 642 451 706 pretium
472 642 532 691 sit
553 659 865 705 cognoscere,
888 659 1254 707 persequamur.
1329 645 1583 694 Sententia
1609 656 1681 696 est
1707 648 1894 698 dictum
1916 667 1975 713 14

146 726 470 786 inpersonale,
497 734 550 772 ut
576 723 711 788 (Ter.
732 726 886 774 Andr.
908 724 992 785 68)
1014 746 1022 774 ;

450 805 763 868 Obsequium
799 806 1000 866 amicos,
1039 808 1214 856 veritas
1251 808 1422 856 odium
1465 811 1601 872 parit.

144 889 279 934 Huic
298 886 338 935 si
368 904 579 951 persona
597 888 739 936 fuerit
758 888 963 949 adiecta,
989 889 1138 938 Chria
1158 889 1260 950 erit,
1284 890 1349 938 ita
1370 909 1378 938 :
1421 894 1431 915 ‘
1450 891 1656 940 offendit
1677 894 1895 942 Achilles

142 972 571 1032 Agamemnonem
592 986 705 1018 vera
721 970 968 1019 dicendo.'
1013 975 1023 995 ‘
1035 973 1391 1035 Metrophanes
1408 975 1677 1036 promeruit
1692 976 1895 1037 gratiam

72 1068 120 1096 10
144 1050 443 1099 Mithridatis
469 1052 826 1114 obsequendo.'
886 1054 1018 1100 Nam
1044 1052 1170 1101 inter
1194 1053 1379 1102 chriam
1406 1064 1454 1102 et
1479 1055 1774 1104 sententiam
1802 1058 1896 1104 hoc

141 1132 354 1193 interest,
382 1134 518 1195 quod
553 1133 796 1181 sententia
831 1133 936 1183 sine
970 1151 1181 1198 persona
1214 1137 1467 1198 profertur,
1496 1137 1630 1184 chria
1664 1136 1770 1187 sine
1794 1155 1897 1200 per-

141 1231 264 1262 sona
288 1231 560 1277 numquam
588 1214 779 1263 dicitur.
854 1217 1003 1264 Vnde
1037 1218 1075 1264 si
1097 1217 1370 1266 sententiae
1404 1235 1614 1280 persona
1638 1218 1891 1278 adiciatur,

142 1297 194 1344 fit
214 1295 348 1344 chria
366 1315 378 1356 3
411 1295 448 1344 si
469 1297 766 1356 detrahatur,
790 1299 844 1345 fit
864 1300 1121 1346 sententia.
1180 1299 1542 1348 Sententiarum
1566 1300 1754 1364 species
1776 1303 1895 1349 mul·
1919 1312 1976 1360 15

140 1387 233 1427 tae.
288 1378 428 1427 Aliae
459 1378 590 1427 enim
624 1389 737 1428 sunt
767 1379 1078 1439 indicativae,
1110 1382 1234 1429 aliae
1261 1392 1373 1432 sunt
1403 1383 1812 1445 pronuntiativae,
1841 1394 1894 1432 ut

70 1479 114 1517 15
141 1459 294 1526 (Virg.
316 1463 439 1510 Aen.
458 1477 502 1520 4,
525 1460 643 1525 373)
668 1482 676 1510 ε

479 1544 741 1606 Nusquam
779 1552 886 1592 tuta
923 1545 1045 1593 fides
1065 1562 1077 1604 3

140 1623 262 1673 aliae
288 1624 616 1687 imperativae,
644 1634 696 1672 ut
731 1624 887 1689 <Virg.
910 1628 1032 1674 Aen.
1053 1643 1097 1687 4,
1122 1626 1238 1691 223)
1264 1647 1271 1675 :

276 1707 432 1766 Vade,
470 1722 575 1768 age,
614 1715 741 1766 nate,
782 1723 905 1755 voca
940 1709 1206 1771 Zephyros,
1245 1718 1292 1757 et
1329 1709 1494 1758 labere
1530 1709 1707 1773 pinnis.

142 1787 282 1836 Aliae
307 1788 626 1837 admirativae
645 1787 800 1853 (Virg.
818 1791 945 1838 Aen.
971 1807 1008 1849 1,
1036 1808 1053 1837 1
1071 1791 1114 1855 1)
1139 1810 1147 1838 :

70 1888 119 1915 20
277 1873 535 1919 Tantaene
570 1869 747 1919 animis
785 1871 1080 1920 caelestibus
1117 1874 1256 1921 irae?

142 1952 283 2001 Aliae
310 1951 656 2015 conparativae
686 1952 862 2015 (Lucil.
883 1953 942 2002 iv.
961 1955 1076 2017 frag.
1096 1953 1169 2018 ?):
1918 1958 1977 2004 16

276 2034 327 2084 Si
361 2034 507 2083 vinco
544 2043 591 2083 et
627 2051 790 2097 pereo,
831 2034 952 2097 quid
988 2035 1056 2084 ibi
1094 2053 1174 2084 me
1210 2037 1405 2084 vincere
1442 2041 1691 2099 praestat?

140 2116 280 2165 Aliae
301 2116 634 2179 superlativae,
663 2133 790 2179 quae
815 2133 928 2164 cum
948 2116 1115 2179 aliquo
1141 2127 1279 2166 motu
1304 2118 1456 2166 animi
1482 2127 1529 2167 et
1555 2119 1894 2184 indignatione

140 2207 435 2261 promuntur
460 2197 612 2261 (Virg.
634 2200 757 2246 Aen.
780 2215 822 2260 3,
845 2198 929 2262 57)
951 2217 959 2246 :

69 2296 116 2335 25
277 2279 413 2342 Quid
451 2296 552 2327 non
590 2279 814 2328 mortalia
849 2289 1047 2342 pectora
1083 2297 1244 2344 coges,

275 2361 378 2410 auri
416 2378 552 2409 sacra
588 2362 771 2410 fames!

143 2440 283 2488 Aliae
308 2438 681 2503 interrogativae
709 2437 805 2505 [ut]
835 2438 988 2502 (Virg.
1010 2442 1135 2489 Aen.
1160 2443 1202 2500 8,
1229 2458 1247 2488 1
1263 2440 1342 2503 13)
1367 2460 1376 2489 :
1917 2458 1970 2506 17

684 2519 909 2577 Iuvenes,
951 2534 1078 2580 quae
1115 2534 1262 2567 causa
1298 2518 1492 2582 subegit

276 2595 467 2658 ignotas
503 2604 743 2658 temptare
778 2595 915 2644 vias?

71 2701 120 2740 30
279 2677 415 2738 Quid
439 2694 608 2740 genus,
637 2678 771 2726 unde
796 2679 1041 2726 domum?
1068 2679 1315 2727 Pacemne
1340 2680 1438 2726 huc
1463 2678 1609 2739 fertis,
1631 2696 1695 2728 an
1720 2697 1852 2729 arma
1873 2683 1893 2728 ?

199 2809 219 2853 ξ
245 2817 293 2855 13
322 2818 404 2844 om.
431 2805 484 2843 H
509 2805 737 2858 (supposito
763 2805 881 2844 titulo
911 2818 965 2844 m:
988 2817 1165 2845 novius
1184 2817 1431 2845 VERBORVM
1459 2819 1511 2846 ET
1537 2809 1889 2854 SENTENTmRvm)

143 2873 167 2911 5
188 2873 250 2913 pr.
268 2865 334 2899 est
349 2859 393 2898 D
502 2872 809 2910 persequamur
832 2859 885 2900 T:
911 2873 1216 2911 persequemur
1230 2860 1310 2900 BC
1317 2860 1379 2898 ²1)
1515 2874 1542 2911 9
1560 2875 1837 2912 agamemnon
1863 2862 1900 2900 T

146 2927 192 2955 11
226 2927 451 2965 numquam
473 2916 567 2954 sine
589 2927 771 2965 persona
795 2914 845 2953 C2
995 2928 1043 2964 13
1072 2915 1230 2954 multae
1249 2920 1350 2954 sunt
1368 2915 1462 2955 ΒΕΖ
1613 2918 1662 2955 18
1692 2917 1834 2955 lebate
1863 2916 1900 2954 T

143 2983 195 3019 23
225 2982 309 3020 que
325 2982 424 3020 qum
439 2969 509 3008 vel
523 2982 607 3019 quo
623 2976 738 3008 motu
763 2968 800 3006 T
967 2983 1017 3020 27
1051 2975 1096 3008 ut
1108 2970 1201 3009 hab.
1231 2969 1291 3008 T:
1318 2983 1399 3010 om.
1417 2970 1556 3009 BC2D
1721 2972 1772 3009 28
1793 2971 1890 3010 iube

145 3037 283 3074 neque
304 3037 392 3064 cau.
426 3023 464 3062 T
567 3036 716 3063 causas
731 3024 874 3072 obegit
903 3023 946 3062 D
1105 3037 1158 3074 30
1189 3025 1337 3063 domus
1353 3023 1403 3063 (52

967 3128 1069 3161 H2
