2228 3444
1067 183 1341 232 ISIDORI

159 317 305 357 XXVI
465 314 549 360 DE
609 325 1041 361 1NsT1TVToR1Bvs
1102 326 1230 360 Ervs.
1306 313 1368 360 In
1426 320 1634 374 utraque
1685 321 1852 362 autem
1911 315 2077 376 lingua

326 393 631 443 diversorum
658 393 863 458 quidem
890 403 1004 443 sunt
1029 395 1093 442 de
1125 378 1427 443 astronomia
1452 395 1632 457 scripta
1660 395 1926 456 volumina,
1952 394 2078 444 inter

324 491 451 538 quos
488 485 655 524 tamen
688 477 1004 525 Ptolemaeus
1043 493 1126 524 rex
1160 477 1488 525 Alexandriae
1527 478 1661 540 apud
1696 478 1911 527 Graecos
1945 494 2078 540 prae-

324 558 500 620 cipuus
530 557 769 606 habetur:
802 557 883 606 hic
914 559 1061 607 etiam
1096 567 1144 606 et
1180 574 1396 607 canones
1433 557 1658 618 instituit,
1687 559 1868 622 quibus
1905 575 2075 608 cursus

324 647 567 687 astrorum
594 638 885 689 inveniatur.

133 718 302 758 XXVII
463 723 546 768 DE
572 736 934 770 DIFFERENTIA
960 723 1354 771 ASTRONOMIAE
1386 738 1450 771 ET
1480 724 1867 771 ASTROLomAE.
1942 725 2078 772 Inter

325 802 698 851 Astronomiam
747 812 914 852 autem
964 813 1011 852 et
1060 803 1392 868 Astrologiam
1449 804 1637 868 aliquid
1695 804 1873 855 differt.
1945 807 2077 854 Nam

325 884 646 933 Astronomia
661 884 783 934 caeli
800 886 1191 946 conversionem,
1210 895 1357 945 ortus,
1381 886 1545 935 obitus
1571 894 1836 950 motusque
1861 885 2076 936 siderum

326 965 563 1027 continet,
586 968 663 1015 vel
685 984 783 1030 qua
803 984 862 1016 ex
882 984 1031 1016 causa
1050 969 1116 1015 ita
1136 977 1386 1017 vocentur.
1462 968 1740 1031 Astrologia
1759 985 1874 1017 vero
1899 969 2075 1032 partim

269 1062 299 1096 2
326 1047 575 1109 naturalis,
615 1048 792 1111 partim
833 1048 1171 1113 superstitiosa
1211 1031 1348 1112 est.)
1373 1049 1633 1109 Naturalis,
1671 1051 1791 1099 dum
1821 1050 2077 1114 exequitur

325 1130 442 1179 solis
469 1139 517 1179 et
543 1131 689 1179 lunae
716 1147 903 1190 cursus,
933 1133 1008 1180 vel
1036 1132 1286 1180 stellarum
1321 1142 1476 1181 certas
1511 1142 1792 1196 temporum
1823 1132 2072 1183 stationes.

325 1212 675 1276 Superstitiosa
700 1230 816 1262 vero
843 1223 916 1261 est
941 1212 1023 1261 illa
1048 1230 1195 1276 quam
1231 1214 1569 1263 mathematici
1603 1224 1887 1278 sequuntur,
1915 1215 2000 1279 qui
2026 1215 2075 1264 in

325 1294 476 1344 stellis
524 1296 855 1358 auguriantur,
899 1294 1084 1358 quique
1128 1295 1277 1344 etiam
1326 1296 1594 1346 duodecim
1638 1296 1760 1346 caeli
1808 1296 1945 1361 signa
1991 1315 2077 1361 per

325 1377 516 1440 singula
551 1376 748 1426 animae
784 1379 861 1426 vel
898 1379 1117 1440 corporis
1156 1378 1381 1427 membra
1406 1378 1714 1441 disponunt,
1761 1378 2077 1443 siderumque

326 1476 471 1508 cursu
497 1458 776 1508 nativitates
802 1459 1062 1509 hominum
1079 1470 1127 1509 et
1153 1477 1314 1510 mores
1340 1461 1622 1525 praedicare
1647 1471 1906 1510 conantur.

112 1550 303 1591 XXVIII
465 1544 548 1589 DE
585 1544 978 1591 ASTRONOMIAE
1026 1557 1274 1592 RATIONE.
1347 1542 1696 1592 Astronomiae
1744 1543 1867 1591 ratio
1915 1544 2077 1594 modis

326 1622 547 1686 plurimis
596 1633 807 1673 constat.
882 1624 1074 1673 Definit
1114 1625 1247 1674 enim
1285 1624 1406 1688 quid
1444 1625 1505 1674 sit
1542 1627 1773 1685 mundus,
1814 1626 1934 1688 quid
1973 1622 2075 1690 [sit]

325 1707 533 1766 caelum,
563 1707 683 1769 quid
714 1708 951 1770 sphaerae
989 1706 1110 1756 situs
1144 1716 1192 1756 et
1226 1724 1410 1767 cursus,
1439 1708 1560 1771 quid
1595 1707 1696 1756 axis
1730 1706 1853 1756 caeli
1879 1717 1927 1756 et
1959 1706 2074 1771 poli,

230 1804 259 1828 «s
325 1803 453 1849 quae
484 1786 580 1836 sint
600 1788 798 1837 climata
818 1788 954 1849 caeli,
974 1788 1059 1851 qui
1079 1806 1249 1838 cursus
1271 1789 1386 1839 solis
1408 1799 1456 1839 et
1474 1791 1620 1839 lunae
1645 1799 1795 1853 atque
1819 1798 2076 1849 astrorum,

326 1878 374 1919 et
400 1878 576 1919 cetera.

154 1962 306 2001 XX1X
465 1955 549 2001 DE
586 1967 775 2001 MVNDo
814 1969 879 2001 ET
918 1968 1032 2002 E1vs
1077 1968 1305 2002 NOMrNE.
1382 1955 1606 2002 Mundus
1650 1963 1723 2002 est
1765 1953 1804 2003 is
1841 1954 1926 2018 qui
1963 1971 2077 2004 con-

328 2044 422 2084 stat
440 2051 499 2084 ex
524 2036 677 2095 caelo,
709 2033 797 2101 [et]
825 2045 951 2084 terra
977 2044 1025 2084 et
1045 2051 1178 2084 mare
1197 2035 1489 2099 cunctisque
1510 2035 1768 2084 sideribus.
1842 2036 1943 2097 Qui
1962 2036 2077 2085 ideo

330 2118 547 2165 mundus
581 2125 654 2165 est
686 2119 974 2180 appellatus,
1004 2117 1121 2181 quia
1154 2134 1348 2181 semper
1381 2118 1431 2167 in
1469 2127 1607 2167 motu
1638 2127 1711 2167 est
1727 2137 1740 2179 ,-
1777 2120 1912 2167 nulla
1944 2119 2076 2168 enim

327 2197 520 2261 requies
547 2199 651 2247 eius
677 2199 935 2248 elementis
961 2216 1197 2249 concessa
1222 2210 1310 2249 est.

180 2284 309 2324 XXX
469 2282 553 2328 DE
614 2294 793 2328 FORMA
854 2296 1044 2329 MVNDI.
1117 2283 1297 2330 Forma
1351 2282 1551 2332 mundi*
1583 2284 1650 2330 ita
1697 2284 2079 2334 demonstratur.

330 2363 459 2411 Nam
511 2364 939 2425 quemadmodum
1001 2363 1200 2426 erigitur
1259 2365 1474 2413 mundus
1533 2365 1585 2412 in
1643 2364 2078 2428 septentrionalem

388 2505 405 2531 1
443 2491 489 2530 In
515 2523 525 2533 .
545 2523 554 2533 .
579 2523 588 2534 .
612 2498 712 2533 sunt
731 2507 814 2533 om.
838 2494 879 2532 Β
990 2494 1131 2533 autem
1151 2508 1232 2534 om.
1256 2495 1298 2533 A
1413 2508 1437 2544 3
1467 2501 1606 2535 tamen
1628 2510 1711 2535 om.
1735 2497 1781 2534 K
1796 2497 1920 2537 th'll.
1945 2499 2045 2546 1831
2069 2512 2077 2536 :

328 2546 424 2586 add.
445 2547 508 2584 Α2
529 2548 572 2586 z'n
596 2562 675 2587 ras.
790 2563 814 2598 4
846 2548 996 2600 etiam]
1017 2555 1060 2587 et
1081 2549 1127 2587 K
1144 2551 1250 2599 (non
1266 2549 1330 2601 A)
1443 2561 1467 2599 5
1496 2549 1711 2590 invenitur
1725 2551 1768 2590 A
1882 2565 1904 2602 7
1936 2558 2076 2591 autem

328 2615 410 2642 om.
433 2600 515 2639 KL
538 2603 641 2654 (non
661 2602 726 2654 A)
893 2604 919 2641 8
950 2605 1173 2654 conversio
1194 2611 1258 2644 est
1277 2617 1340 2645 or.
1364 2604 1529 2644 subitus
1550 2606 1596 2643 K
1756 2620 1784 2656 9
1811 2613 1988 2646 vocetur
2007 2607 2054 2645 K
2068 2622 2077 2646 :

327 2662 534 2696 vocantur
563 2657 604 2694 A
719 2670 821 2696 vero
852 2671 933 2696 om.
971 2658 1018 2696 K
1043 2659 1147 2711 (non
1171 2659 1236 2711 A)
1407 2671 1456 2698 10
1484 2673 1578 2710 sup.
1609 2659 1693 2711 est]
1721 2661 2006 2711 plurastitiosa
2032 2661 2074 2699 A

333 2725 378 2751 11
411 2717 732 2762 temporumque
751 2712 786 2751 C
805 2714 908 2763 (non
920 2712 984 2761 A)
1161 2727 1208 2752 12
1239 2714 1331 2766 qui]
1353 2713 1502 2763 quibus
1531 2715 1568 2753 T
1730 2729 1778 2765 13
1809 2716 1913 2755 caeli
1935 2730 2017 2758 om.
2047 2715 2084 2754 T

333 2779 381 2816 14
411 2766 577 2816 singule
605 2767 641 2804 T
771 2779 819 2816 15
849 2768 1097 2817 praedicere
1116 2768 1158 2806 Β
1181 2771 1281 2819 (non
1301 2768 1364 2818 A)
1511 2772 1560 2808 16
1589 2771 1781 2810 modibus
1798 2771 1987 2821 pluribus
2008 2770 2077 2809 K:

331 2822 468 2860 modis
488 2822 677 2871 pluribus
696 2821 822 2861 th‘ll.
847 2824 947 2872 1831
973 2823 1072 2873 (non
1093 2823 1156 2874 A)
1317 2836 1363 2874 17
1393 2823 1446 2863 sit
1465 2824 1558 2864 hab.
1577 2824 1670 2863 AK
1682 2825 1805 2866 th'll.
1834 2826 1934 2875 1831
1955 2839 1964 2864 :
1993 2839 2075 2864 om.

329 2875 450 2914 BCT
593 2877 641 2915 18
670 2889 774 2916 axes
794 2877 899 2915 caeli
919 2877 985 2916 B:
1013 2877 1192 2917 axecelii
1218 2878 1255 2916 T
1417 2885 1459 2918 et
1481 2879 1566 2929 poli
1588 2893 1670 2919 om.
1701 2879 1738 2917 T
1899 2893 1948 2930 19
1977 2880 2077 2930 quid

329 2931 415 2969 sint
434 2930 546 2969 AT:
575 2944 681 2981 quae
702 2937 800 2970 sunt
823 2931 858 2969 C
981 2932 1074 2984 qui]
1096 2932 1197 2982 quid
1215 2931 1303 2970 KA
1436 2939 1562 2984 atque
1582 2948 1666 2974 om.
1689 2934 1732 2972 A
1855 2947 1903 2972 21
1935 2935 1971 2974 is
1991 2947 2074 2974 om.

329 2985 446 3023 KA:
480 2986 545 3024 his
581 2986 634 3024 T:
674 2985 742 3025 hic
771 2985 852 3024 BC
1027 3000 1078 3025 22
1109 2993 1152 3025 et
1170 2988 1262 3027 hab.
1290 2986 1348 3026 T:
1378 3001 1460 3028 om.
1484 2988 1654 3028 ABCK
1813 2989 1911 3028 ideo
1932 2989 2076 3029 BCT:

329 3040 487 3078 idcirco
508 3039 594 3078 KA
763 3054 814 3090 23
844 3041 1032 3080 inmotus
1058 3042 1100 3080 Β
1122 3043 1222 3092 (non
1241 3042 1305 3092 A)
1473 3057 1525 3093 24
1555 3043 1765 3082 elementa
1789 3043 1848 3083 C:
1877 3043 2076 3083 elementi

329 3093 376 3132 K
394 3096 498 3146 (non
517 3094 581 3145 A)
749 3106 802 3145 25
834 3095 985 3134 Forma
1004 3095 1053 3134 K
1056 3095 1109 3137 T:
1143 3096 1177 3135 F
1179 3097 1355 3137 ormatio
1374 3097 1471 3137 BC:
1505 3097 1656 3137 Forma
1674 3109 1776 3138 vero
1797 3097 1839 3136 A
1958 3109 2078 3139 mon-

329 3153 487 3188 stratur
507 3148 594 3187 KA
763 3151 816 3189 26
845 3148 1040 3202 erigitur]
1062 3155 1128 3190 est
1146 3148 1194 3190 K
1208 3149 1331 3191 Phia.
1360 3152 1461 3202 1831
1487 3152 1590 3204 (non
1610 3151 1673 3203 A)

2100 662 2123 703 5

2103 1073 2150 1101 10

2103 1483 2151 1523 15

2101 1892 2154 1921 20

2103 2302 2151 2342 25
