2176 3424
1061 126 1334 174 ISIDORI

317 254 518 304 violenti
549 256 874 306 inundatione
909 259 1189 319 Aegyptum
1227 255 1490 314 nocuisset,
1523 256 1805 319 indignatus
1838 271 1919 304 rex
1951 265 2070 304 tam-

318 352 466 399 quam
493 354 680 401 poenas
705 337 954 386 aflumine
979 337 1208 400 exigeret,
1223 337 1449 400 sagittam
1475 337 1526 385 in
1551 339 1709 386 undas
1734 330 1879 385 misit.
1953 339 2070 386 Non

318 420 529 467 multum
555 429 666 483 post
690 419 823 483 gravi
856 418 1127 467 valitudine
1157 427 1408 481 correptus
1433 421 1601 467 lumen
1637 418 1811 479 amisit,
1841 418 1925 481 qui
1957 427 2070 481 post

318 500 606 549 caecitatem
632 503 737 549 visu
754 509 955 563 recepto
980 501 1107 548 duos
1124 499 1372 548 oboliscos
1392 500 1495 549 Soli
1514 500 1731 549 sacravit.
1803 500 2069 550 Oboliscus

318 581 449 629 enim
478 582 652 646 sagitta
682 581 872 641 dicitur,
901 581 985 644 qui
1014 581 1129 629 ideo
1158 581 1208 629 in
1235 583 1401 630 medio
1436 583 1582 632 Circo
1611 582 1809 645 ponitur
1841 581 1956 645 quia
1985 599 2070 645 per
2091 601 2114 641 5

263 676 295 711 2
318 663 539 712 medium
566 665 809 713 mundum
836 665 909 712 sol
945 663 1105 712 currit.
1180 663 1355 712 Medio
1384 673 1549 712 autem
1584 666 1742 727 spatio
1767 665 1830 712 ab
1863 674 2069 726 utraque

315 752 446 792 meta
472 747 767 794 constitutus
792 744 1042 793 oboliscus
1059 745 1303 808 fastigium
1331 745 1764 808 summitatemque
1781 745 1902 794 caeli
1929 744 2070 807 signi-

314 826 440 885 ficat,
478 843 631 889 quum
669 829 742 876 sol
779 827 842 875 ab
880 837 1089 889 utroque
1127 826 1286 890 spatio
1320 827 1487 875 medio
1519 829 1749 875 horarum
1786 826 2068 875 discrimine

313 908 633 958 transcendit.
705 911 913 957 Summo
947 907 1172 956 obolisco
1206 909 1570 971 superpositum
1604 918 1677 957 est
1707 910 1963 971 quoddam
1987 924 2069 955 au-

315 999 473 1038 ratum
511 990 561 1038 in
599 992 803 1039 modum
842 992 1071 1038 flammae
1108 991 1386 1050 formatum,
1427 990 1660 1053 quoniam
1698 992 1771 1039 sol
1802 989 2065 1053 plurimum
2093 1013 2143 1040 10

315 1069 366 1118 in
393 1088 445 1119 se
470 1071 644 1120 caloris
668 1082 818 1134 atque
842 1071 966 1135 ignis
991 1072 1156 1120 habet.

120 1162 294 1201 XXXII
455 1155 540 1200 DE
565 1168 905 1202 CARCERlssvs.
978 1155 1038 1201 In
1065 1153 1212 1203 Circo
1239 1155 1372 1202 unde
1397 1154 1688 1202 emittuntur
1711 1153 1825 1216 equi
1850 1170 2067 1203 carceres

318 1233 562 1295 dicuntur,
589 1236 654 1284 ab
680 1252 738 1285 ea
763 1253 814 1284 re
839 1252 936 1298 qua
961 1244 1009 1285 et
1046 1235 1127 1285 ille
1152 1252 1315 1284 carcer
1348 1236 1432 1299 qui
1458 1246 1531 1284 est
1564 1236 1614 1283 in
1639 1236 1835 1285 civitate
1853 1254 1866 1297 3
1916 1238 2066 1299 quod,

317 1325 370 1363 ut
396 1315 464 1364 ibi
489 1317 718 1366 homines
743 1317 965 1365 damnati
989 1326 1138 1380 atque
1168 1317 1357 1377 inclusi,
1385 1317 1452 1366 ita
1477 1317 1557 1366 hic
1589 1317 1703 1381 equi
1729 1319 2068 1379 cohercentur,

316 1414 379 1446 ne
405 1408 579 1447 exeant
605 1408 870 1462 antequam
898 1399 1091 1462 signum
1117 1399 1376 1447 emittant.'
2093 1425 2142 1467 15

98 1487 293 1527 XXXIII
453 1481 538 1528 DE
562 1496 787 1529 AVRIGIS.
861 1483 954 1528 Ars
981 1480 1142 1531 Circi:
1185 1481 1350 1544 auriga
1376 1491 1423 1530 et
1448 1498 1631 1542 cursus,
1660 1482 1850 1545 equites
1879 1485 1955 1532 vel
1989 1500 2068 1547 pe-

316 1561 458 1610 dites.
531 1562 713 1626 Auriga
742 1562 936 1626 proprie
973 1565 1133 1612 dictus
1164 1564 1300 1625 quod
1335 1580 1529 1611 currum
1565 1573 1676 1627 agat
1709 1574 1757 1613 et
1789 1574 1939 1627 regat,
1968 1565 2068 1614 sive

316 1645 452 1705 quod
483 1644 621 1692 feriat
658 1644 852 1693 iunctos
890 1662 1058 1707 equos.
1133 1647 1263 1693 Nam
1300 1647 1436 1704 aurit,
1471 1646 1608 1707 ferit3
1658 1655 1710 1694 ut
1747 1646 1900 1710 (Virg.
1941 1650 2065 1697 Aen.

415 1725 565 1789 314)³

859 1810 1010 1856 Latus
1045 1808 1171 1857 aurit
1206 1818 1445 1872 apertum.
2093 1834 2144 1862 20

264 1903 294 1937 2
320 1891 434 1952 Ipse
452 1898 524 1938 est
541 1898 588 1938 et
604 1889 824 1952 agitator,
844 1890 894 1939 id
915 1899 988 1939 est
1007 1891 1300 1951 verberator,
1319 1890 1382 1939 ab
1399 1892 1593 1954 agendo
1613 1890 1787 1941 dictus.
1857 1892 2070 1957 Aurigae

316 1980 479 2019 autem
499 1972 696 2020 duobus
713 1971 959 2020 coloribus
986 1981 1116 2033 sunt,
1133 1972 1312 2035 quibus
1328 1972 1543 2035 speciem
1561 1972 1815 2022 idolatriae
1839 1974 2067 2023 vestiunt.

319 2054 448 2101 Nam
467 2053 690 2116 prasinus
716 2063 884 2114 terrae,
903 2063 1108 2103 venetus
1134 2056 1272 2103 caelo
1289 2064 1336 2102 et
1362 2054 1482 2103 mari
1503 2071 1530 2102 a
1550 2056 1750 2118 paganis
1770 2057 1961 2104 dicatus
1981 2068 2067 2105 est.

105 2143 295 2181 XXXlV
453 2137 537 2182 DE
564 2150 860 2191 QVADRIGIS.
925 2135 1281 2202 Erict<h>onius
1297 2145 1477 2196 autem,
1499 2136 1584 2199 qui
1609 2138 1826 2199 regnavit
1843 2138 2067 2197 Athenis,

318 2216 503 2279 primus
529 2226 760 2279 quattuor
794 2234 949 2280 equos
975 2217 1220 2266 iuncxisse
1245 2219 1423 2278 fertur;
1475 2217 1600 2266 sicut
1633 2219 1877 2281 Vergilius
1901 2228 2070 2269 auctor
2094 2241 2141 2282 25

316 2307 389 2346 est
415 2298 586 2346 dicens
615 2299 814 2361 (Georg.
834 2316 877 2361 3,
906 2317 924 2346 1
940 2298 1020 2364 13)
1042 2319 1050 2347 :

520 2379 713 2428 Primus
752 2379 1108 2447 Erict<h>onius
1146 2397 1312 2429 currus
1349 2391 1398 2430 et
1433 2390 1664 2444 quattuor
1698 2398 1847 2430 ausus

523 2464 733 2524 Iungere
769 2479 938 2525 equos,
978 2462 1259 2527 rapidisque
1294 2462 1411 2511 rotis
1448 2463 1670 2512 insistere
1705 2463 1871 2511 victor.

265 2558 295 2592 2
318 2543 432 2591 Fuit
473 2553 639 2591 autem
679 2543 934 2593 Minervae
971 2554 1018 2593 et
1060 2544 1272 2593 Vulcani
1309 2544 1436 2593 filius
1473 2546 1536 2593 de
1572 2545 1761 2593 caduca
1802 2544 1852 2592 in
1890 2554 2067 2594 terram

379 2687 396 2712 1
430 2672 651 2712 inundatio
674 2672 726 2710 Cl
810 2686 834 2711 2
865 2672 1043 2722 sagittas
1066 2674 1104 2711 Β
1178 2686 1202 2721 3
1232 2673 1416 2712 validine
1437 2673 1483 2711 K
1553 2685 1579 2724 4
1607 2673 1709 2712 solis
1728 2673 1784 2711 B1
1860 2685 1883 2723 5
1914 2675 2066 2713 circum

319 2728 361 2765 B
489 2729 516 2766 6
545 2734 683 2765 curret
703 2726 774 2766 K:
804 2729 988 2766 cucurrit
1004 2727 1051 2765 (ΣΙ
1167 2728 1352 2766 Medium
1374 2741 1440 2767 au.
1463 2729 1644 2778 spatium
1661 2729 1698 2765 Β
1827 2741 1848 2778 7
1879 2734 2017 2767 moeta
2040 2728 2077 2766 T

321 2784 346 2820 8
377 2789 556 2832 utraque
575 2780 683 2820 B1K
795 2794 845 2821 10
874 2782 1123 2834 plurimum]
1146 2781 1387 2831 primuml<
1499 2795 1546 2821 12
1578 2782 1740 2821 Idcirco
1769 2781 1806 2819 T
1931 2795 1979 2832 13
2008 2784 2068 2821 di-

321 2843 473 2876 cuntur
493 2836 583 2875 Klv
602 2850 610 2874 :
642 2836 839 2875 dixerunt
860 2835 940 2876 BC
945 2837 1025 2876 TU
1130 2837 1288 2875 habere
1307 2850 1389 2886 qua
1409 2843 1452 2876 et
1471 2836 1530 2875 illi
1558 2835 1596 2874 T
1757 2849 1806 2884 14
1835 2842 1881 2876 ut
1901 2837 1975 2888 ibi]
1999 2838 2069 2876 ubi

321 2892 387 2930 B:
417 2891 473 2930 ibi
494 2890 541 2929 K
644 2893 693 2930 16
723 2904 870 2930 cursus
893 2891 993 2931 CT:
1024 2904 1171 2930 currus
1190 2890 1279 2929 ΒΚ
1350 2905 1414 2940 eq.
1434 2891 1526 2930 sive
1547 2891 1641 2941 ped.
1665 2890 1700 2929 C
1803 2892 1852 2929 18
1881 2890 1947 2942 ut]
1967 2898 2009 2931 et
2029 2891 2072 2929 Β

322 2959 369 2983 21
403 2946 653 2995 agitatorum
683 2944 721 2983 T
886 2959 939 2985 22
969 2947 1112 2996 specie
1132 2944 1221 2983 ΒΚ
1387 2958 1439 2994 23
1468 2943 1714 2984 veneturC1
1852 2946 2071 2985 dedicatus

322 2999 629 3093 l1⁷.<·:d·clic1:us.KT
716 3010 768 3049 25
797 3013 863 3040 au.
889 3002 973 3053 est]
997 3006 1212 3040 auctorem
1237 2998 1287 3038 C1
1383 3002 1436 3038 28
1466 3001 1723 3050 rapidusque
1742 2999 1784 3037 Β
1878 3013 1931 3051 29
1960 3006 2073 3039 terra

338 3068 393 3093 1v1
427 3068 539 3093 mem
