2176 3424
387 102 1018 151 ETYMOLOGIARVM
1057 102 1189 149 LIB.
1226 103 1366 148 XIX.
1406 99 1613 147 xvii—xix

268 234 350 279 DE
371 246 757 280 1NSTRVMENTls
779 245 1178 279 AED1F1C10RVM.
1219 232 1523 278 Instructura
1542 239 1708 278 autem
1730 228 1880 292 parie-
1902 241 2050 282 XVIII

134 324 238 362 turn
265 315 328 362 ad
354 331 578 362 normam
605 315 705 362 fieri
732 322 780 362 et
812 314 876 362 ad
909 311 1318 375 perpendiculum
1346 312 1645 375 respondere
1671 319 1877 374 oportet.

136 397 323 444 Norma
360 395 492 444 dicta
530 397 721 444 Graeco
751 394 1009 453 vocabu10‚
1039 402 1172 442 extra
1208 410 1357 456 quam
1396 392 1518 441 nihil
1556 402 1742 442 rectum
1779 393 1882 442 fieri

135 486 312 538 potest.
387 476 700 540 Conponitur
736 484 902 524 autem
940 491 997 523 ex
1035 474 1189 523 tribus
1222 474 1414 537 regulis,
1443 474 1510 523 ita
1544 484 1596 523 ut
1629 476 1757 523 duae
1788 473 1883 522 sint

90 582 110 622 5
138 557 308 606 binum
334 552 541 622 pedum,
578 557 718 607 tertia
753 557 934 606 habeat
965 558 1116 620 pedes
1151 557 1290 615 duos,
1328 555 1497 605 uncias
1535 557 1725 613 decem,
1762 573 1883 618 quas

136 640 327 703 aequali
354 639 676 689 crassitudine
701 639 878 702 politas
905 638 1131 687 extremis
1157 637 1499 686 cacuminibus
1526 637 1618 686 sibi
1649 636 1805 700 iungit
1830 645 1883 685 ut
1929 650 1934 663 ⁵

138 724 389 771 schemam
416 723 591 785 trigoni
617 720 811 769 faciant.
887 722 947 768 Id
982 722 1071 768 erit
1104 736 1291 768 norma.
1367 721 1555 782 Regula
1589 718 1720 767 dicta
1746 720 1882 781 quod
1906 727 1937 762 2

138 804 198 852 sit
224 814 368 864 recta,
398 805 537 866 quasi
564 805 763 862 rectula,
786 811 833 850 et
861 801 1257 864 inpedimentum
1284 817 1384 848 non
1406 801 1599 849 habeat.
1674 803 1884 863 Perpen-

139 887 357 935 diculum
386 895 457 933 est
484 886 619 948 quod
647 900 840 947 semper
865 883 1176 946 adpenditur.
1253 882 1484 945 Denique
1509 882 1559 929 in
1585 882 1767 931 fabrica
1792 881 1886 930 nisi

68 981 116 1010 10
140 963 306 1012 omnia
336 965 399 1012 ad
434 962 842 1026 perpendiculum
878 971 925 1010 et
963 971 1145 1010 certam
1180 962 1398 1024 regulam
1424 962 1556 1020 fiant,
1586 977 1789 1008 necesse
1814 968 1887 1008 est

140 1054 317 1094 cuncta
354 1046 592 1093 mendosa
630 1044 930 1092 instruantur
949 1062 960 1103 3
999 1052 1050 1091 ut
1087 1042 1250 1105 aliqua
1289 1059 1435 1104 prava
1469 1043 1577 1101 sint,
1608 1041 1773 1104 aliqua
1809 1058 1887 1089 cu-

140 1126 320 1186 bantia,
360 1143 515 1190 prona
552 1127 804 1185 nonnulla,
836 1126 929 1173 alia
968 1123 1172 1187 supina3
1210 1134 1257 1172 et
1296 1133 1493 1187 propter
1530 1125 1625 1171 hoc
1662 1125 1888 1171 universa

140 1219 253 1258 sunt
291 1218 583 1257 constructa.
659 1207 812 1256 Linea
843 1224 1022 1270 genere
1057 1223 1146 1255 suo
1176 1207 1434 1270 appellata,
1463 1205 1578 1268 quia
1603 1223 1661 1254 ex
1686 1204 1787 1253 lino
1819 1205 1884 1251 fit.
1912 1220 1942 1266 3

141 1293 338 1339 Trullae
365 1306 549 1339 nomen
574 1291 759 1337 factum
787 1306 846 1338 eo
872 1290 1008 1351 quod
1034 1287 1185 1336 trudit
1219 1297 1266 1336 et
1301 1286 1530 1347 detrudit,
1562 1286 1610 1336 id
1639 1295 1711 1335 est
1738 1285 1889 1334 inclu-

71 1401 116 1440 15
142 1372 213 1421 dit
251 1374 385 1420 calce
423 1373 498 1420 vel
534 1372 638 1419 luto
676 1370 877 1434 lapides.
955 1371 1225 1418 Martellus.
1303 1368 1553 1417 Machina.
1628 1369 1798 1416 Scalae
1824 1367 1887 1415 ab
1909 1379 1943 1426 4

144 1454 444 1512 scandendo,
471 1452 522 1500 id
559 1461 632 1500 est
668 1454 1002 1511 ascendendo,
1033 1461 1266 1511 vocatae3
1302 1452 1504 1499 haerent
1538 1451 1670 1499 enirn
1701 1448 1890 1514 parieti-

146 1536 253 1584 bus,
325 1536 494 1583 Scalae
530 1543 695 1583 autern
734 1534 979 1594 dicuntur,
1015 1543 1098 1581 aut
1136 1550 1263 1582 unae
1304 1532 1399 1581 sint
1437 1542 1521 1580 aut
1560 1534 1738 1595 plures,
1777 1530 1892 1593 quia

143 1617 335 1665 numeri
371 1625 562 1665 tantum
600 1616 796 1679 pluralis
827 1625 900 1665 est
933 1632 1132 1675 nomen,
1161 1624 1214 1663 ut
1247 1614 1434 1663 litterae
1469 1631 1595 1676 quae
1632 1613 1889 1676 epistolam

147 1699 435 1763 significant.

75 1810 124 1838 20
285 1784 367 1829 DE
402 1796 680 1829 LlGNARus.
757 1779 1012 1843 Lignarius
1038 1778 1326 1842 generaliter
1351 1778 1468 1840 ligni
1495 1777 1658 1840 opifex
1683 1777 1895 1839 appella-
1920 1785 2029 1826 XIX

148 1873 236 1912 tur.
295 1862 640 1926 Carpentarius
668 1861 878 1925 speciale
904 1878 1088 1909 nomen
1118 1869 1190 1908 est
1210 1879 1222 1920 3
1257 1869 1546 1923 carpentum
1573 1857 1706 1907 enim
1733 1859 1893 1906 solum

149 1945 277 2005 facit,
306 1945 430 1993 sicut
468 1942 794 1993 navicularius
832 1942 948 2004 quia
986 1950 1177 1990 tantum
1210 1943 1409 1990 navium
1448 1950 1520 1989 est
1557 1939 1817 1988 fabricator
1848 1948 1896 1986 et

149 2026 330 2074 artifex.
404 2027 695 2076 Sarcitector
732 2023 892 2073 dictus
931 2025 1067 2086 quod
1105 2039 1163 2072 ex
1200 2024 1366 2070 multis
1403 2021 1519 2070 hinc
1553 2030 1601 2070 et
1634 2020 1750 2070 inde
1783 2029 1948 2068 con-2

150 2107 328 2156 iunctis
366 2107 544 2156 tabulis
581 2123 734 2154 unum
774 2105 890 2154 tecti
929 2106 1102 2153 sarciat
1137 2120 1328 2167 corpus.
1405 2105 1548 2152 Idem
1576 2112 1623 2150 et
1648 2100 1894 2165 tignarius,

78 2214 125 2254 25
153 2193 267 2254 quia
304 2189 506 2238 tectoria
538 2187 679 2250 lignis
713 2186 917 2235 inducit.
993 2186 1205 2248 Lignum
1232 2193 1460 2233 vocatum
1495 2184 1686 2232 Graeca
1714 2191 1898 2245 etymo·
1920 2191 1951 2237 3

152 2270 293 2333 logia,
317 2270 432 2333 quia
448 2272 706 2318 incensum
724 2270 774 2316 in
793 2270 962 2316 lumen
983 2266 1281 2315 convertitur
1299 2275 1347 2314 et
1368 2267 1418 2312 in
1438 2266 1705 2313 flammam.
1748 2265 1897 2311 Vnde

155 2351 243 2418 [et]
280 2351 533 2415 lychnium
567 2350 758 2408 dicitur,
788 2351 924 2412 quod
957 2351 1130 2397 lumen
1163 2350 1260 2396 det.
1336 2348 1546 2395 Materia
1578 2346 1696 2395 inde
1721 2345 1952 2396 dicitur4

155 2452 303 2483 omne
328 2434 513 2498 lignum
549 2435 684 2496 quod
719 2449 776 2480 ex
809 2448 866 2480 ea
902 2430 1088 2493 aliquid
1121 2431 1356 2480 efficiatur
1373 2447 1385 2491 3
1422 2431 1497 2478 vel
1529 2428 1567 2477 si
1601 2430 1665 2477 ad
1700 2427 1899 2476 ianuam

154 2518 331 2565 referas
357 2517 432 2564 vel
457 2517 521 2564 ad
547 2525 771 2573 statuam,
802 2512 1004 2561 materia
1034 2511 1137 2560 erit.
1199 2512 1280 2559 Ad
1313 2510 1501 2573 aliquid
1532 2509 1663 2559 enirn
1699 2508 1902 2558 materia

211 2661 234 2697 4
265 2647 418 2686 reculis
439 2645 485 2683 K
631 2657 654 2694 5
685 2645 813 2683 habet
840 2642 878 2680 T
983 2643 1065 2681 duo
1086 2641 1132 2679 K
1278 2642 1304 2679 6
1332 2641 1596 2680 acuminibus
1614 2639 1695 2678 BC
1702 2639 1739 2677 T
1841 2640 1902 2678 uti

157 2716 296 2743 scema
319 2701 354 2740 C
462 2713 511 2739 10
541 2705 607 2738 est
628 2704 672 2737 ut
693 2712 787 2737 cun.
817 2698 851 2736 C
974 2709 1018 2734 11
1053 2695 1200 2747 prava]
1224 2708 1352 2745 parva
1381 2695 1417 2732 T
1535 2709 1582 2733 12
1611 2695 1713 2745 hoe]
1736 2695 1841 2733 haec
1863 2695 1903 2732 B

162 2770 208 2807 13
237 2755 358 2807 sunt]
379 2762 478 2794 sunt
498 2767 627 2805 prave
650 2753 707 2792 C:
739 2758 867 2791 ruunt
888 2751 1012 2791 Arev.
1182 2750 1299 2800 quia]
1321 2751 1434 2800 quod
1452 2749 1498 2788 K
1658 2763 1714 2788 ex
1733 2749 1848 2798 ligno
1872 2749 1909 2788 T

163 2826 211 2861 14
240 2818 282 2850 et
317 2810 503 2849 detrudit
542 2822 625 2848 om.
682 2807 718 2845 T
867 2820 915 2856 15
947 2806 1110 2845 macina
1148 2804 1311 2844 BlClT
1453 2808 1501 2843 16
1531 2804 1792 2843 ascindendo
1832 2803 1901 2842 N:

160 2867 399 2906 ascadendo
438 2864 483 2903 K
607 2876 654 2912 17
685 2868 782 2901 sunt
822 2861 872 2900 C1
908 2862 1012 2912 (non
1057 2860 1112 2909 U)
1242 2873 1290 2909 19
1319 2859 1528 2909 significat
1567 2858 1613 2896 K
1733 2870 1781 2895 21
1814 2871 1903 2897 car-

162 2922 348 2972 pentium
372 2918 421 2959 Cl
557 2930 705 2957 sonum
724 2915 780 2954 Β1
944 2929 994 2954 22
1025 2915 1087 2966 et]
1110 2920 1154 2952 ut
1183 2913 1247 2965 T(
1255 2920 1333 2965 pro
1351 2914 1417 2953 vel
1433 2915 1463 2966 ἒ)
1647 2914 1700 2951 26
1730 2913 1825 2951 flam
1853 2912 1905 2952 Tl

164 2989 214 3024 27
245 2981 286 3013 et
302 2975 394 3013 hab.
419 2974 474 3012 T:
496 2986 579 3012 om.
598 2970 720 3010 BCK
882 2970 1068 3008 licinium
1087 2967 1229 3007 CKT:
1250 2969 1449 3008 lucinium
1467 2968 1503 3006 Β
1671 2967 1850 3007 Meteria
1864 2967 1904 3006 Β

166 3031 217 3068 28
248 3042 302 3068 ex
321 3042 372 3068 eo
398 3029 432 3068 C
540 3040 592 3077 29
621 3031 718 3065 mat.
741 3038 876 3075 semp.
901 3024 1010 3064 BK:
1041 3036 1173 3072 semp.
1197 3029 1293 3062 mat.
1318 3023 1396 3063 CT
