2176 3424
507 101 1139 149 ETYMOLOGIARVM
1181 101 1310 147 LIB.
1350 102 1397 146 X

89 232 300 280 Sedulus
333 230 568 280 familiare
605 232 809 280 verbum
847 229 1081 290 Terenti3
1125 231 1221 278 hoc
1261 238 1334 278 est
1372 229 1478 276 sine
1515 229 1661 276 dolo:
1711 227 1831 275 alias

90 311 340 361 adsiduus.
413 314 617 362 Sodales
643 313 873 362 dicuntur
907 311 991 375 qui
1016 313 1080 361 ad
1105 311 1387 374 symbolum
1421 308 1685 358 convenire
1718 325 1833 357 con·
1854 312 1954 361 245

90 403 367 454 sueverunt,
406 394 545 456 quasi
587 396 865 443 suadentes.
963 392 1066 455 Ipsi
1109 402 1157 441 et
1198 391 1318 440 socii
1361 392 1592 439 dicuntur
1633 400 1832 453 propter

90 474 292 537 periculi
327 481 411 523 aut
449 477 609 538 operis
650 475 950 534 societatem,
988 473 1128 537 quasi
1161 474 1212 521 in
1241 490 1340 522 una
1372 471 1527 535 caliga
1559 481 1607 521 et
1643 471 1694 519 in
1732 489 1832 520 uno

42 568 64 606 5
89 556 294 620 vestigio
331 566 600 606 manentes.
674 558 876 616 Stultus,
903 555 1128 604 hebetior
1164 556 1328 614 corde,
1365 554 1490 602 sicut
1527 553 1729 617 quidam
1767 553 1834 602 ait
1860 552 1962 612 246

89 637 278 701 (Afran.
297 638 417 703 416)
438 658 446 686 z

138 721 244 782 Ego
282 736 361 768 me
399 737 505 769 esse
543 722 748 768 stultum
786 718 1041 769 existimo:
1095 720 1286 767 fatuum
1324 734 1431 767 esse
1468 735 1570 766 non
1608 716 1772 780 opino,

90 801 142 850 id
167 810 239 850 est
265 802 489 850 obtunsis
515 801 718 865 quidem
746 800 984 860 sensibus,
1014 818 1115 849 non
1141 811 1308 849 tamen
1333 800 1493 849 nullis.
1556 801 1743 849 Stultus
1760 807 1834 848 est

92 883 176 946 qui
200 901 285 947 per
309 894 559 947 stuporem
596 901 698 932 non
723 893 949 932 movetur
974 882 1177 943 iniuria3
1220 882 1472 931 saevitiam
1497 881 1631 931 enim
1657 882 1836 945 perfert

12 982 67 1008 '10
91 983 184 1014 nec
209 967 339 1014 ultus
366 976 452 1025 est,
480 983 572 1014 nec
598 968 696 1014 ulla
722 964 992 1028 ignominia
1018 974 1359 1014 commovetur
1384 966 1570 1014 dolore.
1645 963 1832 1027 Segnis,
1859 974 1956 1023 247

91 1046 142 1096 id
166 1056 239 1096 est
265 1047 369 1096 sine
395 1047 508 1111 igni,
536 1047 734 1110 ingenio
759 1064 944 1096 carens.
1035 1049 1125 1096 ‘Se
1145 1048 1154 1068 ⁷
1178 1056 1345 1095 autem
1372 1046 1478 1095 sine
1504 1046 1759 1109 significat,
1783 1054 1836 1093 ut

92 1130 291 1178 sedulus
317 1129 421 1177 sine
452 1130 582 1178 dolo.
674 1132 898 1189 Securus,
927 1129 1067 1192 quasi
1101 1131 1206 1178 sine
1239 1146 1354 1177 cura
1373 1147 1385 1189 3
1421 1128 1471 1177 id
1502 1137 1576 1177 est
1613 1127 1831 1191 frigidus,

91 1228 176 1273 per
201 1212 336 1274 quod
367 1210 562 1259 inutiles
596 1211 878 1274 accipimus.
953 1210 1205 1273 Stupidus,
1234 1211 1426 1274 saepius
1461 1219 1677 1274 stupens.
1752 1212 1838 1259 Su·
1860 1209 1960 1269 248

92 1293 271 1356 perbus
297 1292 458 1341 dictus
485 1292 600 1355 quia
625 1310 770 1355 super
803 1295 905 1341 vult
934 1292 1087 1342 videri
1121 1310 1270 1355 quam
1305 1303 1411 1353 est;
1449 1291 1532 1355 qui
1568 1291 1700 1340 enim
1734 1293 1837 1340 vult

21 1393 67 1432 15
93 1374 375 1438 supergredi
401 1376 538 1437 quod
563 1384 650 1434 est,
680 1374 920 1437 superbus
947 1384 1032 1423 est.
1108 1375 1314 1422 Susurro
1341 1375 1404 1422 de
1430 1390 1555 1422 sono
1575 1372 1838 1422 locutionis
1862 1380 1965 1428 249

92 1458 378 1520 appellatus,
398 1456 512 1518 quia
538 1446 638 1504 non
658 1455 708 1503 in
727 1456 851 1505 facie
867 1455 1086 1514 alicuius,
1106 1458 1194 1504 sed
1210 1456 1259 1504 in
1277 1472 1392 1505 aure
1413 1457 1630 1518 loquitur
1646 1456 1710 1504 de
1726 1457 1840 1503 alte-

93 1555 146 1586 ro
171 1539 492 1587 detrahendo.
543 1537 828 1596 Seditiosus‚
853 1538 937 1601 qui
962 1537 1322 1587 dissensionem
1348 1539 1626 1586 animorum
1654 1536 1768 1586 facit
1793 1546 1842 1586 et
1864 1543 1962 1592 250

95 1619 364 1669 discordias
390 1618 555 1682 gignit,
584 1637 733 1682 quarn
751 1619 928 1669 Graeci
954 1620 1201 1669 διάστασιν
1218 1620 1402 1669 dicunt.
1450 1622 1670 1679 Severus,
1700 1618 1841 1683 quasi

96 1719 267 1751 saevus
294 1718 434 1750 verus
452 1720 465 1762 3
502 1711 635 1750 tenet
662 1701 793 1750 enim
821 1703 925 1750 sine
952 1701 1133 1765 pietate
1159 1701 1409 1750 iustitiam.
1483 1703 1748 1749 Simulator
1773 1701 1841 1749 di·
1864 1709 1951 1757 251

13 1802 73 1831 :20
96 1785 220 1832 citur
244 1800 271 1831 a
297 1783 558 1831 simulacro
579 1801 592 1844 3
627 1792 784 1846 gestat
809 1783 940 1831 enim
963 1783 1334 1832 similitudinem
1357 1782 1476 1842 eius,
1500 1799 1626 1845 quae
1646 1800 1748 1831 non
1769 1792 1842 1831 est

97 1865 212 1929 ipse.
287 1868 468 1914 Suasor
502 1863 550 1931 [a
575 1866 834 1914 suadendo
864 1881 1013 1928 quem
1039 1867 1142 1913 vult
1179 1862 1443 1929 decipere}
1519 1862 1841 1930 [Studiosus.]
1867 1873 1962 1925 252

99 1949 438 2010 Scrupulosus,
470 1946 622 1995 animi
656 1946 833 1995 minuti
873 1956 921 1996 et
959 1946 1130 2010 asperi.
1190 1949 1378 2009 Scrupo
1416 1956 1489 1994 est
1529 1945 1662 1995 enirn
1694 1962 1844 1995 arena

99 2028 278 2078 durior.
332 2029 604 2092 Sacrilegus
630 2029 807 2078 dicitur
831 2029 895 2077 ab
912 2045 972 2078 eo
998 2030 1135 2091 quod
1161 2045 1295 2076 sacra
1320 2027 1448 2091 legit,
1468 2029 1520 2077 id
1545 2038 1618 2077 est
1643 2030 1841 2077 furatur.

100 2111 310 2160 Sicarius
334 2121 536 2159 vocatur
561 2112 676 2173 quia
700 2112 764 2159 ad
790 2111 1173 2173 perpetrandum
1201 2111 1359 2158 scelus
1386 2109 1493 2158 telis
1513 2118 1729 2158 armatus
1756 2119 1842 2158 est.

28 2212 76 2251 25
102 2192 213 2242 Sica
255 2194 386 2241 enim
426 2191 616 2255 gladius
653 2202 740 2251 est,
780 2209 808 2240 a
844 2193 1060 2240 secando
1099 2201 1316 2240 vocatus.
1390 2194 1618 2252 Scaevus,
1652 2191 1846 2240 sinister
1870 2197 1966 2246 253

102 2284 251 2337 atque
275 2290 542 2337 perversus,
572 2274 663 2321 ἀπὸ
687 2277 767 2321 τοῦ
791 2277 971 2321 σκαιοῦ.
1045 2274 1134 2321 Est
1165 2272 1298 2320 enim
1336 2272 1535 2336 pessimi
1562 2282 1610 2321 et
1635 2272 1846 2321 crudelis

160 2419 184 2443 2
205 2404 379 2443 simbola
409 2403 446 2442 T
511 2417 535 2453 3
555 2405 672 2443 suad.
693 2405 794 2443 alias
815 2403 935 2453 quasi
957 2403 1125 2442 sedales
1147 2403 1259 2452 quod
1280 2402 1404 2441 simul
1425 2403 1604 2441 sedeant
1628 2401 1853 2441 CT2UVX

108 2459 212 2509 (non
227 2459 314 2509 AI)
471 2459 551 2509 ipsi
574 2465 616 2498 et
637 2473 717 2498 om.
752 2458 809 2497 T:
841 2464 883 2497 et
904 2471 986 2496 om.
1010 2458 1037 2495 I
1215 2471 1240 2506 4
1262 2470 1386 2496 unam
1409 2457 1585 2506 caligam
1607 2458 1709 2510 (-11-)
1733 2457 1844 2497 codd.

107 2527 130 2564 5
151 2521 193 2553 et
213 2514 351 2552 betior
379 2514 433 2552 T:
465 2519 506 2552 et
526 2513 688 2552 ebetior
710 2512 758 2552 C1
896 2513 975 2564 ait]
997 2513 1085 2560 agit
1111 2511 1147 2550 T
1283 2524 1304 2561 7
1326 2512 1507 2551 factunm
1529 2511 1578 2549 Tl
1597 2513 1698 2562 (non
1719 2511 1820 2559 ΠΧ)
1839 2526 1847 2550 :

107 2569 263 2608 factum
283 2567 378 2607 KM
396 2567 496 2618 (non
516 2568 651 2617 ADI)
845 2568 974 2618 opino
995 2566 1042 2605 K
1059 2582 1067 2606 ε
1097 2567 1250 2616 opinor
1269 2566 1591 2618 ABCDIT(ex
1609 2567 1739 2618 -nior)
1770 2565 1855 2604 UX

108 2637 134 2672 9
155 2623 337 2672 perferet
360 2623 398 2661 T
501 2637 551 2661 10
570 2623 705 2662 ulloB
718 2623 823 2675 (non
837 2622 880 2672 I)
965 2622 1223 2671 ignominiae
1241 2620 1362 2659 BKG
1378 2622 1480 2672 (non
1492 2621 1538 2672 I)
1652 2634 1700 2669 14
1730 2621 1847 2671 quia]

109 2679 220 2726 quod
238 2677 279 2715 Β
370 2678 518 2716 videre
539 2676 628 2714 ΚΤ
761 2679 810 2715 16
847 2676 963 2727 quia]
986 2677 1055 2726 qui
1074 2677 1115 2715 Β
1136 2676 1239 2726 (non
1259 2675 1302 2728 I)
1436 2688 1483 2724 17
1514 2676 1791 2714 detraendum
1823 2674 1860 2711 T

116 2734 163 2770 18
192 2730 335 2781 quam]
357 2745 482 2781 quem
502 2731 543 2769 Β
658 2745 707 2781 19
737 2731 911 2782 saevus]
931 2744 1080 2769 servus
1101 2730 1167 2771 B:
1199 2731 1301 2769 satis
1325 2729 1404 2768 CK
1421 2732 1525 2779 (non
1545 2731 1587 2780 I)
1729 2743 1782 2768 20
1811 2743 1847 2769 e.

111 2799 217 2836 quae
233 2787 353 2836 (que)
374 2786 622 2825 CIKTUV:
651 2800 687 2825 e.
708 2792 751 2825 et
766 2799 898 2835 usque
913 2786 954 2822 A
976 2801 985 2824 ε
1016 2800 1052 2825 e.
1077 2786 1190 2836 quod
1209 2786 1251 2823 Β
1373 2799 1422 2823 21
1454 2799 1479 2824 a
1500 2786 1640 2824 suad..
1659 2813 1669 2824 .
1689 2815 1697 2824 .
1712 2784 1848 2834 decip.

113 2854 193 2880 om.
225 2840 275 2879 Tl
292 2846 340 2880 ut
353 2841 432 2880 vid.
457 2856 466 2880 z
495 2841 588 2881 hab.
610 2840 938 2880 ABIKT2UV:
969 2841 1013 2879 in
1038 2854 1115 2880 sua
1141 2846 1255 2879 sorte
1283 2841 1458 2879 trahens
1482 2839 1517 2878 C
1540 2841 1645 2890 (pro
1666 2839 1707 2876 in
1733 2851 1851 2877 suam

114 2902 269 2934 sortem
301 2898 366 2947 tr.)
491 2895 612 2935 Stud.
643 2897 735 2937 Ιιαὸ.
774 2895 810 2933 T
833 2895 949 2946 (add.
977 2896 1095 2945 quasi
1127 2895 1264 2934 studis
1293 2894 1483 2934 curiosus
1521 2893 1589 2944 T2)
1625 2893 1728 2931 UV:
1767 2906 1851 2934 om.

115 2948 310 2989 ABCJK
495 2964 548 2989 22
591 2950 740 2988 muniti
782 2949 838 2989 T:
882 2950 970 2990 nuti
1006 2950 1046 2988 Β
1211 2962 1388 2999 scrupor
1421 2949 1461 2986 „4
1487 2963 1494 2986 :
1535 2961 1591 2986 cm
1626 2951 1854 2998 scrupum‘?

118 3016 171 3052 23
201 3004 354 3044 dicitur
373 3018 454 3043 om.
487 3003 534 3042 Tl
646 3005 806 3043 furator
835 3003 871 3041 T
992 3019 1043 3054 24
1074 3010 1247 3043 vocatur
1271 3017 1352 3043 om.
1376 3003 1542 3053 K(110n
1562 3002 1624 3054 A)
1756 3003 1855 3050 quia

118 3057 200 3096 IT:
235 3059 304 3107 qui
325 3059 430 3098 AC:
461 3071 539 3108 qua
560 3058 626 3097 K:
657 3059 768 3109 quod
789 3059 828 3097 Β
939 3071 988 3109 25
1010 3060 1061 3098 ad
1082 3071 1166 3098 sec.
1190 3059 1230 3097 Β
1340 3061 1392 3096 26
1420 3058 1456 3097 ἀ.
1483 3071 1519 3095 τ.
1545 3069 1582 3096 σ.
1607 3070 1690 3096 om.
1711 3055 1782 3095 [Κ
