2176 3424
1092 127 1365 175 ISIDORI

294 283 328 329 9
353 273 466 305 cum
502 256 552 304 in
589 266 726 320 parte
762 256 869 305 atrii
905 258 1166 306 adversum
1205 257 1530 307 venientibus.
1604 261 1761 308 Arcus
1803 258 1923 307 dicti
1964 260 2098 321 quod

271 360 329 395 10
353 337 449 386 sint
487 346 591 387 arta
629 338 950 389 conclusione
997 338 1182 388 curvati
1203 358 1216 400 5
1267 339 1359 403 ipsi
1407 350 1456 389 et
1498 340 1721 390 fornices.
1814 339 2102 390 Pavimenta

351 419 590 483 originem
616 422 750 484 apud
777 422 995 471 Graecos
1032 421 1220 471 habent
1250 422 1499 471 elaborata
1534 432 1638 472 arte
1673 422 1891 487 picturae
1913 441 1926 484 5
1960 422 2100 472 litho-

349 511 502 551 strota
527 502 739 567 parvulis
764 502 938 552 crustis
965 520 1024 552 ac
1050 503 1256 553 tessellis
1282 503 1447 553 tinctis
1473 504 1523 553 in
1548 504 1706 555 varios
1732 507 1934 555 colores.
2004 508 2101 555 Vo-

349 594 458 633 cata
497 594 663 634 autem
706 584 987 648 pavimenta
1027 603 1087 634 eo
1126 587 1262 649 quod
1302 586 1573 650 paviantur,
1614 586 1665 637 id
1704 596 1777 636 est
1815 589 2097 638 caedantur.
2123 605 2144 645 5

281 679 325 713 11
350 669 499 717 Vnde
524 676 572 716 et
599 684 764 731 pavor,
794 667 909 730 quia
935 667 1098 717 caedit
1124 685 1222 717 cor.
1296 669 1533 718 Ostracus
1564 678 1637 717 est
1669 667 2008 732 pavimentum
2035 678 2101 718 te-

351 758 585 810 staceum,
622 766 683 799 eo
721 750 858 813 quod
894 749 1058 798 fractis
1092 749 1229 799 testis
1264 751 1400 800 calce
1435 750 1657 800 admixto
1695 749 1922 813 feriatur3
1975 759 2100 800 testa

273 846 328 882 12
351 830 483 881 enim
524 831 700 881 Graeci
738 834 885 896 ὅστρα
922 831 1107 881 dicunt.
1192 832 1528 896 Conpluvium
1567 832 1755 882 dictum
1793 833 1909 896 quia
1944 849 2102 896 aquae

352 913 585 976 partibus,
614 931 741 977 quae
767 913 896 963 circa
929 923 1057 975 sunt,
1087 932 1147 964 eo
1172 914 1492 964 conveniunt.
1563 916 1785 964 Tessella
1810 923 1924 963 sunt
1949 932 1977 963 e
2001 913 2103 978 qui—

349 995 443 1044 bus
469 995 723 1045 domicilia
749 1005 1045 1056 sternuntur,
1073 1013 1102 1044 a
1127 995 1322 1046 tesseris
1358 995 1628 1057 nominata,
1656 995 1707 1045 id
1745 1006 1818 1045 est
1852 995 2102 1059 quadratis
2128 1012 2176 1041 ιο

270 1087 323 1135 13
349 1076 540 1141 lapillis,
568 1095 653 1141 per
690 1077 1090 1128 diminutionem.
1167 1081 1318 1128 Bases
1353 1080 1563 1127 fulturae
1594 1088 1707 1126 sunt
1741 1079 2105 1138 columnarum,

349 1177 477 1223 quae
509 1177 537 1209 a
575 1161 903 1210 fundamento
928 1170 1234 1224 consurgunt
1264 1170 1312 1210 et
1347 1160 1684 1225 superpositae
1718 1159 1931 1209 fabricae
1966 1159 2105 1209 susti-

351 1251 471 1291 nent
487 1243 699 1306 pondus.
778 1245 958 1292 ‘Bases
976 1244 986 1264 ⁹
1006 1252 1174 1292 autem
1196 1259 1382 1292 nomen
1398 1253 1567 1307 petrae
1583 1252 1656 1292 est
1674 1241 1968 1291 fortissimae
1984 1244 2105 1305 Syro

270 1332 326 1379 14
351 1340 592 1374 sermone.
667 1326 946 1375 Columnae
971 1342 1060 1388 pro
1085 1323 1396 1388 longitudine
1419 1334 1466 1373 et
1491 1322 1794 1373 rotunditate
1820 1332 2040 1383 vocatae,
2055 1322 2106 1370 in

350 1406 530 1468 quibus
573 1405 723 1455 totius
766 1405 980 1456 fabricae
1019 1407 1217 1470 pondus
1267 1405 1478 1469 erigitur.
1565 1403 1786 1468 Antiqua
1834 1404 1956 1453 ratio
2005 1413 2106 1454 erat
2131 1421 2175 1462 15

350 1489 694 1537 columnarum
720 1487 994 1538 altitudinis
1022 1487 1163 1537 tertia
1188 1504 1299 1551 pars
1320 1487 1653 1538 latitudinum.
1722 1487 1919 1536 Genera
1943 1494 2106 1535 rotun-

350 1571 524 1620 darum
573 1580 835 1634 quattuor:
889 1569 1117 1630 Doricae,
1163 1569 1383 1632 Ionicae,
1426 1568 1749 1629 Tuscanicae,
1802 1566 2104 1626 Corinthiae,

352 1669 582 1702 mensura
614 1652 950 1703 crassitudinis
991 1662 1040 1702 et
1075 1652 1349 1702 altitudinis
1384 1652 1509 1702 inter
1541 1669 1593 1702 se
1624 1650 1878 1701 distantes.
1953 1648 2106 1712 Quin-

353 1745 457 1784 tum
487 1752 643 1799 genus
669 1746 743 1785 est
769 1753 936 1785 earum
967 1752 1096 1799 quae
1126 1744 1365 1784 vocantur
1390 1734 1604 1796 Atticae,
1629 1733 1878 1798 quaternis
1913 1734 2105 1798 angulis

278 1830 331 1880 15
353 1827 437 1867 aut
462 1817 686 1881 amplius,
715 1819 915 1882 paribus
942 1820 1148 1867 laterum
1189 1817 1467 1866 intervallis.
1542 1815 1788 1880 Capitolia
1812 1815 1944 1866 dicta
1968 1816 2104 1879 quod
2129 1831 2176 1860 ac.

355 1900 452 1950 sint
488 1902 830 1949 columnarum
869 1900 1044 1965 capita,
1080 1899 1205 1949 sicut
1240 1917 1385 1964 super
1415 1901 1599 1948 collum
1631 1908 1792 1964 caput.
1866 1896 2107 1962 Epistolia

356 1992 470 2032 sunt
495 1999 621 2046 quae
647 1999 793 2047 super
818 1982 1046 2047 capitella
1084 1984 1430 2032 columnarum
1467 1990 1720 2046 ponuntur
1743 1999 1754 2042 5
1791 1989 1839 2030 et
1864 1990 1937 2029 est
1962 1983 2108 2030 Grae-

357 2082 470 2114 cum
500 2062 573 2130 [id
603 2075 676 2114 est
709 2062 1047 2131 supermissa}
1124 2066 1357 2128 Tegulae,
1379 2065 1517 2127 quod
1543 2072 1710 2127 tegant
1735 2063 1915 2123 aedes;
1950 2071 1999 2111 et
2023 2061 2108 2110 im-

274 2147 333 2195 16
356 2146 529 2206 briceS,
558 2149 695 2210 quod
729 2146 975 2211 accipiant
1010 2146 1207 2196 imbres.
1284 2149 1484 2196 Lateres
1516 2156 1564 2195 et
1597 2144 1831 2206 laterculi,
1859 2145 1994 2208 quod
2025 2146 2105 2193 lati

354 2230 626 2278 formentur
664 2228 973 2278 circumactis
1009 2228 1232 2292 undique
1271 2238 1506 2291 quattuor
1541 2226 1734 2276 tabulis.
1809 2225 2007 2277 Canalis
2044 2224 2107 2274 ab
2130 2241 2176 2280 232

355 2327 416 2360 eo
454 2313 589 2374 quod
629 2328 748 2361 cava
789 2310 851 2360 sit
893 2310 944 2359 in
983 2311 1191 2360 modum
1234 2326 1439 2359 cannae.
1513 2311 1642 2359 Sane
1675 2310 1897 2358 canalem
1933 2307 2107 2356 melius

279 2403 330 2455 17
354 2410 533 2456 genere
570 2393 810 2443 feminino
843 2410 994 2457 quam
1031 2391 1307 2442 masculino
1341 2390 1647 2456 proferimus.
1725 2389 1940 2439 Fistulae
1963 2405 2108 2452 aqua-

356 2491 462 2523 rum
497 2485 610 2524 sunt
644 2475 806 2525 dictae
843 2476 979 2539 quod
1017 2492 1170 2538 aquas
1213 2473 1424 2523 fundant
1463 2482 1512 2523 et
1551 2472 1748 2522 mittant
1767 2490 1780 2533 5
1814 2489 1929 2521 nam
1956 2475 2108 2521 στολα

410 2616 436 2653 3
466 2603 630 2652 pictura
658 2601 695 2642 T
851 2617 876 2652 4
901 2603 1066 2642 crustiis
1085 2615 1134 2641 ac
1155 2600 1290 2641 stellis
1316 2600 1353 2639 T
1477 2601 1604 2639 variis
1624 2600 1678 2640 B¹
1842 2611 1867 2649 5
1891 2599 1954 2651 id]
1975 2600 2054 2639 hoc
2075 2598 2110 2638 C

355 2660 384 2698 6
412 2658 522 2697 unde
544 2687 552 2696 .
577 2687 587 2698 .
613 2685 623 2698 .
650 2670 723 2698 cor
742 2671 826 2699 om.
847 2658 894 2696 K
1001 2659 1124 2697 cedet
1143 2656 1202 2695 Β1
1212 2653 1293 2695 TU
1304 2656 1409 2707 (non
1431 2654 1553 2694 Harl.
1578 2656 1698 2707 extr.)
1860 2667 1881 2704 7
1912 2655 2034 2694 tectis
2055 2653 2104 2693 Cl

358 2719 509 2753 testam
530 2712 623 2752 dett.
903 2714 929 2751 8
958 2718 1075 2752 ostra
1094 2711 1206 2752 codd.
1224 2726 1232 2750 :
1263 2710 1441 2761 ὄστρακα
1461 2710 1552 2751 dett.
1783 2709 1938 2748 dictum
1958 2721 2041 2748 om.
2065 2707 2107 2746 Β

357 2781 489 2819 aquae
509 2781 592 2808 om.
615 2767 660 2806 K
677 2782 686 2806 ε
702 2767 805 2816 fort.
831 2780 963 2817 aquae
984 2781 1008 2806 e
1226 2779 1254 2816 9
1282 2766 1538 2806 conveniant
1562 2765 1596 2804 C
1779 2764 1993 2804 Tessellae
2012 2762 2105 2803 dett.

358 2823 474 2876 sunt]
497 2829 563 2862 est
585 2822 633 2862 C1
711 2835 734 2861 e
755 2834 837 2862 om.
867 2821 904 2860 T
1004 2835 1052 2861 12
1081 2820 1143 2872 et]
1163 2822 1245 2861 hae
1265 2820 1312 2859 K
1393 2832 1488 2871 pon.
1509 2827 1611 2860 sust.
1635 2818 1682 2857 K
1793 2831 1841 2868 13
1869 2823 2042 2868 petreae
2063 2818 2109 2857 K

363 2880 414 2917 16
444 2890 541 2917 -nes
557 2877 603 2917 K
713 2877 764 2916 18
792 2883 835 2916 et
856 2877 1092 2917 latitudinis
1111 2875 1158 2915 K
1283 2888 1336 2915 20
1365 2882 1435 2915 aut
1456 2888 1565 2925 amp.
1591 2902 1602 2914 .
1623 2904 1634 2915 .
1659 2905 1669 2913 .
1689 2873 1764 2912 int.
1789 2886 1872 2912 om.
1897 2871 1981 2912 KP
2003 2873 2106 2924 (non

361 2933 485 2973 Harl.
509 2933 628 2984 extr.)
745 2930 958 2982 Capitolla
979 2932 1015 2971 C
1029 2947 1039 2972 :
1068 2929 1279 2981 capitella
1297 2930 1389 2970 dett.
1414 2929 1484 2982 (cf.
1509 2928 1630 2969 XIX.
1653 2941 1695 2970 x.
1717 2927 1793 2980 24)
1906 2928 2016 2977 quod
2035 2957 2045 2968 .
2064 2958 2074 2968 .
2096 2958 2105 2967 .

362 2986 497 3039 Epist.
519 3001 602 3028 om.
626 2986 676 3027 C1
841 3000 894 3037 23
923 2987 966 3027 id
986 2993 1053 3026 est
1072 2999 1164 3037 sup.
1187 2985 1280 3025 hab.
1311 2983 1349 3023 T
1361 2999 1371 3024 ε
1399 2998 1482 3026 om.
1503 2982 1628 3024 BCK
1766 2981 1861 3032 quia
1881 2981 1922 3021 Β
2062 2989 2106 3022 et

361 3042 482 3082 imbr.
502 3056 586 3083 om.
616 3042 653 3082 T
804 3053 857 3091 24
887 3042 981 3091 quia
1000 3042 1042 3081 Β
1169 3039 1381 3090 accipient
1408 3038 1446 3078 T
1576 3037 1771 3077 imbrices
1794 3035 1845 3076 Cl
1983 3037 2106 3076 later-

362 3096 480 3137 culae
503 3096 552 3135 Cl
705 3109 755 3147 25
785 3095 1079 3135 circumacutis
1104 3095 1140 3134 T
1286 3108 1336 3145 27
1366 3094 1524 3133 semino
1547 3092 1626 3133 CT
1733 3104 1798 3141 qu.
1816 3103 1944 3132 masc,
1962 3105 2045 3131 om.
2062 3092 2109 3130 K

363 3152 415 3191 28
445 3151 623 3191 fundunt
645 3148 688 3189 K
799 3152 992 3190 emittant
1013 3149 1100 3190 ΒΚ
1208 3151 1343 3189 stolae
1363 3149 1404 3188 Β
1425 3149 1515 3200 (vix
1526 3153 1606 3198 pro
1627 3146 1775 3197 στολὴ)
