2176 3424
406 154 1037 204 ETYMOLOGIARVM
1079 158 1208 205 LIB.
1248 159 1398 206 XIII.
1442 157 1590 206 v—viii

127 284 346 348 partibus
372 293 755 334 commorantur.
829 285 1071 334 Zodiacus
1099 283 1306 353 [autem]
1334 286 1544 336 circulus
1571 296 1642 338 est
1669 327 1678 337 .
1711 328 1718 338 .
1748 329 1756 338 .
1892 297 1920 346 7

258 369 342 415 DE
377 381 514 415 AERE
552 381 616 414 ET
654 381 806 415 NvssE.
891 369 992 415 Aer
1025 376 1096 416 est
1134 368 1344 417 inanitas
1377 370 1642 432 plurimum
1677 371 1866 420 habens
1888 382 1970 423 VII

118 448 390 498 admixtum
428 448 632 498 raritatis
669 465 817 512 quam
855 457 1017 498 cetera
1049 451 1307 499 elementa.
1385 453 1462 500 De
1495 468 1595 516 quo
1624 453 1867 516 Vergilius

118 529 265 596 (Aen.
291 528 363 591 12,
385 546 411 593 3
418 530 503 595 54>
523 547 532 578 :

75 622 97 674 5·
588 614 816 676 Longum
853 628 939 676 per
975 612 1121 663 inane
1156 622 1368 663 secutus.

119 696 218 742 Aer
249 693 410 743 dictus
445 696 535 743 ἀπὸ
567 699 648 743 τοῦ
682 695 837 757 αἴρειν,
865 695 927 743 ab
965 711 1025 743 eo
1062 697 1198 758 quod
1236 698 1357 745 ferat
1386 705 1578 758 terram,
1607 700 1684 747 vel
1716 699 1780 748 ab
1806 716 1867 749 eo

119 777 255 838 quod
280 778 471 825 feratur.
547 778 647 825 Hic
677 785 843 826 autem
871 776 1047 841 partim
1082 780 1146 827 ad
1176 787 1433 841 terrenam,
1462 780 1637 844 partim
1665 783 1730 830 ad
1763 798 1868 832 cae-

118 860 291 907 lestem
318 858 571 907 materiam
597 858 807 922 pertinet
827 876 839 918 ;
878 876 993 907 nam
1019 859 1100 909 ille
1125 860 1330 922 subtilis,
1359 861 1445 911 ubi
1470 864 1662 912 ventosi
1687 881 1744 913 ac
1761 883 1868 929 pro-

119 940 287 989 cellosi
304 950 466 989 motus
484 957 585 990 non
602 951 810 1004 possunt
830 941 1048 1002 existere,
1067 944 1131 991 ad
1148 945 1411 992 caelestem
1432 947 1643 1008 pertinet
1660 957 1846 1010 partem
1855 967 1867 1008 3

48 1039 96 1066 10
119 1023 208 1070 iste
242 1038 357 1070 vero
393 1022 734 1082 turbulentior,
764 1023 848 1086 qui
874 1023 1269 1074 exhalationibus
1295 1026 1512 1076 humidis
1550 1029 1864 1091 corporescit,

118 1114 272 1152 terrae
307 1105 603 1166 deputatur,
641 1104 826 1167 quique
863 1121 922 1154 ex
959 1123 1010 1154 se
1042 1108 1220 1155 multas
1258 1108 1446 1170 species
1484 1109 1660 1158 reddit.
1736 1114 1865 1160 Nam

121 1195 400 1235 commotus
426 1195 599 1235 ventos
630 1187 771 1246 facit;
809 1187 1152 1237 vehementius
1187 1191 1462 1239 concitatus
1494 1191 1630 1255 ignes
1664 1202 1712 1242 et
1746 1194 1867 1242 toni-

117 1277 224 1316 trua
242 1287 254 1329 ;
291 1277 571 1317 contractus
598 1270 803 1330 nubila,
838 1272 1174 1333 conspissatus
1205 1272 1419 1336 pluviam
1437 1288 1449 1329 ‚⁰
1490 1276 1864 1338 congelantibus

117 1349 298 1398 nubilis
332 1352 526 1410 nivem3
569 1351 895 1400 turbulentius
926 1353 1302 1416 congelantibus
1334 1355 1648 1405 densioribus
1682 1358 1863 1407 nubilis

38 1445 92 1492 ⁴⁰15
115 1431 440 1494 grandinem3
489 1432 731 1482 distentus
769 1450 998 1483 serenum
1034 1436 1193 1484 efficit.
1282 1438 1413 1485 Nam
1450 1455 1612 1487 aerem
1651 1441 1861 1489 densum

115 1515 302 1562 nubem
351 1530 471 1574 esse,
523 1515 708 1564 nubem
749 1518 1034 1565 rarefactam
1078 1525 1126 1565 et
1165 1519 1373 1566 solutam
1420 1536 1597 1569 aerem.
1688 1523 1862 1572 Nubes
1887 1540 1916 1574 2

115 1595 276 1644 dictae
290 1596 354 1644 ab
375 1596 696 1656 obnubendo,
715 1597 766 1646 id
787 1608 860 1647 est
880 1599 1165 1661 operiendo,
1189 1602 1379 1649 caelum
1399 1620 1412 1662 ,·
1445 1604 1579 1651 unde
1595 1611 1643 1651 et
1663 1614 1861 1668 nuptae,

116 1680 252 1739 quod
277 1680 438 1726 vultus
464 1695 579 1727 suos
604 1681 765 1728 velent
784 1699 796 1740 3
832 1681 966 1729 unde
992 1690 1039 1729 et
1067 1683 1342 1745 Neptunus,
1367 1686 1503 1747 quod
1529 1686 1696 1746 nubat,
1721 1687 1769 1736 id
1792 1697 1865 1736 est

120 1775 251 1807 mare
271 1769 318 1807 et
338 1768 511 1808 terram
539 1769 681 1821 tegat.
759 1762 931 1810 Nubes
957 1771 1122 1811 autem
1148 1764 1271 1813 aeris
1292 1765 1509 1814 densitas
1530 1767 1661 1818 facit.
1711 1770 1859 1818 Venti

46 1860 98 1889 20
119 1840 249 1888 enirn
291 1858 452 1890 aerem
503 1842 804 1905 conglobant
848 1843 1134 1908 nubemque
1176 1846 1392 1909 faciunt,
1441 1851 1575 1898 unde
1618 1859 1690 1899 est
1738 1850 1858 1901 illud

63 1924 87 1946 ⁶
115 1922 268 1986 (Virg.
297 1926 422 1973 Aen.
451 1938 491 1986 5,
518 1924 627 1988 20):

574 2010 740 2070 Atque
777 2008 826 2055 in
865 2009 1050 2057 nubem
1088 2010 1277 2073 cogitur
1313 2029 1407 2060 aer.

251 2090 332 2135 DE
358 2103 639 2137 TONrTRvo.
693 2089 990 2138 Tonitruum
1010 2091 1196 2140 dictum
1216 2096 1351 2156 quod
1370 2111 1520 2145 sonus
1538 2097 1642 2146 eius
1660 2106 1856 2160 terreat,
1881 2111 1984 2151 VIII

115 2186 228 2217 nam
263 2179 410 2218 tonus
447 2187 612 2219 sonus.
689 2171 788 2232 Qui
826 2171 939 2220 ideo
977 2171 1223 2223 interdum
1262 2184 1361 2224 tarn
1398 2178 1604 2240 graviter
1640 2182 1861 2232 concutit

45 2270 90 2312 ²5
115 2250 282 2299 omnia
318 2251 384 2299 ita
421 2259 473 2299 ut
515 2254 707 2300 caelum
751 2253 1023 2302 discississe
1066 2256 1289 2305 videatur
1326 2258 1454 2321 quia,
1496 2278 1609 2309 cum
1646 2266 1862 2326 procella

38 2342 39 2345 ’
114 2333 533 2382 vehementissimi
560 2334 693 2382 venti
718 2335 935 2384 nubibus
971 2354 1022 2385 se
1055 2349 1257 2400 repente
1292 2340 1543 2404 inmiserit‚
1573 2346 1770 2396 turbine
1796 2348 1862 2396 in-

114 2416 390 2463 valescente
421 2415 706 2478 exitumque
739 2427 1020 2479 quaerente,
1057 2420 1258 2479 nubem,
1296 2438 1444 2484 quam
1479 2427 1744 2489 excavavit,
1778 2428 1864 2478 im-

172 2557 187 2580 1
222 2549 360 2583 autem
391 2544 481 2584 hab.
508 2545 606 2584 CT:
635 2559 716 2586 om.
737 2546 826 2585 ΒΚ
1021 2563 1045 2587 2
1075 2549 1300 2599 plurimum
1321 2566 1371 2591 ex
1393 2554 1621 2604 plummum
1653 2557 1751 2597 Tul
1775 2561 1854 2600 vid.

113 2595 146 2636 6‘
170 2599 236 2637 vel
256 2599 308 2637 ab
326 2612 378 2637 eo
397 2631 406 2640 .
425 2630 433 2638 .
453 2631 461 2640 .
481 2606 692 2639 terrenam
714 2615 798 2642 om.
824 2602 861 2640 T
966 2617 987 2653 7
1019 2617 1057 2653 p.
1079 2617 1103 2642 a
1122 2609 1290 2644 terrena
1309 2620 1347 2657 p.
1365 2622 1388 2647 a
1409 2610 1581 2649 caelesti
1598 2611 1644 2649 K
1750 2615 1775 2651 8
1799 2615 1856 2653 illi

112 2653 168 2692 Β1
277 2653 384 2694 subt.
409 2655 480 2692 ubi
502 2669 580 2694 om.
607 2654 661 2693 Β1
793 2663 947 2696 ventos
967 2671 1014 2697 ac
1035 2660 1244 2708 procellos
1265 2661 1311 2699 K
1471 2678 1497 2714 9
1527 2672 1633 2715 part.
1658 2674 1768 2717 pert.
1794 2669 1829 2707 C
1846 2684 1854 2708 :

113 2707 274 2745 scilicet
294 2714 398 2757 part.
420 2709 460 2746 Β
576 2722 623 2748 10
652 2723 754 2750 vero
775 2724 855 2752 om.
877 2712 925 2751 K
1032 2713 1361 2755 exaltationibus
1389 2717 1426 2755 T
1533 2733 1582 2759 12
1611 2724 1855 2763 commodos

113 2767 226 2801 vent.
250 2761 297 2799 K
314 2762 436 2802 th'll.
604 2766 839 2805 concitatos
860 2766 947 2807 Bl:
977 2768 1214 2807 concitatur
1241 2770 1283 2808 in
1323 2771 1379 2810 T:
1409 2774 1618 2814 excitatus
1650 2776 1696 2813 K
1723 2776 1847 2818 Plzill.

117 2828 165 2865 14
195 2817 293 2856 nub.
327 2818 410 2858 niv,
444 2817 552 2857 turb.
585 2831 706 2869 cong.
738 2834 819 2860 om.
851 2821 907 2859 Βι
1051 2823 1205 2862 nubilis
1237 2825 1332 2864 CT:
1361 2828 1542 2867 nubibus
1570 2829 1636 2868 B:
1667 2833 1853 2872 ****bus

114 2869 262 2909 PhilL:
293 2884 374 2911 om.
399 2872 444 2911 K
590 2873 748 2926 nivem]
770 2878 885 2916 venit
914 2876 950 2914 T
1092 2878 1356 2919 turbulentus
1379 2881 1429 2920 Cl
1573 2884 1728 2923 nubilis
1751 2886 1850 2927 CT:

115 2924 292 2964 nubibus
311 2925 398 2963 ΒΚ
508 2939 556 2977 15
589 2928 728 2968 effecit
748 2930 792 2968 K
798 2931 835 2969 T
937 2944 1010 2970 aer
1031 2932 1068 2970 T
1173 2934 1348 2974 densam
1367 2935 1416 2974 C1
1531 2940 1579 2976 16
1607 2939 1791 2979 solutum
1811 2942 1852 2981 Β

117 2978 282 3018 Nubem
302 2980 355 3018 ab
374 2981 630 3022 obnuuendo
650 2983 696 3021 K
711 2996 720 3022 ε
751 2985 914 3025 Nubem
938 2987 990 3025 ab
1011 2987 1182 3026 nuendo
1203 2988 1324 3029 Plzill.
1462 3004 1508 3041 17
1538 2993 1771 3042 aperiendo
1791 2997 1848 3035 Β1

116 3044 168 3072 20
197 3046 415 3085 nuuesque
434 3035 512 3076 fac.
533 3037 646 3076 unde
666 3043 708 3076 et
727 3037 784 3078 ill.
805 3039 850 3078 K
957 3054 1008 3079 22
1037 3048 1163 3091 atque
1185 3042 1225 3081 in
1247 3057 1330 3084 om.
1345 3043 1401 3082 Β1
1514 3059 1566 3096 24
1598 3048 1694 3088 ideo
1711 3063 1792 3091 om.
1817 3052 1852 3091 C

115 3099 166 3136 25
197 3088 442 3128 discessisse
462 3089 508 3128 K
523 3103 532 3129 τ
561 3092 736 3131 discisse
760 3093 797 3132 T
901 3095 1113 3144 procellae
1133 3095 1174 3134 Β
1310 3101 1363 3137 26
1391 3100 1764 3144 vehementissime
1783 3105 1846 3147 B:

115 3154 225 3180 ·mus
249 3141 294 3180 C¹
406 3144 643 3185 inmiserint
660 3146 705 3184 K
811 3161 860 3198 27
892 3150 1050 3188 exitum
1075 3150 1122 3190 C¹
1233 3151 1441 3192 incavavit
1462 3154 1508 3192 K
