2228 3444
834 496 1047 542 LIBER
1087 496 1168 542 III

622 633 727 683 DE
782 632 1391 684 MATHEMATICA

269 778 673 823 MATHEMATICA
694 774 869 823 Latine
894 773 1073 822 dicitur
1097 774 1382 823 doctrinalis
1409 773 1626 833 scientia,
1649 790 1776 837 quae
1801 773 1882 821 ab·

133 866 360 905 stractam
386 855 664 905 considerat
681 855 1021 918 quantitatem.
1084 857 1346 904 Abstracta
1366 855 1498 904 enim
1519 855 1766 918 quantitas
1792 864 1879 914 est,

132 957 281 1002 quarn
302 938 551 986 intellectu
573 956 601 986 a
621 937 822 986 materia
848 946 1128 1001 separantes
1149 940 1226 987 vel
1247 938 1310 986 ab
1330 937 1435 986 aliis
1453 936 1807 996 accidentibus,
1827 947 1881 985 ut

131 1030 204 1069 est
237 1037 335 1083 par,
364 1019 515 1082 inpar,
552 1022 628 1068 vel
665 1021 728 1068 ab
764 1019 870 1067 aliis
905 1019 1251 1068 huiuscemodi
1286 1019 1335 1067 in
1370 1021 1474 1068 sola
1507 1018 1880 1067 ratiocinatione

84 1127 106 1167 5
130 1109 407 1149 tractamus.
483 1101 637 1151 Cuius
672 1101 860 1164 species
895 1110 1008 1149 sunt
1042 1110 1302 1164 quattuor:
1347 1101 1398 1150 id
1433 1111 1505 1150 est
1539 1099 1876 1159 Arithmetica‚

132 1182 339 1242 Musica,
369 1182 654 1232 Geometria
679 1192 726 1232 et
753 1183 1086 1232 Astronomia.
1166 1182 1495 1231 Arithmetica
1521 1193 1594 1232 est
1619 1181 1880 1245 disciplina

130 1263 413 1325 quantitatis
453 1265 771 1314 numerabilis
808 1267 1084 1314 secundum
1125 1283 1189 1314 se.
1277 1264 1473 1313 Musica
1510 1274 1582 1313 est
1619 1263 1879 1326 disciplina

129 1361 256 1407 quae
281 1347 343 1394 de
369 1348 584 1395 numeris
605 1347 834 1410 loquitur,
857 1347 942 1411 qui
968 1347 1284 1396 inveniuntur
1304 1346 1354 1394 in
1381 1346 1530 1395 sonis.
1593 1345 1879 1396 Geometria

130 1431 202 1471 est
217 1422 477 1486 disciplina
497 1425 849 1488 magnitudinis
874 1435 923 1475 et
947 1427 1228 1475 formarum.
1294 1424 1615 1474 Astronomia
1640 1433 1713 1473 est
1738 1423 1880 1473 disci-

59 1532 107 1559 10
129 1504 262 1568 plina
298 1523 425 1569 quae
460 1524 629 1556 cursus
673 1508 959 1557 caelestium
998 1508 1214 1557 siderum
1253 1517 1403 1570 atque
1446 1508 1623 1571 figuras
1660 1515 1878 1554 contem-

128 1588 288 1650 platur
324 1605 498 1638 omnes
530 1599 679 1653 atque
715 1589 1034 1640 habitudines
1072 1591 1336 1639 stellarum.
1417 1590 1555 1650 Quas
1593 1586 1876 1649 disciplinas

129 1667 362 1732 deinceps
389 1673 537 1733 paulo
562 1671 704 1720 latius
736 1671 1028 1731 indicamus,
1057 1680 1110 1719 ut
1143 1688 1310 1720 earum
1346 1687 1524 1719 causae
1554 1678 1877 1733 conpetenter

128 1750 317 1812 possint
342 1752 552 1801 ostendi.

267 1835 350 1880 DE
386 1848 654 1882 VOCABVLO
688 1849 1096 1883 ARITHMETICAE
1128 1848 1479 1882 DISCIPLINAE.
1553 1831 1917 1881 Arithmetical

58 1940 106 1980 15
130 1923 203 1962 est
227 1913 488 1978 disciplina
518 1933 849 1965 numerorum.
913 1915 1090 1965 Graeci
1124 1915 1257 1974 enim
1284 1931 1546 1964 numerum
1581 1915 1776 1978 ἀριθμόν
1808 1914 1877 1963 di-

130 2005 260 2044 cunt.
324 1998 489 2058 Quam
516 1997 774 2060 scriptores
801 1997 1123 2046 saecularium
1144 1997 1414 2045 litterarum
1440 1996 1567 2045 inter
1591 1996 1876 2059 disciplinas

130 2077 500 2126 mathematicas
530 2078 645 2127 ideo
675 2078 883 2141 primam
911 2095 1017 2127 esse
1043 2081 1315 2138 voluerunt,
1346 2079 1581 2141 quoniam
1608 2079 1713 2141 ipsa
1738 2087 1791 2126 ut
1817 2077 1876 2126 sit

127 2161 313 2207 nullam
333 2159 478 2207 aliam
504 2161 691 2223 indiget
715 2159 1041 2223 disciplinam.
1106 2159 1301 2208 Musica
1325 2168 1491 2208 autern
1518 2168 1566 2208 et
1592 2158 1878 2208 Geometria
1901 2165 1932 2200 2

129 2250 176 2288 et
201 2241 532 2301 Astronomia,
562 2258 688 2305 quae
722 2251 1007 2305 sequuntur,
1036 2251 1089 2290 ut
1123 2241 1219 2290 sint
1252 2251 1401 2305 atque
1435 2242 1704 2290 subsistant
1737 2240 1875 2290 istius

57 2349 108 2376 20
128 2331 274 2385 egent
298 2322 545 2370 auxilium.

267 2406 349 2451 DE
374 2419 694 2453 AVCTORfflvs
719 2420 846 2453 E1vs.
923 2404 1130 2454 Numeri
1155 2404 1467 2469 disciplinam
1497 2406 1631 2469 apud
1657 2405 1875 2454 Graecos
1899 2404 1938 2444 ΙΙ

130 2484 342 2548 primum
370 2488 696 2549 Pythagoram
715 2495 975 2535 autumant
1001 2486 1363 2550 conscripsisse,
1385 2504 1443 2535 ac
1468 2487 1652 2536 deinde
1676 2504 1705 2535 a
1731 2486 1876 2536 Nico-

130 2568 308 2616 macho
344 2566 567 2616 diffusius
602 2585 708 2617 esse
741 2567 1064 2632 dispositam,
1102 2585 1251 2631 quarn
1285 2570 1419 2632 apud
1455 2568 1656 2618 Latinos
1690 2567 1874 2631 primus

129 2647 382 2712 Apuleius,
411 2651 593 2698 deinde
621 2649 823 2699 Boetius
849 2646 1214 2699 transtulerunt.

184 2794 208 2818 2
239 2780 497 2831 considerat]
517 2780 727 2830 significat
747 2778 788 2818 Β
916 2793 941 2830 3
970 2793 1061 2830 sep.
1083 2786 1152 2818 aut
1173 2779 1224 2818 ab
1244 2778 1290 2817 K
1419 2793 1443 2829 4
1475 2793 1549 2830 par
1569 2786 1611 2818 et
1634 2780 1720 2829 inp.
1745 2780 1811 2818 vel
1832 2780 1872 2816 in

129 2834 180 2873 al.
203 2835 249 2872 K
391 2838 418 2874 6
445 2835 692 2874 artimedica
712 2835 813 2874 disc.
833 2835 1044 2884 quantitas
1067 2838 1135 2884 (ex
1151 2835 1348 2883 quantas)
1372 2834 1417 2872 K
1560 2836 1586 2873 8
1615 2834 1874 2884 geometrica

131 2889 234 2928 disc.
253 2889 299 2927 K
403 2902 430 2938 9
461 2890 621 2941 magn.]
643 2889 932 2929 similitudinis
955 2889 990 2928 C
1011 2889 1254 2927 Vbrcellensz's
1272 2901 1351 2928 202
1467 2901 1511 2927 11
1543 2895 1598 2926 at.
1625 2901 1736 2927 omn.
1758 2888 1837 2927 BC
1843 2886 1878 2924 T

131 2948 173 2980 et
194 2943 450 2983 habitudinis
472 2950 523 2986 st.
545 2945 615 2994 qui
638 2945 739 2983 dise.
764 2943 810 2982 K
925 2955 973 2993 15
1004 2943 1149 2983 dicunt
1168 2943 1256 2981 AB
1265 2943 1323 2982 T:
1352 2949 1504 2982 vocant
1527 2942 1604 2981 CK
1715 2944 1764 2980 16
1791 2955 1873 2991 qua

130 3010 209 3036 scr.
234 2998 291 3037 lit.
313 3011 424 3038 saec.
444 2999 490 3037 K
679 2999 727 3036 18
757 2998 916 3037 indicat
935 2998 981 3036 K
1167 3010 1216 3036 21
1251 2997 1460 3036 Numeros
1480 2998 1547 3036 vel
1570 3009 1684 3037 num.
1707 2997 1808 3036 disc.
1829 2996 1874 3036 K

131 3065 183 3090 22
212 3058 425 3103 aucupant
453 3053 512 3093 T:
542 3059 791 3103 nuncupant
815 3052 850 3091 C
865 3058 961 3092 ante
980 3066 1078 3093 corr.
1245 3064 1296 3101 23
1327 3052 1502 3091 diffusus
1530 3051 1567 3090 T
