2176 3424
1104 120 1376 169 ISIDORI

278 255 308 302 5
331 244 614 294 aedificium
642 256 689 295 et
715 248 949 296 rusticum
978 249 1364 312 intellegendum
1393 260 1479 300 est.
1553 252 1829 312 Praedium,
1858 253 1993 314 quod
2018 267 2075 298 ex

330 327 564 377 omnibus
590 328 924 391 patrifamilias
950 331 1162 381 maxime
1187 332 1508 395 praevidetur,
1527 333 1578 383 id
1604 344 1677 383 est
1701 342 1917 398 apparet,
1936 332 2076 396 quasi

332 409 635 472 praevidium
660 429 673 472 3
713 414 791 462 vel
827 415 965 476 quod
1000 413 1192 477 antiqui
1228 431 1383 479 agros,
1417 432 1542 478 quos
1575 417 1708 466 bello
1742 423 1986 480 ceperant,
2022 422 2075 463 ut

273 495 308 542 6
331 494 542 556 praedae
569 493 771 544 nomine
797 496 1062 545 habebant.
1139 497 1317 547 Omnis
1332 507 1497 547 autem
1516 516 1643 562 ager,
1666 507 1719 548 ut
1737 501 1893 547 Varro
1912 499 2071 556 docet,

329 574 653 636 quadrifarius
680 575 914 626 dividitur
934 596 943 626 :
980 587 1064 626 aut
1081 578 1213 627 enim
1234 596 1375 628 arvus
1393 589 1466 628 est
1484 596 1609 644 ager,
1631 580 1683 629 id
1699 589 1772 629 est
1791 577 2039 628 sationalis
2060 596 2073 639 3
2098 597 2120 638 5

325 665 410 705 aut
446 657 678 718 consitus,
719 658 770 707 id
800 669 873 708 est
909 669 1052 723 aptus
1089 660 1381 722 arboribus,
1416 671 1500 710 aut
1533 678 1760 725 pascuus,
1787 660 1872 724 qui
1907 659 2071 709 herbis

325 746 517 786 tantum
545 748 592 787 et
617 739 913 790 animalibus
939 752 1080 790 vacat
1101 761 1114 802 3
1150 752 1233 791 aut
1259 744 1421 803 florus,
1441 745 1577 807 quod
1603 753 1717 792 sunt
1742 742 1871 792 horti
1895 741 2070 806 apibus

324 830 652 883 congruentes
697 831 744 870 et
784 822 1002 871 fioribus.
1093 824 1244 885 Quod
1287 824 1434 873 etiam
1468 825 1711 889 Vergilius
1750 824 1801 872 in
1842 831 2072 887 quattuor

268 914 300 968 7
322 902 473 951 libros
507 903 863 967 Georgicorum
901 914 1098 954 secutus
1133 915 1218 954 est.
1292 908 1429 955 Rura
1461 917 1647 956 veteres
1680 906 1892 955 incultos
1929 921 2069 968 agros

322 984 570 1045 dicebant,
600 986 651 1035 id
689 995 761 1035 est
798 986 942 1035 silvas
979 997 1027 1036 et
1064 1004 1247 1050 pascua
1265 1006 1278 1049 3
1314 1005 1484 1052 agrum
1522 1006 1650 1049 vero,
1679 988 1763 1052 qui
1800 987 2067 1037 colebatur.
2096 1010 2143 1037 10

323 1068 454 1116 Nam
481 1085 561 1116 rus
588 1078 660 1116 est
686 1085 786 1131 quo
812 1071 923 1128 mel,
953 1085 1053 1133 quo
1079 1071 1167 1132 lac,
1197 1087 1297 1133 quo
1322 1087 1473 1134 pecus
1507 1071 1676 1120 haberi
1701 1079 1864 1134 potest
1887 1089 1900 1130 3
1935 1070 2068 1118 unde

322 1158 370 1198 et
395 1149 603 1198 rusticus
630 1150 913 1199 nominatur
933 1171 941 1199 ε
979 1154 1102 1200 haec
1127 1152 1390 1215 agrestium
1410 1153 1567 1216 prima
1591 1163 1639 1202 et
1664 1152 1821 1201 otiosa
1845 1151 2065 1200 felicitas.

268 1234 297 1280 8
322 1232 470 1295 Seges
495 1250 609 1296 ager
633 1242 706 1282 est
731 1233 781 1281 in
807 1250 908 1297 quo
934 1234 1106 1283 seritur
1124 1253 1136 1295 3
1172 1236 1306 1283 unde
1332 1244 1378 1284 et
1396 1234 1637 1298 Vergilius
1658 1234 1858 1299 (Georg.
1886 1251 1926 1294 1,
1946 1233 2032 1298 47>
2057 1252 2065 1281 ε

660 1317 752 1364 Illa
788 1333 925 1379 seges
961 1318 1165 1365 demum
1198 1316 1323 1366 votis
1359 1318 1626 1380 respondet
1661 1315 1790 1365 avari

657 1398 912 1461 agricolae.
2094 1422 2138 1460 15

257 1490 292 1537 9
320 1478 646 1541 Conpascuus
671 1497 785 1543 ager
810 1479 970 1529 dictus
1001 1480 1083 1543 qui
1121 1497 1149 1529 a
1175 1480 1469 1530 divisoribus
1499 1497 1723 1544 agrorum
1758 1479 1956 1528 relictus
1990 1489 2062 1527 est

235 1574 293 1608 10
317 1562 381 1608 ad
417 1563 721 1624 pascendum
760 1562 1090 1611 communiter
1131 1562 1317 1611 vicinis.
1390 1562 1614 1611 Alluvius
1644 1579 1756 1626 ager
1798 1570 1871 1610 est
1912 1577 2061 1624 quem

246 1657 292 1691 11
318 1643 552 1705 paulatim
581 1644 756 1692 fluvius
782 1645 833 1692 in
858 1661 1027 1707 agrum
1048 1644 1225 1693 reddit.
1298 1644 1561 1693 Arcifinius
1578 1661 1691 1708 ager
1710 1643 1870 1693 dictus
1888 1652 1961 1692 est
1977 1643 2061 1705 qui

314 1740 343 1771 a
379 1726 522 1773 certis
560 1725 797 1775 linearum
831 1726 1071 1775 mensuris
1106 1743 1208 1775 non
1241 1726 1534 1787 continetur,
1564 1728 1651 1775 sed
1680 1735 1907 1775 arcentur
1938 1726 2059 1774 fines

314 1806 417 1855 eius
443 1807 642 1857 obiectu
668 1808 944 1868 fluminum,
972 1809 1232 1869 montium,
1261 1809 1492 1857 arborum
1512 1827 1525 1869 3
1558 1810 1691 1857 unde
1707 1818 1755 1857 et
1773 1808 1823 1856 in
1843 1809 1918 1857 his
1933 1810 2058 1871 agris
2084 1827 2133 1855 20

231 1903 284 1937 12
312 1887 433 1937 nihil
476 1889 834 1939 subsicivorum
869 1890 1142 1939 intervenit.
1219 1890 1421 1939 Novalis
1451 1907 1564 1953 ager
1597 1900 1669 1939 est
1701 1890 1913 1954 primum
1946 1906 2057 1952 pro-

310 1972 503 2031 scissus,
533 1972 634 2021 sive
671 1972 754 2035 qui
791 1972 990 2021 alternis
1026 1972 1170 2021 annis
1207 1981 1347 2021 vacat
1377 1973 1717 2021 novandarum
1755 1971 1847 2020 sibi
1880 1971 2051 2020 virium

307 2069 468 2102 causa.
545 2055 753 2103 Novalia
779 2054 910 2103 enim
938 2057 1091 2103 semel
1117 2071 1229 2103 cum
1257 2055 1417 2103 fructu
1452 2064 1592 2103 erunt
1627 2063 1674 2102 et
1708 2055 1860 2102 semel
1885 2071 2051 2102 vacua.

226 2145 280 2191 13
307 2136 571 2198 Squalidus
610 2153 723 2199 ager
762 2137 902 2199 quasi
946 2136 1212 2197 excolidus,
1250 2138 1385 2199 quod
1429 2136 1525 2185 iam
1561 2154 1590 2185 a
1626 2138 1815 2184 cultura
1857 2135 2054 2198 exierit,

223 2228 278 2274 14
305 2217 431 2266 sicut
457 2220 707 2278 exconsul,
737 2220 873 2281 quod
910 2235 939 2266 a
972 2219 1232 2266 consulatu
1264 2217 1554 2267 discesserit.
1629 2217 1914 2280 Vliginosus
1938 2235 2053 2281 ager
2078 2242 2124 2281 25

364 2356 380 2381 1
414 2344 548 2394 quod]
570 2345 668 2394 quia
684 2344 726 2383 Β
890 2357 914 2382 2
944 2343 1259 2394 patrisfamilias
1279 2343 1326 2381 K
1462 2343 1644 2383 maxime
1670 2357 1753 2383 om.
1777 2342 1823 2381 K
1956 2356 2051 2394 pro-

302 2398 500 2438 videntur
526 2398 566 2436 T
668 2405 874 2450 apparent
902 2399 938 2437 T
1071 2411 1096 2448 3
1125 2412 1192 2448 qu.
1216 2405 1305 2438 ant.
1326 2399 1395 2448 qui
1416 2411 1483 2448 ag.
1512 2399 1550 2437 T
1700 2411 1724 2448 5
1755 2398 2049 2448 quadrifariam

301 2452 418 2493 Serv.
442 2453 502 2492 ad
521 2453 662 2505 Georg.
683 2454 773 2494 init,
942 2453 1047 2505 div.]
1071 2454 1224 2493 dicitur
1243 2453 1290 2491 K
1292 2452 1372 2492 ΟΡ
1388 2456 1490 2504 (non
1510 2454 1572 2499 D)
1754 2453 1968 2492 rationalis
1990 2453 2026 2492 C
2040 2469 2049 2493 ε

304 2508 566 2548 rationabilis
594 2507 632 2546 T
773 2511 800 2547 6
830 2508 920 2561 qui]
941 2522 1049 2559 quae
1073 2508 1108 2547 C
1253 2521 1274 2557 7
1306 2510 1462 2548 florens
1485 2508 1544 2548 C:
1576 2509 1730 2548 floreus
1750 2507 1926 2547 Servius
1946 2510 2048 2558 (non

300 2562 565 2610 DFNOPU)
781 2565 892 2614 quod
915 2564 971 2602 sit
993 2564 1098 2613 (sint
1118 2563 1181 2612 N)
1202 2575 1269 2613 ap.
1292 2569 1416 2613 aptus
1438 2563 1769 2613 congruentibus
1790 2564 1858 2602 sso.
1880 2562 2052 2602 KNOP

301 2620 405 2669 (non
426 2617 568 2671 DFU>
707 2617 839 2670 quod]
862 2619 960 2668 quia
980 2617 1021 2655 Β
1158 2618 1305 2668 apibus
1326 2632 1408 2658 om.
1431 2618 1472 2656 Β
1675 2620 1702 2657 8
1731 2618 1865 2670 quod]
1885 2618 1985 2668 quia
2004 2619 2047 2657 B

299 2679 450 2723 quarto
472 2672 577 2712 libro
597 2671 642 2710 K
850 2686 894 2712 11
928 2674 1009 2712 mel
1031 2673 1099 2712 vel
1118 2686 1203 2723 quo
1231 2671 1269 2710 T
1483 2686 1530 2712 12
1560 2686 1648 2724 agr.
1674 2673 1887 2725 praetiosa
1907 2672 1976 2711 fel.
2001 2672 2048 2711 K

302 2739 349 2776 13
381 2734 446 2768 est
467 2741 571 2778 ager
593 2727 628 2766 C
721 2734 762 2767 et
783 2742 866 2768 om.
890 2727 926 2766 C
1063 2741 1111 2777 14
1143 2729 1309 2766 domum
1330 2727 1370 2765 Β
1513 2729 1561 2766 18
1592 2729 1742 2768 reddet
1761 2727 1808 2766 K
1912 2727 2040 2766 Arce-

298 2782 424 2823 finius
445 2782 512 2821 K:
542 2782 784 2822 Arcifanius
811 2783 850 2823 T
864 2783 966 2835 (non
986 2783 1048 2831 D)
1134 2783 1196 2822 vel
1205 2783 1303 2832 quia
1319 2795 1354 2821 c.
1373 2799 1380 2822 t
1412 2784 1523 2833 quod
1545 2796 1580 2822 c.
1597 2783 1640 2821 B
1767 2796 1816 2832 19
1844 2783 2042 2821 minsuris

296 2849 381 2877 non
401 2839 560 2877 tinetur
577 2838 622 2877 N
812 2843 981 2877 arcetur
1001 2837 1086 2876 BD
1103 2852 1111 2877 :
1141 2838 1300 2877 arcitur
1319 2835 1366 2874 K
1565 2839 1638 2879 fin.
1660 2835 1769 2889 eius]
1791 2838 1833 2876 in
1855 2837 1890 2875 is
1910 2841 1975 2876 est
1996 2836 2043 2874 K

293 2903 346 2931 20
375 2893 415 2931 in
438 2906 522 2933 om.
553 2892 591 2930 T
777 2894 910 2932 sacris
930 2892 977 2930 K
1198 2904 1245 2930 21
1277 2892 1542 2931 subciborum
1563 2892 1605 2930 B
1813 2897 1880 2930 est
1898 2904 1979 2930 om.
2007 2892 2043 2931 C

291 2948 509 2995 proscisus
528 2946 652 2986 BCK
812 2960 864 2986 22
895 2947 990 2997 quia
1009 2948 1061 2988 al.
1083 2946 1194 2987 codd.
1315 2953 1437 2986 vocat
1464 2946 1502 2985 T
1662 2959 1715 2996 23
1743 2945 1884 2986 novali
1905 2959 1972 2986 en.
1995 2945 2042 2984 K

290 3008 411 3041 erant
438 3001 476 3040 T
730 3014 782 3051 24
816 3002 1052 3052 Isqualidus
1077 3001 1117 3040 T
1322 3001 1506 3041 scolidus
1526 3000 1568 3039 Β
1773 3002 1856 3040 iam
1876 3001 1972 3040 cult.
2005 3000 2043 3038 T

290 3067 342 3105 25
372 3058 483 3106 quod
505 3069 621 3097 cons.
649 3056 684 3096 C
