2176 3424
1018 151 1021 153 ,
1101 106 1373 155 ISIDORI

271 236 339 294 36
360 235 564 298 gionum
585 238 790 299 singula.
820 236 1075 284 Dromeda
1090 251 1244 298 genus
1262 236 1562 284 camelorum
1581 245 1667 296 est,
1688 235 1887 285 minoris
1903 238 2106 300 quidem

362 327 587 379 staturae,
628 320 714 367 sed
739 317 1013 367 velocioris.
1086 318 1234 366 Vnde
1270 326 1318 366 et
1356 334 1541 366 nornen
1578 318 1758 379 habet;
1798 335 1914 367 nam
1941 320 2108 383 δρόμος

361 401 551 449 Graece
590 417 758 449 cursus
796 410 844 449 et
869 398 1102 449 velocitas
1139 401 1425 462 appellatur.
1499 400 1716 450 Centum
1752 400 1886 449 enim
1923 409 1971 448 et
2008 415 2106 447 am-

359 483 486 546 plius
512 483 646 532 milia
671 500 772 532 uno
799 482 879 532 die
904 499 1104 546 pergere
1141 483 1279 530 solet.
1352 483 1506 543 Quod
1540 483 1735 542 animal,
1764 482 1890 531 sicut
1926 482 2017 530 bos
2057 489 2106 529 et

274 579 336 629 37
359 567 463 614 ovis
489 574 538 614 et
562 567 793 625 camelus,
817 564 1045 613 ruminat.
1117 563 1408 613 Ruminatio
1427 573 1593 613 autem
1613 564 1744 613 dicta
1766 562 1880 631 [est]
1900 582 1930 613 a
1950 580 2103 624 ruma,
2129 584 2163 625 5.

359 648 610 696 eminente
634 647 842 710 gutturis
868 655 1018 710 parte,
1046 662 1133 708 per
1158 662 1307 708 quam
1332 645 1563 695 dimissus
1589 646 1729 695 cibus
1755 663 1783 695 a
1808 646 1950 695 certis
1970 663 2104 695 revo-

273 730 336 788 38
358 738 495 776 catur
530 728 840 777 animalibus.
915 726 1099 776 Asinus
1136 737 1184 776 et
1219 729 1398 776 asellus
1434 745 1464 775 a
1500 729 1723 777 sedendo
1760 727 1935 788 dictus,
1966 728 2105 791 quasi

356 813 565 860 asedus:
605 813 693 860 sed
719 812 816 859 hoc
841 827 1041 870 nomen,
1070 810 1207 872 quod
1244 809 1398 872 magis
1436 809 1574 872 equis
1611 810 1954 868 conveniebat,
1991 811 2104 859 ideo

356 894 452 941 hoc
476 893 659 941 animal
685 892 893 955 sumpsit
931 893 1047 954 quia
1083 893 1369 954 priusquam
1407 908 1560 954 equos
1598 901 1830 955 caperent
1860 892 2101 952 homines,

356 974 472 1022 huic
511 974 790 1038 praesidere
827 983 1111 1036 coeperunt.
1183 974 1382 1021 Animal
1421 973 1605 1037 quippe
1647 976 1841 1023 tardum
1882 983 1929 1023 et
1970 976 2103 1024 nulla
2130 990 2176 1020 m

265 1063 334 1111 39
357 1056 545 1105 ratione
571 1056 802 1114 renitens,
833 1055 996 1104 statim
1023 1065 1075 1103 ut
1102 1056 1255 1103 voluit
1281 1054 1374 1103 sibi
1400 1057 1554 1104 homo
1574 1055 1849 1105 substravit.
1908 1056 2105 1117 Onager

356 1140 699 1201 interpretatur
718 1137 886 1186 asinus
912 1139 1058 1186 ferus.
1119 1137 1263 1187 Ὅνον
1288 1137 1473 1200 quippe
1490 1137 1666 1186 Graeci
1684 1137 1879 1186 asinum
1896 1146 2074 1186 vocant
2096 1156 2104 1183 :

357 1224 519 1288 ἄγριον
543 1222 717 1269 ferum.
793 1222 905 1268 Hos
943 1219 1110 1267 Africa
1147 1219 1298 1268 habet
1335 1235 1541 1282 magnos
1579 1228 1626 1268 et
1663 1218 1932 1268 indomitos
1969 1227 2018 1267 et
2054 1219 2104 1265 in

356 1305 553 1352 deserto
578 1312 825 1365 vagantes.
889 1301 1076 1365 Singuli
1102 1311 1268 1350 autem
1295 1302 1588 1350 feminarum
1608 1300 1835 1364 gregibus
1855 1308 2100 1363 praesunt.

358 1386 693 1436 Nascentibus
720 1384 950 1433 masculis
976 1386 1134 1433 zelant
1160 1392 1208 1432 et
1234 1383 1487 1433 testiculos
1521 1400 1691 1432 eorum
1717 1400 1882 1432 morsu
1909 1384 2102 1431 detrun·
2128 1400 2176 1439 ῃ

356 1478 483 1527 cant,
536 1469 673 1531 quod
721 1476 952 1515 caventes
993 1475 1172 1514 matres
1213 1482 1297 1515 eos
1340 1465 1390 1513 in
1434 1467 1631 1515 secretis
1675 1466 1795 1514 locis
1835 1466 2099 1514 occultant.

261 1573 330 1620 40
357 1553 539 1599 Asinos
581 1549 854 1599 Arcadicos
894 1548 1068 1607 dictos,
1115 1565 1175 1596 eo
1216 1549 1353 1611 quod
1392 1548 1455 1595 ab
1490 1547 1702 1597 Arcadia
1732 1547 1943 1611 primum
1975 1547 2101 1595 vecti

357 1642 469 1681 sunt
495 1631 659 1695 magni
686 1642 734 1681 et
758 1631 858 1681 alti.
930 1630 1099 1679 Minor
1123 1639 1290 1679 autem
1323 1632 1499 1679 asellus
1525 1647 1640 1694 agro
1666 1632 1775 1694 plus
1800 1631 2100 1679 necessarius

357 1724 443 1774 est,
473 1714 588 1777 quia
613 1723 660 1763 et
686 1714 905 1762 laborem
938 1714 1114 1761 tolerat
1140 1722 1187 1761 et
1213 1711 1573 1776 neglegentiam
1610 1713 1974 1776 propemodum
1999 1728 2101 1759 non

275 1818 332 1865 41
356 1806 560 1846 recusat.
636 1795 768 1858 Equi
793 1794 926 1854 dicti,
966 1811 1026 1843 eo
1064 1795 1199 1856 quod
1237 1796 1439 1857 quando
1477 1794 1724 1857 quadrigis
1758 1793 2098 1856 iungebantur,
2127 1817 2176 1846 2..

354 1880 708 1943 aequabantur,
755 1894 995 1941 paresque
1035 1878 1191 1925 forma
1230 1886 1277 1925 et
1317 1875 1499 1925 similes
1539 1893 1683 1924 cursu
1726 1876 2099 1939 copulabantur.

265 1980 330 2028 42
356 1963 590 2012 Caballus
638 1970 785 2009 antea
833 1960 958 2007 cabo
998 1960 1177 2019 dictus,
1226 1967 1423 2021 propter
1462 1959 1599 2020 quod
1645 1959 1872 2021 gradiens
1921 1959 2103 2021 ungula

354 2044 574 2107 inpressa
599 2052 777 2091 terram
816 2050 1068 2100 concavet,
1098 2041 1234 2103 quod
1271 2039 1458 2103 reliqua
1493 2039 1725 2088 animalia
1762 2057 1865 2088 non
1901 2039 2102 2088 habent.

265 2141 332 2190 43
356 2128 484 2176 Inde
539 2135 587 2174 et
613 2126 826 2187 sonipes,
886 2124 1023 2186 quod
1078 2122 1290 2185 pedibus
1337 2130 1494 2170 sonat.
1577 2123 1824 2170 Vivacitas
1863 2138 2101 2185 equorum

356 2210 537 2257 multa:
575 2209 795 2256 exultant
821 2205 1021 2255 enimin
1038 2206 1224 2268 campis
1243 2220 1254 2262 ;
1293 2205 1562 2252 odorantur
1578 2203 1766 2252 bellum
1786 2220 1798 2262 3
1832 2203 2103 2252 excitantur
2127 2225 2176 2270 η

355 2307 478 2339 sono
503 2290 653 2338 tubae
672 2290 736 2338 ad
761 2287 1032 2351 proelium;
1071 2303 1190 2335 voce
1215 2285 1412 2334 accensi
1436 2287 1501 2334 ad
1526 2302 1723 2334 cursum
1744 2294 2073 2349 provocantur
2087 2301 2100 2344 ;

354 2375 526 2422 dolent
551 2389 664 2420 curn
683 2369 798 2420 victi
823 2369 1029 2428 fuerint;
1056 2369 1275 2417 exultant
1292 2385 1406 2416 cum
1423 2366 1640 2416 vicerint.
1696 2367 1915 2429 Quidam
1936 2369 2102 2416 hostes

414 2513 432 2539 1
465 2507 531 2540 est
565 2514 666 2540 cam.
700 2499 735 2538 C
895 2513 920 2537 2
949 2498 1188 2538 velociores
1223 2495 1268 2534 K
1429 2510 1454 2545 4
1483 2496 1620 2534 anima
1654 2495 1704 2535 C1
1829 2497 1905 2535 bos
1939 2509 2021 2536 om.
2045 2496 2101 2534 B¹

355 2569 380 2606 5
403 2561 468 2594 est
481 2556 570 2596 hah.
586 2556 695 2595 BK:
714 2569 799 2595 om.
816 2554 894 2593 CT
983 2556 1010 2592 6
1029 2558 1133 2603 gutt.
1149 2564 1237 2602 par.
1255 2564 1336 2590 om.
1353 2550 1399 2588 K
1479 2550 1690 2590 demissos
1703 2551 1819 2590 cibos
1832 2551 1878 2589 K
1985 2564 2008 2600 7
2030 2564 2098 2590 an.

356 2624 442 2650 rev.
465 2610 505 2648 Β
645 2612 670 2648 8
701 2610 913 2648 adseddus
944 2609 1011 2648 B:
1040 2608 1225 2647 aseddus
1261 2605 1339 2644 CT
1440 2606 1522 2644 hoc
1551 2619 1629 2646 om.
1661 2605 1768 2643 B1K
1905 2618 1954 2644 10
1982 2606 2102 2657 huic]
2170 2617 2176 2619 ·

356 2667 469 2704 hunc
484 2665 535 2704 C1
623 2678 666 2703 11
693 2665 850 2703 renites
866 2664 912 2701 Κ
990 2663 1205 2702 substituit
1221 2659 1267 2697 K
1359 2672 1407 2709 13
1430 2661 1529 2700 etin
1543 2661 1632 2700 des.
1649 2673 1731 2700 om.
1756 2660 1793 2698 T
1881 2673 1930 2710 14
1950 2673 2100 2699 vacan-
2168 2710 2172 2711 ⁷

356 2726 422 2759 tes
442 2719 530 2758 ΒΤ
635 2732 683 2768 15
715 2731 803 2758 nas.
828 2726 968 2758 autem
991 2730 1094 2758 mas,
1121 2716 1156 2755 C
1245 2715 1323 2753 zel.
1344 2727 1446 2754 mas.
1469 2715 1510 2753 Β
1602 2715 1814 2754 morsibus
1849 2714 1886 2752 T
1961 2715 2100 2753 detra·
2158 2758 2176 2762 ..

354 2776 462 2815 hunt
483 2774 529 2812 K
681 2776 731 2812 16
759 2787 832 2812 eos
851 2787 931 2812 om.
954 2773 998 2811 K
1107 2771 1211 2811 locis
1225 2783 1308 2810 om.
1331 2769 1378 2808 K
1515 2782 1560 2818 17
1591 2770 1725 2821 quod]
1746 2770 1844 2820 quia
1861 2768 1897 2808 C
2002 2782 2099 2819 pro·
2172 2783 2176 2785 ·

355 2831 466 2869 vecti
508 2830 543 2868 C
655 2829 703 2866 18
731 2829 815 2866 sint
851 2827 892 2865 Β
1004 2828 1142 2866 minor
1162 2854 1174 2865 .
1197 2857 1206 2865 .
1228 2857 1239 2867 .
1260 2837 1344 2863 non
1383 2837 1466 2864 rec.
1498 2837 1580 2863 om.
1604 2824 1651 2862 K
1756 2836 1806 2862 21
1839 2836 1930 2873 aeq.
1951 2837 2033 2862 om.
2056 2823 2103 2862 K
2166 2863 2176 2867 ,,

355 2897 484 2935 pares
502 2884 569 2923 K:
591 2896 752 2933 eosque
768 2895 894 2932 pares
912 2883 953 2921 B
1081 2894 1132 2919 22
1153 2881 1261 2920 Cav-
1281 2880 1356 2918 aliz·
1462 2892 1527 2919 an.
1545 2892 1569 2918 a
1585 2892 1645 2918 ca.
1673 2877 1709 2915 T
1723 2877 1825 2930 (non
1846 2878 1902 2928 U)
1995 2891 2099 2917 cavo

358 2939 437 2979 CK
441 2940 483 2978 U
500 2938 591 2990 (sed
606 2938 653 2988 οἵ,
675 2949 772 2976 v111.
796 2937 842 2989 4)
965 2949 1027 2987 pr.
1049 2937 1149 2986 quia
1171 2935 1219 2974 C1
1385 2947 1436 2984 23
1467 2939 1580 2973 terra
1599 2932 1645 2970 K
1765 2933 1958 2972 concavit
1979 2931 2096 2971 C1K:

357 2994 563 3034 concabet
590 2993 627 3031 T
796 3005 846 3041 24
878 2992 975 3042 quia
993 2992 1090 3042 ped.
1115 2990 1151 3029 C
1309 2995 1435 3028 sonet
1459 2988 1500 3026 Β
1681 2999 1731 3037 25
1762 2987 1860 3028 mul.
1882 2993 1946 3026 est
1968 3000 2036 3028 ex,
2057 2987 2099 3026 B

357 3050 620 3089 obdurantur
637 3047 749 3087 bello
767 3046 814 3085 K
975 3047 1027 3085 26
1055 3058 1141 3086 acc.
1162 3057 1288 3084 cursu
1309 3056 1430 3094 prov·
