2228 3444
109 640 131 679 5

86 1046 134 1073 10

90 1687 131 1726 15

88 2098 138 2125 20

435 165 1067 214 ETYMOLOGIARVM
1108 166 1236 215 LIB.
1277 169 1375 215 III.
1415 169 1635 216 xxii-xxv

158 294 486 343 monadibus:
523 295 662 344 ducis
699 312 786 359 per
822 297 1131 359 quadratum,
1161 298 1316 347 sexies
1351 298 1455 346 seni
1490 298 1676 346 faciunt
1720 312 1903 346 xxxvl.

158 375 432 440 Coniungis
467 386 684 426 extrema
717 377 799 426 illa
832 379 1002 441 prima,
1033 395 1083 427 VI
1118 380 1182 428 ad
1215 394 1307 438 XII,
1336 378 1483 428 simul
1509 378 1727 428 efficiunt
1754 395 1900 428 xvm.

158 457 352 506 Partiris
389 458 550 508 tricies
587 459 742 508 sexies
780 477 866 523 per
901 461 1049 509 decas
1087 469 1216 521 octo,
1245 460 1392 510 efficit
1429 460 1715 524 dipondius.
1790 464 1902 510 Hos

156 537 315 602 iungis
364 555 478 587 cum
527 558 721 589 summa
754 542 958 600 minore,
996 540 1047 590 id
1087 550 1161 591 est
1203 541 1371 600 sexies,
1412 551 1554 590 erunt
1591 557 1684 589 vm
1726 551 1774 590 et
1816 544 1905 591 erit

157 619 377 669 medium
404 621 528 670 inter
553 638 604 670 VI
640 632 688 672 et
722 639 815 671 xil.
888 626 1204 687 Quapropter
1238 640 1332 672 vm
1365 633 1597 687 superant
1635 639 1686 672 V1
1712 624 1906 673 duabus

157 702 468 763 monadibus,
492 705 542 752 id
569 713 641 752 est
668 704 809 753 tertia
835 706 900 753 de
921 720 990 765 VI,
1011 714 1058 753 et
1085 713 1377 768 superantur
1403 719 1497 752 vm
1523 722 1552 753 a
1576 720 1654 752 ΧΗ
1675 713 1907 768 quattuor

156 784 469 844 monadibus,
509 785 649 833 tertia
685 788 924 849 portione.
1002 788 1116 848 Qua
1151 796 1288 850 parte
1326 803 1440 851 ergo
1478 796 1688 850 superat,
1729 789 1902 836 eadem

155 875 420 928 superatur.
495 869 593 916 Sed
631 868 754 917 haec
793 870 916 917 ratio
955 870 1383 931 quemadmodum
1420 870 1470 917 in
1508 870 1698 918 mundo
1735 878 1809 918 est
1844 887 1903 918 ex
1929 881 1958 914 2

156 947 460 996 volubilitate
486 948 795 1010 circulorum,
823 949 890 998 ita
907 959 963 1015 ‚Aet
987 950 1038 998 in
1065 950 1394 1000 microcosmo
1420 950 1471 999 in
1499 960 1690 999 tantum
1716 961 1906 1014 praeter

156 1044 330 1077 vocem
356 1031 496 1089 valet,
525 1039 579 1078 ut
605 1030 710 1080 sine
734 1031 886 1096 ipsius
913 1034 1217 1095 perfectione
1243 1034 1390 1081 etiarn
1417 1034 1570 1082 homo
1597 1033 1902 1096 symphoniis

156 1125 326 1158 carens
351 1127 453 1159 non
478 1121 685 1161 constet.
760 1112 999 1162 Eiusdem
1021 1115 1238 1163 musicae
1259 1114 1562 1177 perfectione
1582 1114 1730 1163 etiam
1752 1125 1906 1164 metra

156 1193 433 1240 consistunt
459 1192 509 1241 in
534 1193 628 1243 arsi
655 1202 702 1243 et
729 1195 868 1255 thesi,
899 1196 949 1244 id
977 1205 1049 1244 est
1075 1195 1352 1246 elevatione
1378 1206 1426 1245 et
1451 1195 1709 1260 positione.

737 1476 830 1522 DE
869 1474 1344 1524 ASTRONOMIA

296 1599 378 1644 DE
396 1599 787 1645 ASTRONOMIAE
814 1612 1040 1646 NOMINE.
1117 1599 1438 1646 Astronomia
1458 1606 1532 1646 est
1551 1606 1793 1646 astrorum
1811 1600 1901 1658 lex,
1931 1605 2078 1644 XXIV

158 1694 285 1740 quae
310 1694 480 1726 cursus
503 1677 719 1727 siderum
747 1688 794 1728 et
815 1681 991 1742 figuras
1012 1689 1060 1728 et
1080 1679 1398 1728 habitudines
1426 1681 1676 1728 stellarum
1702 1679 1830 1729 circa
1856 1697 1908 1729 se

159 1767 206 1807 et
232 1758 361 1807 circa
385 1769 562 1808 terram
588 1760 856 1824 indagabili
882 1763 1070 1809 ratione
1097 1761 1344 1824 percurrit.

295 1844 378 1889 DE
417 1857 808 1891 INVENTORIBVS
859 1854 986 1892 Elvs.
1061 1844 1435 1892 Astronomiam
1483 1843 1627 1907 primi
1676 1843 1904 1907 Aegyptii
1933 1854 2059 1893 XXV

159 1922 465 1972 invenerunt.
563 1927 892 1988 Astrologiam
947 1942 1062 1974 vero
1116 1936 1164 1975 et
1221 1925 1487 1975 nativitatis
1548 1925 1911 1975 observantiam

161 2007 401 2056 Chaldaei
418 2005 562 2069 primi
580 2008 867 2056 docuerunt.
909 2009 1162 2056 Abraham
1179 2018 1345 2057 autern
1363 2007 1632 2056 instituisse
1642 2006 1912 2071 Aegyptios

161 2087 493 2151 Astrologiam
521 2090 764 2151 Iosephus
798 2099 969 2138 auctor
1001 2091 1270 2138 adseverat.
1345 2089 1523 2138 Graeci
1547 2099 1714 2138 autem
1740 2091 1914 2138 dicunt

161 2171 288 2218 hanc
325 2177 479 2217 artem
518 2169 581 2218 ab
615 2171 817 2218 Atlante
850 2170 982 2234 prius
1013 2171 1353 2234 excogitatam,
1394 2170 1609 2234 ideoque
1642 2170 1803 2220 dictus
1838 2179 1912 2220 est

131 2250 450 2300 2.sustinuisse
486 2253 692 2300 caelum.
787 2251 1025 2316 Quisquis
1060 2263 1227 2301 autern
1265 2253 1346 2301 ille
1382 2252 1485 2312 fuit,
1526 2262 1664 2302 motu
1701 2254 1823 2301 caeli
1861 2262 1909 2301 et
1935 2269 1966 2303 2

158 2333 347 2382 ratione
372 2333 523 2381 animi
551 2335 788 2382 excitatus
814 2351 900 2397 per
925 2343 1205 2398 temporum
1232 2334 1377 2394 vices,
1400 2351 1486 2397 per
1511 2342 1752 2383 astrorum
1779 2342 1909 2382 ratos

159 2415 489 2478 definitosque
532 2432 716 2475 cursus,
760 2433 846 2480 per
886 2418 1251 2465 intervallorum
1293 2416 1449 2479 spatia
1488 2417 1755 2476 moderata,
1796 2433 1909 2464 con-

159 2497 388 2546 sideravit
425 2497 760 2547 dimensiones
797 2499 1038 2561 quasdam
1075 2507 1125 2547 et
1166 2514 1413 2559 numeros,
1453 2514 1580 2561 quae
1618 2497 1907 2547 definiendo

158 2595 216 2626 ac
240 2580 545 2628 secernendo
571 2578 621 2626 in
648 2578 873 2628 ordinem
900 2587 1103 2628 nectens
1130 2578 1461 2642 Astrologiam
1486 2578 1710 2642 repperit.

213 2722 237 2747 2
277 2721 319 2747 v1
352 2714 394 2748 et
427 2721 491 2748 x11
521 2709 567 2747 K
742 2722 766 2757 3
799 2710 928 2748 decus
958 2715 1052 2747 octo
1083 2708 1151 2748 K:
1196 2710 1325 2748 decus
1360 2714 1480 2748 octus
1513 2707 1594 2746 BC
1598 2708 1635 2746 T
1753 2708 1909 2747 efficiet.

160 2763 394 2813 depondius
418 2763 474 2802 C:
505 2764 691 2803 efficiunt
712 2764 959 2815 dipondium
981 2763 1027 2800 K
1203 2778 1227 2813 4
1258 2777 1463 2803 summam
1483 2763 1692 2801 minorum
1722 2762 1758 2800 T
1861 2762 1904 2800 id

160 2823 225 2856 est
257 2831 340 2858 om.
374 2818 420 2856 K
448 2820 551 2866 (non
580 2819 644 2867 A)
825 2819 966 2858 sexies
1000 2817 1122 2869 (-xis)
1157 2824 1281 2857 erunt
1313 2818 1500 2857 ABCT:
1544 2831 1620 2856 sex
1654 2823 1696 2856 et
1729 2823 1826 2855 sunt
1861 2816 1908 2854 K

159 2877 286 2910 erunt
306 2875 414 2913 med.
437 2873 483 2911 K
608 2876 635 2912 6
663 2874 716 2912 de
735 2885 782 2912 V1
802 2873 869 2913 K:
902 2875 955 2913 de
975 2874 1091 2912 sexis
1108 2872 1230 2912 BCT
1334 2877 1590 2923 superantur
1613 2871 1668 2910 C:
1698 2877 1904 2922 superant

160 2926 244 2964 BT
255 2941 264 2966 ε
294 2933 468 2977 superat
487 2927 534 2966 K
678 2941 700 2977 7
731 2928 902 2979 eadem]
923 2941 973 2967 ea
994 2928 1040 2966 K
1182 2929 1208 2966 8
1238 2927 1326 2967 Sed
1348 2929 1400 2966 ad
1422 2927 1500 2966 hec
1522 2927 1567 2965 K
1675 2932 1740 2964 est
1760 2938 1841 2964 om.
1865 2926 1906 2963 B

165 2993 215 3019 10
243 2995 308 3020 vo.
327 2982 444 3021 velut
462 2983 556 3022 sine
577 2982 624 3020 K
736 2995 780 3021 11
813 2984 1016 3023 consistat
1037 2982 1130 3021 eius
1151 2995 1256 3022 mus.
1281 2981 1322 3020 Β
1435 2995 1484 3020 12
1513 2982 1555 3018 in
1576 2979 1685 3018 arsis
1706 2985 1748 3019 et
1770 2980 1904 3018 thesis

160 3035 262 3085 (te-)
278 3036 388 3076 codd.
507 3048 555 3086 15
575 3037 654 3077 sid.
668 3050 716 3076 ac
732 3038 802 3087 fig.
821 3037 857 3076 C
962 3051 1016 3077 20
1035 3038 1256 3077 adseverat
1267 3036 1347 3076 BC
1351 3035 1388 3075 T
1395 3050 1404 3076 :
1425 3035 1621 3075 edisserit
1637 3033 1682 3072 K
1789 3046 1840 3084 25
1862 3041 1905 3074 et

159 3101 244 3129 om.
263 3089 344 3128 BC
502 3093 555 3131 26
582 3105 632 3132 ac
650 3091 916 3133 secernendo
936 3105 1020 3132 om.
1042 3091 1124 3130 KL
1148 3096 1251 3142 (non
1273 3091 1312 3130 A
1321 3096 1334 3141 )

990 3181 1071 3215 L2
