2176 3424
436 108 1067 158 ETYMOLOGIARVM
1107 108 1236 156 LIB.
1276 108 1413 156 XIV.
1455 107 1501 165 ii,
1543 107 1590 155 iii

136 254 278 302 super
298 240 563 301 rompheae
581 237 882 301 flagrantiam
903 238 1182 286 ordinatum
1205 246 1291 295 est,
1309 246 1362 285 ut
1388 238 1614 285 homines
1632 239 1877 298 flammae,

133 323 333 383 angelos
358 337 472 369 vero
498 321 653 368 malos
678 319 838 382 angeli
865 319 1207 379 submoveant,
1235 335 1298 367 ne
1323 319 1401 366 cui
1429 319 1561 367 carni
1586 321 1662 367 vel
1689 318 1877 382 spiritui

133 401 528 466 transgressionis
565 403 726 450 aditus
759 401 975 450 Paradisi
1012 410 1189 464 pateat.
1265 400 1410 450 India
1439 409 1613 450 vocata
1648 401 1713 449 ab
1748 403 1878 450 Indo
1902 414 1933 463 5

134 484 349 544 flumine,
372 498 472 548 quo
498 501 556 533 ex
581 493 717 547 parte
742 483 1037 532 occidentali
1063 482 1318 532 clauditur.
1382 485 1526 532 Haec
1551 500 1580 532 a
1605 483 1879 532 meridiano

85 593 106 632 5
132 564 252 614 mari
276 575 498 628 porrecta
523 582 680 628 usque
703 566 767 614 ad
791 574 952 614 ortum
980 564 1119 623 Solis,
1148 573 1196 614 et
1219 582 1248 613 a
1275 564 1608 628 septentrione
1633 581 1791 628 usque
1815 567 1878 613 ad

132 656 351 696 montem
381 648 657 697 Caucasum
685 645 905 711 pervenit
920 663 932 706 ;
971 645 1161 695 habens
1186 655 1356 710 gentes
1383 648 1562 695 multas
1596 656 1644 696 et
1678 648 1875 710 oppida,

131 731 341 778 insulam
381 746 581 793 quoque
617 730 950 793 Taprobanen
989 728 1197 792 gemmis
1237 738 1285 778 et
1324 730 1598 792 elephantis
1635 730 1876 787 refertam,

133 812 370 874 Chrysam
397 821 444 860 et
469 814 689 875 Argyren
721 828 840 860 auro
873 820 1177 874 argentoque
1214 812 1466 871 fecundas,
1493 810 1639 860 Tilen
1677 827 1877 874 quoque

130 893 384 942 arboribus
410 893 575 941 foliam
597 909 869 956 numquam
889 901 1154 942 carentem.
1215 893 1386 942 Habet
1403 902 1451 941 et
1471 894 1645 941 fluvios
1667 893 1876 956 Gangen
1901 895 1935 941 6

0 1027 2 1030 ,
60 999 108 1026 10
131 984 178 1024 et
206 977 387 1024 Indum
426 985 473 1024 et
506 978 773 1039 Hypanem
810 974 1123 1024 inlustrantes
1161 974 1330 1024 Indos.
1403 977 1554 1023 Terra
1588 975 1763 1025 Indiae
1792 978 1876 1023 Fa-

0 1045 4 1062 ”
129 1057 262 1106 vonii
287 1057 458 1120 spiritu
485 1058 803 1106 saluberrima
828 1057 878 1105 in
903 1074 1035 1106 anno
1062 1058 1136 1106 bis
1171 1059 1311 1106 metit
1344 1059 1531 1120 fruges:
1569 1057 1675 1107 vice
1700 1057 1875 1107 hiemis

130 1139 319 1188 Etesias
340 1139 534 1203 patitur.
598 1138 766 1202 Gignit
782 1148 947 1188 autem
967 1138 1107 1188 tincti
1127 1138 1304 1188 coloris
1325 1138 1564 1200 homines,
1585 1141 1875 1203 elephantos

127 1222 364 1284 ingentes,
394 1237 697 1270 monoceron
718 1220 942 1280 bestiam,
971 1220 1235 1284 psittacum
1261 1237 1416 1280 avem,
1437 1221 1653 1270 ebenum
1674 1239 1875 1285 quoque

126 1301 326 1365 lignum,
351 1312 398 1351 et
422 1302 708 1351 cinnamum
735 1312 782 1351 et
809 1302 945 1366 piper
971 1312 1018 1352 et
1044 1304 1289 1351 calamum
1315 1303 1652 1353 aromaticum.
1718 1304 1874 1354 Mittit
1897 1317 1924 1367 7

56 1403 101 1445 15
126 1393 174 1432 et
214 1385 348 1444 ebur,
389 1386 576 1448 lapides
616 1401 816 1447 quoque
856 1384 1122 1448 pretiosos:
1178 1385 1402 1448 beryllos,
1442 1387 1789 1450 chrysoprasos
1828 1397 1875 1436 et

125 1467 454 1526 adamantem,
505 1466 845 1526 carbunculos,
898 1466 1152 1530 lychnites,
1204 1467 1485 1531 margaritas
1539 1477 1587 1516 et
1647 1468 1872 1528 uniones,

125 1548 304 1610 quibus
329 1547 571 1597 nobilium
598 1549 888 1596 feminarum
914 1549 1053 1597 ardet
1077 1548 1298 1597 ambitio.
1362 1549 1440 1598 Ibi
1467 1558 1580 1598 sunt
1605 1558 1653 1598 et
1680 1560 1872 1599 montes

125 1630 271 1689 aurei,
300 1647 424 1694 quos
454 1629 589 1679 adire
624 1639 822 1693 propter
855 1631 1095 1679 dracones
1129 1639 1176 1678 et
1208 1631 1416 1694 gryphas
1452 1640 1498 1680 et
1532 1630 1871 1680 inmensorum

127 1710 383 1759 hominum
421 1719 639 1760 monstra
670 1710 958 1774 inpossibile
989 1721 1074 1760 est.
1155 1711 1350 1760 Parthia
1382 1712 1445 1760 ab
1481 1711 1655 1761 Indiae
1690 1713 1870 1762 finibus
1895 1724 1924 1770 8

53 1807 104 1835 20
129 1809 285 1856 usque
321 1794 384 1841 ad
417 1792 834 1856 Mesopotamiam
870 1792 1159 1856 generaliter
1196 1793 1490 1843 nominatur.
1567 1796 1771 1856 Propter
1804 1796 1871 1842 in-

125 1873 304 1922 victam
326 1873 456 1922 enim
480 1875 771 1923 Parthorum
787 1874 1016 1924 virtutem
1037 1884 1084 1924 et
1100 1875 1296 1938 Assyria
1313 1885 1360 1924 et
1385 1875 1602 1938 reliquae
1621 1877 1871 1938 proximae

125 1955 348 2018 regiones
374 1955 424 2003 in
450 1955 553 2004 eius
580 1972 765 2005 nomen
785 1956 1093 2006 transierunt.
1157 1959 1281 2005 Sunt
1307 1957 1438 2005 enim
1466 1957 1515 2005 in
1541 1973 1598 2006 ea
1618 1958 1868 2019 Aracusia‚

126 2038 334 2097 Parthia,
364 2037 573 2100 Assyria,
605 2037 777 2086 Media
803 2048 850 2086 et
877 2038 1091 2098 Persida,
1123 2055 1249 2102 quae
1282 2038 1505 2101 regiones
1539 2037 1750 2087 invicem
1777 2039 1869 2087 sibi

122 2120 416 2169 coniunctae
442 2119 634 2167 initium
660 2119 723 2168 ab
752 2121 881 2168 Indo
914 2120 1117 2169 flumine
1152 2130 1366 2180 sumunt,
1396 2120 1529 2183 Tigri
1556 2122 1865 2181 clauduntur,

52 2216 97 2256 25
124 2202 242 2250 locis
259 2201 534 2250 montuosis
554 2211 600 2250 et
620 2201 946 2264 asperioribus
964 2201 1099 2262 sitae,
1119 2203 1359 2251 habentes
1377 2202 1550 2251 fluvios
1573 2204 1867 2266 Hydaspem

122 2294 169 2332 et
195 2284 395 2332 Arbem.
466 2284 589 2331 Sunt
625 2283 757 2331 enim
792 2283 916 2331 inter
950 2301 1001 2332 se
1034 2283 1214 2332 finibus
1253 2285 1351 2332 suis
1382 2283 1633 2345 discretae,
1663 2287 1867 2334 nomina

121 2382 149 2413 a
185 2364 390 2428 propriis
424 2363 706 2413 auctoribus
744 2364 809 2413 ita
843 2367 1105 2414 trahentes.
1179 2365 1416 2415 Aracusia
1452 2367 1515 2414 ab
1552 2366 1738 2430 oppido
1776 2385 1867 2416 suo
1891 2384 1925 2431 9

178 2508 195 2533 1
228 2508 260 2535 r.
292 2495 557 2544 fraglantiam
597 2495 654 2534 T:
701 2497 905 2544 romphea
946 2496 1141 2545 flagranti
1181 2496 1215 2534 C
1404 2510 1428 2535 2
1460 2497 1622 2546 angelis
1654 2498 1787 2537 subm.
1825 2498 1870 2536 K

122 2549 261 2588 carnis
289 2549 325 2587 T
426 2549 515 2601 vel]
539 2562 593 2587 ne
614 2550 678 2588 cui
702 2549 736 2588 C
862 2563 886 2599 3
917 2551 1063 2600 paradi
1087 2550 1136 2588 C1
1266 2552 1290 2588 8
1320 2552 1542 2590 fecundam
1568 2552 1602 2591 C
1720 2553 1864 2605 Tilen]

123 2604 270 2642 utilem
292 2603 403 2643 codd.
428 2619 437 2643 ε
467 2604 599 2642 utilen
621 2604 662 2642 F
767 2618 793 2654 9
821 2604 920 2643 folia
940 2605 1004 2643 F:
1035 2605 1146 2644 foliis
1169 2604 1204 2643 C
1222 2608 1323 2654 (non
1348 2605 1460 2646 Ovet.
1479 2607 1597 2653 extr.)
1710 2609 1863 2646 arenti-

121 2658 200 2697 bus
224 2658 258 2696 C
368 2658 477 2698 Hab.
500 2659 596 2697 fluv.
626 2658 662 2696 T
824 2672 872 2698 10
902 2660 1034 2697 indun
1057 2659 1115 2698 C:
1146 2660 1289 2698 nidam
1310 2661 1418 2712 (-an)
1441 2660 1609 2699 BFKT
1628 2661 1738 2701 Ovet.
1760 2668 1858 2702 extr.

121 2713 320 2762 hipanem
342 2713 439 2766 (ip-‚
463 2714 554 2763 -en>
576 2712 687 2751 codd.
710 2713 853 2765 (etiam
877 2713 987 2753 Ovet.
1010 2716 1128 2763 extr.)
1242 2715 1555 2764 prolustrantes
1574 2716 1609 2754 C
1719 2729 1765 2755 11
1798 2718 1864 2756 bis

122 2768 165 2806 in
196 2781 262 2807 an.
299 2765 340 2803 B
518 2779 565 2815 13
595 2767 841 2807 minoceron
882 2768 918 2806 T
1078 2781 1126 2818 14
1157 2768 1245 2807 Mit.
1279 2769 1342 2808 eb.
1382 2769 1417 2808 C
1582 2782 1629 2818 15
1660 2771 1767 2821 lapis
1801 2771 1862 2809 Βι

121 2821 319 2871 byrillum
342 2821 686 2872 chrisophrasum
707 2821 752 2858 K
887 2825 935 2861 16
964 2822 1136 2872 lignites
1155 2822 1265 2862 codd.
1399 2825 1448 2862 18
1474 2824 1577 2863 adiri
1603 2825 1638 2864 C
1744 2826 1860 2877 gry.]

121 2876 197 2914 isas
217 2876 274 2914 Β1
427 2889 476 2914 21
507 2877 587 2915 vir.
610 2876 705 2916 Par.
731 2875 808 2915 CK
947 2890 998 2914 22
1027 2877 1069 2915 in
1091 2878 1141 2916 ei.
1163 2890 1273 2918 nom.
1297 2880 1551 2917 transierunt
1579 2878 1638 2918 T:
1667 2880 1721 2918 ei.
1743 2893 1855 2919 nom.

121 2935 343 2969 traxerunt
366 2929 487 2969 BCK
558 2931 584 2969 i.
599 2944 631 2970 e.
654 2930 888 2970 Arachosia
1011 2945 1063 2980 24
1093 2938 1310 2971 resumunt
1329 2932 1375 2970 K
1483 2935 1536 2971 26
1565 2934 1697 2985 enim]
1720 2941 1859 2973 autem

121 2983 156 3022 C
173 2986 274 3076 (noqvg
295 2985 408 3024 Ovet.
425 2986 547 3037 extr.)
641 2984 772 3037 inter]
793 2998 818 3024 a
838 2984 884 3023 K
970 2987 1058 3025 suis
1074 2999 1155 3026 om.
1173 2985 1209 3024 C
1299 2988 1467 3026 discreti
1483 2986 1529 3024 K
1636 3001 1687 3038 27
1719 2995 1859 3029 traen-

119 3042 206 3076 tum
