2228 3444
117 631 138 669 5

544 152 1172 202 ETYMOLOGIARVM
1214 157 1343 204 LIB.
1383 159 1472 205 VI.
1512 157 1544 205 ii

166 281 308 330 estin
330 280 534 330 Psalmis
558 280 601 345 (1
617 299 688 340 10,
709 282 759 346 4>
783 302 790 330 :
834 284 937 330 ‘Tu
959 299 1009 331 es
1037 286 1265 333 sacerdos
1287 285 1336 334 in
1361 296 1616 336 aeternum
1638 293 1912 340 secundum

165 364 388 412 ordinem
416 363 822 412 Melchisedech.'
894 364 993 412 Vbi
1027 365 1159 414 enim
1195 367 1419 417 Christus
1452 370 1666 431 advenit,
1693 375 1915 422 sacerdo-

163 444 286 494 tium
314 445 613 510 Iudaeorum
639 445 902 505 obmutuit,
930 447 1006 494 lex
1040 455 1088 495 et
1120 449 1377 511 prophetia
1402 452 1621 501 cessavit.
1697 454 1913 514 Quartus
1937 473 2006 520 39

166 527 416 575 Iohannes
434 525 625 589 scripsit
646 527 970 589 Evangelium
987 527 1188 578 ultimus
1209 529 1259 578 in
1276 530 1409 590 Asia,
1428 532 1669 596 incipiens
1683 551 1713 582 a
1728 536 1911 596 Verbo,

164 618 216 657 ut
248 610 530 657 ostenderet
567 610 782 656 eundem
817 610 1132 670 Salvatorem‚
1162 613 1246 674 qui
1281 630 1368 676 pro
1403 614 1550 663 nobis
1582 615 1811 679 dignatus
1842 627 1914 666 est

162 690 297 739 nasci
336 700 383 740 et
421 691 535 753 pati,
564 691 724 754 ipsum
764 701 876 741 ante
913 696 1109 742 saecula
1146 696 1240 744 Dei
1278 697 1500 745 Verbum
1537 716 1658 759 esse,
1687 699 1848 762 ipsum
1886 718 1914 749 a

161 774 299 820 caelo
324 772 529 832 venisse,
557 782 606 821 et
631 782 742 836 post
768 783 975 823 mortem
1000 777 1065 824 ad
1091 779 1282 825 caelum
1307 778 1482 827 iterum
1509 798 1766 830 remeasse.
1843 783 1911 830 Hi
1934 799 2005 845 40

163 863 276 902 sunt
293 863 522 917 quattuor
543 855 898 917 Evangelistae‚
919 874 1044 919 quos
1060 876 1146 921 per
1163 862 1474 910 Ezechielem
1496 863 1702 926 Spiritus
1717 874 1915 914 sanctus

163 935 452 999 significavit
477 936 528 983 in
554 946 786 999 quattuor
818 939 1127 988 animalibus.
1203 944 1469 1006 Propterea
1492 955 1658 994 autem
1685 957 1916 1009 quattuor

92 1037 141 1065 10
161 1017 403 1077 animalia,
433 1017 547 1079 quia
572 1035 658 1081 per
693 1029 925 1081 quattuor
958 1021 1132 1071 mundi
1165 1032 1326 1085 partes
1359 1026 1480 1074 fides
1508 1027 1816 1077 Christianae
1843 1047 1914 1078 re-

91 1447 134 1486 ¹5

161 1098 353 1160 ligionis
384 1115 553 1147 eorum
580 1100 946 1162 praedicatione
971 1103 1290 1154 disseminata
1315 1115 1400 1155 est.
1474 1108 1722 1158 Animalia
1746 1119 1910 1159 autem
1934 1133 1991 1179 41

161 1179 291 1228 dicta
339 1190 450 1228 sunt
510 1182 745 1244 quoniam
805 1194 1002 1248 propter
1056 1188 1272 1235 animam
1330 1189 1545 1238 hominis
1603 1192 1913 1255 praedicatur

162 1264 482 1325 Evangelium
511 1263 707 1314 Christi.
782 1268 912 1314 Nam
948 1275 995 1316 et
1021 1268 1175 1317 oculis
1210 1271 1355 1332 plena
1388 1282 1525 1320 erant
1550 1273 1681 1323 intus
1707 1285 1755 1324 et
1779 1275 1908 1337 foris,

160 1344 395 1407 quoniam
422 1346 710 1409 praevident
745 1349 1013 1412 Evangelia
1046 1367 1172 1412 quae
1210 1352 1341 1401 dicta
1374 1363 1487 1402 sunt
1517 1372 1545 1403 a
1573 1358 1836 1420 prophetis,
1865 1369 1911 1407 et

160 1443 286 1489 quae
314 1427 590 1489 promiserit
616 1428 665 1476 in
691 1429 850 1492 priori.
909 1432 1063 1481 Crura
1087 1442 1253 1482 autern
1280 1451 1449 1484 eorum
1476 1446 1618 1496 recta,
1649 1438 1765 1501 quia
1788 1439 1910 1487 nihil
1932 1455 1998 1501 42

158 1525 362 1571 pravum
389 1508 439 1557 in
457 1510 736 1573 Evangeliis
763 1521 835 1560 est
855 1531 866 1572 3
903 1522 950 1561 et
974 1516 1074 1563 alas
1100 1532 1258 1576 senas,
1281 1526 1500 1581 tegentes
1526 1536 1665 1568 crura
1690 1531 1737 1570 et
1763 1522 1910 1571 facies

160 1607 270 1639 suas
292 1609 304 1650 3
340 1593 551 1640 revelata
575 1601 688 1640 sunt
714 1593 845 1642 enim
873 1612 1000 1657 quae
1025 1597 1315 1659 tegebantur
1340 1599 1390 1647 in
1415 1602 1682 1650 adventum
1710 1603 1908 1653 Christi.

162 1674 484 1735 Evangelium
535 1683 699 1723 autem
749 1675 1092 1740 interpretatur
1139 1680 1272 1728 bona
1319 1683 1645 1733 adnuntiatio.
1721 1687 1908 1735 Graece
1930 1704 1996 1750 43

161 1754 292 1803 enim
322 1755 368 1803 εὖ
395 1755 597 1815 bonurn,
626 1759 826 1823 ἀγγελία
849 1759 1161 1809 adnuntiatio
1187 1761 1377 1811 dicitur.
1453 1766 1600 1814 Vnde
1634 1776 1682 1814 et
1706 1770 1908 1830 angelus

90 1854 140 1882 20
159 1836 360 1884 nuntius
387 1836 741 1900 interpretatur.
806 1842 985 1890 Paulus
1012 1845 1283 1905 Apostolus
1309 1862 1421 1894 suas
1446 1846 1636 1910 scripsit
1663 1849 1909 1911 Epistolas
1929 1871 1997 1918 44

158 1918 569 1980 quattuordecim,
589 1937 616 1968 e
633 1922 812 1982 quibus
834 1939 1011 1972 novem
1029 1935 1219 1987 septem
1236 1927 1455 1976 ecclesiis
1476 1928 1680 1992 scripsit,
1700 1930 1909 1993 reliquas

158 1999 410 2063 discipulis
448 2001 547 2049 suis
584 2002 867 2063 Timotheo,
913 2005 1029 2054 Tito
1067 2016 1114 2054 et
1158 2007 1451 2057 Philemoni.
1524 2012 1606 2059 Ad
1648 2012 1908 2061 Hebraeos
1929 2030 1995 2078 45

157 2091 321 2130 autem
350 2082 574 2145 Epistola
606 2084 853 2147 plerisque
892 2086 1080 2135 Latinis
1113 2087 1216 2136 eius
1255 2106 1361 2138 esse
1396 2090 1581 2140 incerta
1613 2103 1686 2142 est
1711 2104 1908 2158 propter

157 2163 514 2213 dissonantiam
531 2165 782 2225 sermonis,
811 2169 1121 2232 eandemque
1145 2170 1226 2218 alii
1255 2173 1514 2222 Barnaban
1542 2176 1906 2239 conscripsisse,

113 2245 238 2299 :alii
274 2263 302 2293 a
336 2247 594 2296 Clemente
631 2248 862 2311 scriptam
905 2250 1053 2300 fuisse
1089 2253 1414 2316 suspicantur.
1503 2259 1675 2305 Petrus
1713 2258 1904 2322 scripsit
1926 2264 1997 2323 46

156 2329 278 2375 duas
304 2326 518 2376 nominis
553 2327 627 2375 sui
661 2329 921 2392 Epistolas,
950 2350 1076 2395 quae
1110 2334 1399 2385 Catholicae
1431 2337 1546 2386 ideo
1571 2341 1902 2401 nominantur,

157 2408 271 2470 quia
297 2426 397 2456 non
423 2409 508 2457 uni
535 2418 725 2458 tanturn
760 2415 946 2476 populo
972 2418 1049 2464 vel
1075 2416 1271 2478 civitati,
1301 2421 1388 2467 sed
1415 2419 1652 2470 universis
1676 2423 1905 2485 gentibus

211 2551 234 2575 2
265 2538 529 2577 sacerdotum
553 2539 587 2576 C
713 2553 738 2590 3
770 2544 978 2593 propheta
999 2545 1087 2583 ΒΚ
1209 2562 1232 2596 4
1264 2562 1287 2587 a
1308 2562 1389 2590 om.
1415 2549 1464 2588 C1
1607 2564 1632 2601 5
1663 2558 1728 2591 est
1750 2559 1791 2592 et
1814 2567 1902 2594 nas.

158 2598 200 2631 et
223 2592 261 2629 T
363 2596 389 2632 6
419 2593 463 2644 a]
484 2607 508 2632 e
525 2592 566 2630 Β
677 2609 698 2644 7
730 2598 927 2638 evenisse
955 2599 992 2636 T
1096 2608 1138 2640 et
1159 2609 1256 2653 post
1277 2605 1478 2656 mortem]
1500 2605 1636 2655 ipsum
1659 2606 1820 2658 K(non
1841 2611 1903 2657 A)

157 2660 182 2695 9
211 2654 349 2698 propt.
370 2661 434 2687 au.
457 2661 526 2697 qu,
550 2661 617 2687 an.
640 2662 724 2688 om.
750 2649 819 2690 K:
850 2660 1050 2702 quattuor
1070 2669 1150 2694 om.
1173 2657 1214 2694 A
1332 2671 1381 2698 10
1410 2661 1600 2709 partibus
1620 2660 1662 2698 Κ
1746 2663 1903 2702 Christi

157 2702 264 2740 fides
284 2703 326 2740 in
348 2703 421 2742 rel.
446 2701 492 2738 K
631 2716 674 2740 11
705 2718 849 2744 eorum
871 2711 1012 2758 praed.
1036 2723 1179 2749 eorum
1204 2712 1237 2751 C
1254 2717 1349 2751 ante
1366 2727 1462 2754 corr.
1604 2728 1652 2753 12
1684 2717 1902 2769 quoniam]

155 2756 254 2805 quia
273 2755 318 2793 K
465 2768 512 2805 13
533 2757 676 2809 erant]
698 2766 795 2798 sunt
815 2761 885 2801 K:
916 2776 963 2802 er
986 2765 1035 2804 Cl
1185 2779 1233 2816 14
1255 2769 1479 2817 pervident
1509 2768 1567 2808 T:
1596 2772 1841 2820 praevisunt
1861 2771 1907 2809 K

158 2810 388 2860 Evangelia
408 2825 490 2851 om.
510 2810 556 2847 K
656 2825 703 2862 15
738 2817 1024 2863 promiserunt
1047 2821 1115 2870 <ex
1132 2820 1245 2870 -iss-)
1271 2822 1307 2861 C
1407 2836 1453 2874 17
1485 2823 1645 2864 velatas
1668 2825 1742 2864 Clz
1763 2827 1902 2864 velate

165 2863 202 2902 T
333 2879 439 2915 quae
460 2879 542 2905 om.
563 2865 609 2903 K
628 2867 728 2918 (non
749 2869 811 2922 A>
947 2875 995 2911 18
1024 2880 1165 2913 autem
1186 2888 1267 2914 om.
1291 2875 1338 2913 K
1463 2878 1627 2918 Graece
1648 2909 1658 2920 .
1683 2910 1691 2919 .
1715 2910 1725 2919 .
1747 2880 1899 2931 interp.

157 2932 240 2958 om.
262 2919 308 2957 K
328 2920 427 2971 (non
448 2921 511 2972 A)
531 2935 539 2959 :
561 2920 726 2984 Graece
748 2954 756 2963 .
779 2954 788 2964 .
811 2957 819 2966 .
842 2926 997 2967 dicitur
1014 2941 1097 2968 om.
1120 2928 1177 2966 Β1
1274 2943 1323 2980 19
1351 2931 1547 2984 ἀγγελία]
1563 2933 1776 2983 angelium
1788 2935 1899 2974 codd.

159 2986 227 3066 12a1t.
242 2974 543 3079 (Klaithlfngqlaltf
557 2975 953 3085 gtcz'agqulzliltessdo)
1037 2991 1493 3088 24nssgiltisiigeselgtem
1522 2986 1586 3080 {6
1613 3000 1823 3082 120m‚2}u{a
1831 2991 1899 3095 epli

158 3095 238 3122 om.
264 3081 309 3119 K
326 3082 385 3133 (A
409 3098 449 3125 n.
471 3085 520 3135 l.)
698 3100 752 3149 χ27
786 3090 908 3128 unius
936 3090 973 3128 T
1104 3094 1285 3132 civitatis
1307 3093 1354 3132 Cl
1485 3097 1558 3134 sed
1583 3097 1695 3137 univ.
1717 3111 1800 3139 om.
1825 3097 1873 3137 C¹
