2176 3424
1076 120 1348 169 ISIDORI

284 265 314 299 2
337 248 500 298 exiliat
524 249 587 298 ab
614 266 674 298 eo
700 248 824 313 ignis
849 249 1025 299 dictus.
1097 249 1336 311 Scopulus
1370 264 1397 295 a
1435 264 1552 296 saxo
1576 247 1827 307 eminenti,
1856 247 1994 311 quasi
2019 247 2084 295 ab

338 333 642 395 speculando
675 331 868 392 dictus3
917 331 1018 380 sive
1042 348 1071 379 a
1101 329 1370 394 tegimento
1396 329 1610 390 navium,
1646 331 1736 379 ἀπὸ
1764 334 1846 380 τοῦ
1882 331 2081 378 σκέπειν.

339 416 559 478 Σπήλαια
595 416 798 474 Graece,
837 416 1102 478 speluncae
1141 412 1330 462 Latine.
1404 414 1493 461 Est
1528 422 1695 462 autem
1731 414 1864 477 rupis
1900 420 2082 460 cavata.

286 518 316 564 3
340 497 558 561 Crepido
585 497 861 546 extremitas
888 496 988 545 saxi
1012 497 1221 559 abrupta
1239 513 1251 555 3
1286 496 1420 544 unde
1453 503 1500 543 et
1525 495 1726 559 crepido
1751 504 1924 544 vocata
1950 496 2085 557 quod

340 579 400 628 sit
424 579 621 643 abrupti
646 579 747 627 saxi
779 578 1002 637 altitudo,
1032 578 1157 627 sicut
1191 580 1203 601 ‘
1224 578 1391 626 haeret
1421 578 1548 639 pede
1578 595 1664 641 pes
1689 580 1872 627 densus
1890 579 1902 599 '
1929 576 2081 642 (Virg.
2114 593 2134 632 5

339 665 464 711 Aen.
493 680 566 720 10,
586 659 736 725 361);
773 662 906 710 unde
941 669 988 709 et
1013 669 1226 709 vocatur.
1302 661 1484 710 Cautes
1519 675 1691 723 aspera
1728 676 1841 708 saxa
1865 658 1915 707 in
1948 658 2087 719 mari,

340 746 501 793 dictae
526 761 555 793 a
580 745 820 804 cavendO,
836 742 976 806 quasi
1002 752 1186 791 cautae.
1250 740 1466 791 Murices
1492 751 1658 805 petrae
1677 741 1726 790 in
1743 741 1883 791 litore
1905 740 2086 790 similes

282 841 311 886 4
341 826 538 875 muricis
563 826 701 887 vivis,
725 826 1037 875 acutissimae
1062 834 1110 874 et
1135 824 1342 874 navibus
1373 826 1689 888 perniciosae.
1767 826 1891 873 Icon
1916 840 2087 872 saxum

340 919 426 969 est,
455 908 539 972 qui
565 910 811 958 humanae
837 908 971 957 vocis
997 924 1174 957 sonum
1193 916 1408 970 captans,
1433 906 1580 955 etiam
1605 906 1754 956 verba
1778 905 2086 970 loquentium·

339 991 583 1040 imitatur:
637 990 748 1040 icon
784 999 950 1040 autem
985 990 1188 1050 Graece,
1223 990 1398 1038 Latine
1436 990 1597 1052 imago
1622 997 1837 1048 vocatur,
1865 1004 1926 1036 eo
1951 988 2086 1050 quod
2115 1011 2163 1040 ιο

338 1076 402 1123 ad
428 1090 603 1122 vocem
629 1074 936 1136 respondens
957 1071 1104 1121 alieni
1131 1070 1335 1120 efficitur
1360 1070 1522 1134 imago
1548 1069 1786 1119 sermonis
1804 1088 1817 1130 3
1854 1068 1966 1118 licet
1991 1070 2087 1117 hoc

339 1155 541 1219 quidem
582 1164 629 1204 et
666 1156 887 1204 locorum
931 1163 1102 1203 natura
1139 1153 1314 1214 evenit,
1353 1169 1410 1201 ac
1448 1154 1738 1215 plerumque
1774 1150 2085 1200 convallium.

286 1250 316 1299 5
341 1239 572 1289 Calculus
590 1247 662 1286 est
688 1236 881 1300 lapillus
899 1246 1052 1286 terrae
1077 1236 1337 1295 admixtus,
1357 1235 1598 1284 rotundus
1617 1244 1765 1297 atque
1782 1233 2088 1293 durissimus,

340 1330 387 1370 et
413 1319 549 1368 omni
575 1319 784 1383 puritate
810 1318 1104 1368 lenissimus.
1183 1319 1357 1367 Dictus
1391 1326 1556 1366 autem
1581 1318 1797 1365 calculus
1824 1317 1959 1379 quod
1985 1316 2090 1364 sine

342 1401 566 1453 molestia
599 1401 837 1451 brevitate
871 1400 944 1450 sui
982 1403 1224 1450 calcetur:
1279 1401 1417 1449 cuius
1451 1398 1721 1448 contrarius
1758 1407 1832 1447 est
1869 1414 2086 1460 scrupus,
2118 1421 2164 1460 15

340 1484 534 1548 lapillus
555 1483 773 1533 minutus
800 1492 847 1532 et
872 1499 1026 1546 asper,
1045 1484 1129 1546 qui
1156 1484 1194 1531 si
1220 1481 1445 1532 inciderit
1462 1481 1511 1530 in
1533 1480 1926 1539 calciamentum,
1944 1489 2092 1528 nocet

340 1576 388 1615 et
414 1567 639 1615 molestia
655 1574 728 1615 est
744 1564 912 1614 animo
931 1584 943 1625 3
980 1567 1113 1614 unde
1130 1574 1178 1614 et
1197 1563 1347 1613 animi
1374 1563 1651 1613 molestiam
1672 1563 1956 1625 scrupulum
1977 1559 2091 1610 dici-

282 1655 316 1702 6
341 1666 451 1698 mus
474 1668 482 1698 :
521 1648 638 1697 hinc
664 1657 711 1696 et
737 1664 943 1711 scrupea
958 1664 1084 1707 saxa,
1113 1646 1163 1696 id
1190 1656 1262 1696 est
1287 1662 1469 1709 aspera.
1533 1644 1673 1696 Cotis
1693 1660 1876 1693 nomen
1902 1643 2091 1706 accepit

342 1732 478 1795 quod
489 1732 669 1779 ferrum
686 1731 750 1779 ad
767 1729 1089 1778 incidendum
1107 1739 1248 1778 acuat
1264 1747 1277 1790 3
1300 1727 1486 1783 †cotis†
1505 1727 1637 1777 enim
1655 1728 1847 1776 Graeco
1864 1741 2090 1775 sermone

343 1813 517 1863 incisio
550 1812 845 1862 nominatur.
922 1814 995 1860 Ex
1028 1811 1102 1860 his
1136 1810 1260 1860 aliae
1292 1811 1520 1873 aquariae
1553 1818 1680 1869 sunt,
1716 1810 1838 1858 aliae
1874 1809 1986 1857 oleo
2022 1806 2092 1856 in·
2116 1828 2168 1856 20

345 1896 515 1960 digent
541 1895 590 1944 in
616 1895 856 1954 acuend0‚
888 1895 974 1943 sed
1005 1895 1170 1944 oleum
1201 1895 1363 1942 lenem
1386 1911 1398 1953 3
1439 1908 1597 1955 aquae
1621 1891 1778 1940 aciem
1803 1888 2089 1939 acerrimam

295 2000 324 2050 7
347 1981 574 2030 reddunt.
651 1980 839 2026 Pumex
863 1985 1065 2026 vocatur
1090 1992 1150 2025 eo
1176 1977 1311 2039 quod
1338 1991 1541 2038 spumae
1567 1973 1809 2023 densitate
1834 1980 2092 2021 concretus

349 2063 431 2110 fiat
452 2079 465 2122 3
502 2070 549 2110 et
575 2068 648 2109 est
673 2058 852 2119 aridus,
880 2060 1095 2108 candore
1119 2074 1310 2122 parvus,
1340 2066 1626 2119 tantamque
1651 2064 1874 2104 naturam
1900 2052 2094 2116 refrige-

298 2151 327 2198 8
350 2142 489 2192 randi
515 2142 704 2190 habens
730 2149 782 2189 ut
815 2140 865 2188 in
891 2157 974 2189 vas
1001 2140 1178 2188 missus
1210 2148 1368 2188 musta
1394 2140 1577 2187 fervere
1602 2137 1842 2187 desinant.
1918 2136 2093 2184 Rudus

406 2285 422 2310 1
456 2273 507 2312 ab
531 2285 583 2311 eo
605 2272 660 2320 ig.
686 2269 786 2309 CT:
817 2270 871 2320 ig.
897 2270 948 2308 ab
970 2283 1020 2309 eo
1041 2269 1126 2308 ΒΚ
1226 2274 1290 2307 est
1311 2269 1390 2307 dic.
1408 2268 1448 2306 Β
1552 2281 1660 2306 xaxo
1681 2268 1722 2306 Β
1857 2281 1881 2305 2
1911 2265 2091 2318 σκέπειν]

347 2328 501 2378 skepin
524 2326 593 2366 K:
622 2326 765 2364 skerin
788 2324 932 2364 BCT:
964 2323 1170 2373 σκεπάζειν
1191 2323 1309 2363 Serv.
1331 2323 1388 2362 ad
1405 2322 1512 2362 Aen.
1541 2335 1574 2372 1,
1600 2334 1652 2374 45
1781 2336 1805 2371 4
1836 2322 1928 2361 saxi
1947 2335 2031 2360 om.
2053 2322 2093 2360 Β

347 2384 495 2422 arubta
522 2380 560 2420 T
574 2382 678 2429 (non
705 2380 763 2430 U)
928 2392 952 2429 5
983 2380 1089 2418 sicut
1111 2408 1121 2419 .
1140 2409 1150 2418 .
1171 2408 1180 2418 .
1205 2392 1296 2418 voc.
1318 2377 1392 2417 del.
1412 2377 1537 2417 Arev.
1558 2377 1710 2416 Isidori
1713 2377 1863 2427 famae
1881 2377 2094 2415 consulens

348 2439 506 2477 densor
545 2435 614 2474 K:
659 2436 814 2474 densus
848 2435 1072 2486 (expunct.)
1110 2434 1351 2482 densusque
1386 2433 1477 2471 viro
1508 2432 1571 2470 vir
1606 2430 1642 2470 C
1782 2435 1808 2471 6
1837 2437 2011 2471 vocatus
2050 2430 2095 2469 K

348 2505 438 2543 asp.
462 2497 557 2531 sunt
578 2504 638 2530 sa.
661 2490 702 2528 Β
930 2503 951 2538 7
983 2490 1172 2528 cavando
1194 2487 1318 2527 BCK
1489 2492 1658 2525 cavatae
1681 2486 1726 2524 K
1897 2486 2033 2525 simile
2053 2487 2094 2524 Β

350 2549 375 2586 8
405 2546 586 2586 murices
604 2545 667 2584 B:
699 2544 924 2583 muricibus
945 2545 1034 2584 dett.
1301 2541 1423 2593 Icon]
1447 2541 1563 2580 Echo
1583 2541 1707 2580 Arev.
1733 2542 1800 2592 (cf.
1822 2541 1931 2580 Plin.
1957 2541 2011 2581 N.
2031 2540 2091 2581 H.

351 2604 416 2652 36,
443 2601 557 2649 100),
579 2599 694 2650 quod
709 2613 807 2638 sane
827 2600 915 2638 vult
933 2599 1057 2637 dicere
1075 2598 1175 2638 Isz'd.
1316 2610 1342 2646 9
1372 2597 1484 2646 quod
1507 2596 1676 2634 nomine
1697 2595 1743 2633 K
1867 2609 1994 2634 voces
2008 2595 2096 2633 ΒΚ

352 2670 458 2696 sonu
479 2660 626 2706 captas
649 2653 694 2691 K
889 2666 937 2692 10
967 2655 1060 2692 icon
1083 2653 1185 2692 BC:
1216 2652 1281 2691 ico
1304 2650 1357 2690 T:
1387 2652 1486 2701 igon
1510 2651 1577 2689 K:
1609 2649 1723 2689 εἰκὼν
1741 2650 1848 2701 dett„
1865 2650 1979 2700 quod
1993 2662 2093 2688 sane

352 2711 442 2750 vult
459 2710 582 2749 dicere
600 2708 700 2749 Isid.
911 2715 1118 2748 vocantur
1138 2707 1193 2746 Β1
1409 2719 1452 2744 11
1488 2707 1540 2744 ad
1563 2719 1643 2745 om.
1675 2704 1712 2743 T
1923 2704 2030 2744 aliae
2050 2703 2095 2741 K

357 2779 404 2816 13
434 2765 541 2815 lapis
561 2763 602 2803 Β
780 2768 894 2801 terra
922 2763 958 2801 T
1135 2773 1182 2812 14
1213 2759 1347 2812 quod]
1369 2760 1463 2810 quia
1483 2759 1524 2798 Β
1708 2771 1756 2808 15
1787 2759 1851 2798 cui
1873 2765 1982 2798 cont.
2006 2758 2094 2796 ΒΚ
2168 2787 2170 2789 -

353 2819 574 2871 scrupulus
595 2817 668 2857 K:
697 2817 890 2867 iserupus
913 2817 1003 2869 (sic)
1032 2816 1070 2855 T
1330 2817 1379 2854 16
1409 2814 1499 2866 qui]
1522 2815 1614 2865 quia
1636 2814 1676 2852 Β
1883 2814 1926 2852 in
1948 2826 2029 2853 om.
2060 2813 2098 2851 T

353 2876 627 2915 calciamento
649 2871 736 2911 ΒΚ
909 2885 954 2922 17
985 2870 1242 2922 iserupulum
1271 2869 1307 2908 T
1469 2871 1517 2907 18
1549 2870 1684 2909 Cutex
1703 2868 1770 2907 B:
1801 2868 1921 2907 Cutis
1940 2866 1986 2904 K
1991 2867 2034 2918 T,
2058 2871 2095 2906 et

348 2932 443 2978 fort.
479 2928 579 2969 Isid.
770 2940 818 2977 19
848 2934 940 2967 cote
975 2926 1086 2967 codd.
1122 2926 1232 2975 infra
1266 2926 1347 2977 (26,
1368 2927 1406 2974 6,
1447 2924 1580 2975 q.v.):
1623 2924 1730 2962 cutis
1763 2921 1872 2962 codd.
1906 2922 1980 2961 hoc
2011 2922 2093 2960 loco

354 2985 463 3023 enim
485 2998 569 3024 om.
592 2981 638 3019 K
735 2995 788 3020 20
818 2983 925 3021 aliae
947 2981 1086 3031 (alt.)]
1108 2993 1162 3018 ne
1190 2979 1226 3017 T
1323 2991 1369 3017 21
1404 2979 1499 3018 lene
1519 2978 1604 3016 BT
1701 2990 1753 3027 23
1782 2977 2029 3027 iamiamque
2050 2975 2096 3014 K

354 3052 405 3087 24
436 3045 480 3077 ut
500 3052 580 3077 om.
606 3038 647 3075 Β
873 3049 996 3075 vasso
1017 3036 1094 3073 31:
1126 3048 1225 3073 vase
1249 3033 1302 3073 C:
1334 3046 1437 3072 vasu
1458 3032 1503 3070 K
1736 3032 1958 3070 defervere
1979 3029 2102 3071 BCT
2167 3062 2176 3077 ἑ

353 3093 521 3132 desinat
544 3092 588 3130 K
738 3093 756 3137 ξ
780 3093 803 3128 8
837 3091 903 3141 (cf.
929 3090 1050 3129 XIX.
1074 3102 1114 3128 x.
1138 3089 1208 3139 27)
1343 3089 1489 3127 Rodus
1509 3085 1577 3125 K:
1609 3087 1755 3125 Rudos
1775 3085 1896 3124 BCT
2168 3088 2176 3098 ’·

2166 3173 2176 3208 ³2

2164 3217 2176 3286 i

2109 3286 2176 3424 a!
