2176 3424
1021 126 1295 175 ISIDORI

285 248 442 297 terior.
536 251 745 300 Interior
793 255 946 302 homo
994 254 1173 315 anima,
1231 255 1320 323 [et]
1370 258 1575 307 exterior
1638 262 1790 309 homo
1837 279 2014 326 corpus

230 340 260 389 7
283 329 465 379 Anima
488 342 654 380 autem
681 350 709 381 a
733 334 998 397 gentilibus
1029 353 1213 386 nomen
1251 338 1455 402 accepit,
1485 357 1545 389 eo
1578 344 1714 404 quod
1748 352 1923 392 ventus
1955 343 2027 392 sit.

282 412 429 461 Vnde
455 422 503 462 et
529 415 718 464 Graece
738 425 914 465 ventus
940 419 1106 482 ἄνεμος
1120 418 1310 480 dicitur,
1332 422 1469 483 quod
1490 438 1572 471 ore
1599 424 1846 473 trahentes
1862 442 2027 474 aerem

281 493 440 542 vivere
478 494 758 544 videamur:
799 499 886 547 sed
911 499 1218 561 apertissime
1254 503 1430 550 falsum
1459 512 1545 564 est,
1574 503 1689 567 quia
1714 508 1870 555 multo
1897 508 2029 570 prius

278 574 492 638 gignitur
525 577 692 626 anima
717 595 866 642 quam
892 580 1088 644 concipi
1114 599 1196 631 aer
1221 599 1304 631 ore
1334 584 1501 647 possit,
1531 584 1646 648 quia
1675 585 1771 635 iam
1809 589 1860 637 in
1889 605 2030 652 gene·
2054 611 2075 651 5

226 655 254 702 8
281 656 412 706 tricis
437 668 577 707 utero
602 659 733 708 vivit.
809 663 926 710 Non
960 672 1033 711 est
1067 662 1212 726 igitur
1244 682 1325 713 aer
1357 665 1535 726 anima,
1565 669 1701 730 quod
1736 678 2030 731 putaverunt

279 738 481 801 quidam
517 740 601 803 qui
627 758 730 789 non
756 751 1022 805 potuerunt
1048 744 1388 809 incorpoream
1417 748 1520 796 eius
1547 748 1760 812 cogitare
1787 759 2025 800 naturam.

220 833 254 879 9
279 819 513 883 Spiritum
538 821 671 871 idem
693 840 799 872 esse
825 826 962 888 quod
977 826 1195 875 animam
1214 828 1528 892 Evangelista
1546 833 1833 893 pronuntiat
1858 831 2029 881 dicens

280 904 410 966 (Ioh.
440 922 512 964 10,
538 905 646 969 18):
707 909 1040 956 ‘Potestatem
1075 909 1238 958 habeo
1268 910 1487 972 ponendi
1525 912 1743 960 animam
1778 931 1957 975 meam,
1983 925 2030 964 et

279 1002 441 1034 rursus
478 995 774 1049 potestatem
810 989 972 1038 habeo
1005 990 1234 1040 sumendi
1263 994 1404 1040 eam.'
1476 995 1553 1041 De
1579 995 1671 1042 hac
1698 1012 1899 1058 quoque
1924 996 2029 1060 ipsa
2058 1012 2105 1040 10

280 1067 484 1116 Domini
502 1068 668 1118 anima
683 1069 926 1132 passionis
947 1080 1170 1135 ternpore
1186 1083 1486 1123 memoratus
1509 1076 1822 1140 Evangelista
1838 1077 1904 1126 ita
1920 1095 2027 1142 pro-

280 1150 403 1210 tulit,
423 1150 594 1200 dicens
615 1152 746 1216 (Ioh.
772 1170 843 1214 19,
865 1153 977 1216 30):
1022 1157 1112 1203 ‘Et
1138 1155 1375 1205 inclinato
1401 1156 1562 1220 capite
1587 1157 1747 1207 emisit
1774 1159 2028 1222 spiritum.’

200 1241 258 1277 10
285 1231 422 1294 Quid
442 1242 515 1282 est
532 1233 664 1282 enim
683 1234 906 1284 emittere
926 1236 1147 1298 spiritum
1170 1237 1263 1286 nisi
1284 1240 1421 1302 quod
1437 1239 1653 1289 animam
1671 1245 1892 1304 ponere?
1927 1246 2026 1293 Sed

280 1313 446 1363 anima
471 1316 604 1363 dicta
623 1325 821 1378 propter
847 1319 984 1380 quod
1010 1318 1125 1367 vivit
1146 1339 1154 1368 :
1193 1319 1389 1382 spiritus
1414 1331 1579 1371 autem
1606 1325 1681 1371 vel
1707 1340 1797 1386 pro
1823 1322 2025 1387 spiritali

211 1410 255 1443 11
282 1406 469 1458 natura,
490 1399 566 1446 vel
587 1414 674 1460 pro
701 1415 760 1447 eo
782 1401 919 1462 quod
935 1399 1138 1463 inspiret
1155 1400 1204 1449 in
1226 1403 1443 1466 corpore.
1488 1405 1615 1452 Item
1642 1403 1864 1454 animum
1889 1404 2021 1454 idem
2053 1421 2102 1460 15

279 1495 385 1527 esse
411 1481 547 1541 quod
566 1479 783 1528 animam
806 1500 818 1541 3
856 1483 944 1530 sed
961 1481 1128 1531 anima
1145 1482 1272 1532 vitae
1289 1493 1374 1544 est,
1393 1484 1587 1534 animus
1609 1485 1814 1535 consilii.
1877 1488 2024 1536 Vnde

279 1559 451 1608 dicunt
476 1560 760 1624 philosophi
780 1562 927 1611 etiam
949 1563 1054 1612 sine
1074 1564 1242 1614 animo
1262 1565 1411 1614 vitam
1440 1584 1650 1626 manere,
1672 1578 1719 1616 et
1737 1567 1841 1617 sine
1859 1578 2024 1617 mente

277 1643 493 1690 animam
514 1643 708 1691 durare:
738 1645 871 1692 unde
893 1654 940 1692 et
960 1655 1194 1694 amentes.
1237 1648 1367 1695 Nam
1390 1658 1607 1697 mentem
1626 1649 1866 1710 vocari‚ut
1882 1649 2023 1698 sciat:

202 1735 254 1768 12
277 1723 513 1784 animum,
533 1735 586 1772 ut
606 1723 735 1773 velit.
808 1728 956 1775 Mens
976 1736 1142 1776 autem
1160 1739 1345 1789 vocata,
1367 1732 1503 1792 quod
1529 1731 1742 1780 emineat
1767 1731 1817 1780 in
1843 1732 2022 1792 anima,

277 1806 751 1869 velquodmeminit.
790 1808 1301 1858 Vndeetinmemores
1312 1821 1549 1861 amentes.
1593 1815 1906 1877 Quapropter
1918 1831 2017 1863 non
2050 1833 2100 1860 20

275 1887 453 1947 anima,
473 1889 561 1936 sed
586 1889 723 1951 quod
740 1889 931 1938 excellit
949 1890 998 1938 in
1019 1890 1185 1939 anima
1201 1908 1341 1940 mens
1362 1903 1576 1952 vocatur,
1595 1903 1850 1958 tamquam
1868 1906 2015 1959 caput

277 1968 380 2017 eius
406 1971 481 2017 vel
507 1971 693 2018 oculus.
757 1972 905 2020 Vnde
931 1981 979 2020 et
1004 1974 1108 2035 ipse
1134 1975 1286 2023 homo
1313 1977 1587 2024 secundum
1615 1987 1833 2025 mentem
1860 1977 2021 2041 imago

280 2050 374 2098 Dei
391 2050 585 2100 dicitur.
647 2053 724 2100 Ita
742 2062 906 2101 autem
929 2054 1051 2103 haec
1072 2054 1240 2104 omnia
1257 2055 1492 2105 adiuncta
1511 2066 1625 2105 sunt
1643 2057 1837 2108 animae
1858 2069 1910 2107 ut
1926 2076 2024 2107 una

280 2149 354 2180 res
385 2131 458 2180 sit.
534 2135 629 2181 Pro
656 2133 927 2182 efficientiis
954 2137 1086 2183 enim
1113 2153 1369 2185 causarum
1396 2127 1586 2186 diversa
1619 2139 1823 2188 nomina
1856 2140 2023 2189 sortita

200 2224 254 2270 13
279 2223 352 2262 est
388 2213 565 2263 anima.
642 2217 773 2263 Nam
812 2225 861 2264 et
902 2216 1140 2266 memoria
1179 2235 1318 2267 mens
1358 2229 1444 2279 est,
1476 2221 1609 2269 unde
1643 2231 1690 2269 et
1727 2223 2023 2272 inmemores
2048 2238 2097 2278 25

277 2304 514 2344 amentes.
588 2298 722 2345 Dum
764 2314 879 2360 ergo
920 2297 1132 2347 vivificat
1175 2316 1366 2363 corpus,
1404 2301 1570 2350 anima
1608 2312 1712 2352 est:
1750 2305 1870 2352 dum
1905 2306 2020 2364 vult,

277 2374 470 2424 animus
488 2386 582 2425 est:
611 2379 731 2426 dum
758 2378 863 2440 scit,
882 2396 1023 2428 mens
1040 2389 1133 2429 est:
1162 2382 1280 2430 dum
1300 2383 1483 2443 recolit,
1507 2384 1744 2433 memoria
1761 2394 1834 2434 est
1854 2405 1862 2434 :
1897 2388 2018 2435 dum

276 2466 464 2506 rectum
490 2458 689 2519 iudicat,
717 2459 840 2508 ratio
858 2471 958 2509 est:
998 2463 1118 2510 dum
1145 2463 1306 2525 spirat,
1326 2463 1522 2525 spiritus
1548 2475 1649 2512 est:
1688 2467 1807 2514 dum
1834 2467 2021 2530 aliquid

337 2600 355 2625 1
388 2593 429 2625 et
449 2588 543 2627 hab.
566 2588 710 2629 BFT:
740 2603 822 2629 om.
849 2591 928 2630 CK
1052 2591 1180 2631 homo
1202 2606 1283 2632 om.
1301 2593 1348 2630 K
1363 2592 1467 2644 (non
1482 2594 1543 2645 D>
1731 2610 1754 2645 4
1786 2595 1960 2635 multum
1975 2596 2022 2634 K

278 2654 302 2690 5
332 2642 473 2681 anima
493 2656 573 2683 om.
595 2643 651 2681 Β1
762 2646 833 2693 qui
856 2646 981 2683 etiam
1003 2645 1050 2683 K
1156 2648 1183 2684 6
1213 2653 1278 2685 est
1297 2661 1379 2686 om.
1401 2648 1448 2685 K
1584 2661 1605 2697 7
1636 2649 1748 2698 quid.
1770 2663 1840 2699 qu.
1864 2664 1903 2689 n.
1929 2657 2016 2700 pot.

278 2710 359 2736 om.
394 2696 430 2734 T
518 2704 774 2746 potaverunt
794 2699 843 2738 C¹
939 2701 980 2738 in
999 2713 1178 2750 corpore
1199 2707 1270 2739 aut
1295 2701 1386 2740 eius
1408 2702 1454 2740 K
1561 2717 1587 2752 9
1617 2710 1660 2742 et
1681 2716 1786 2743 rurs.
1805 2735 1815 2744 .
1836 2734 1845 2743 .
1868 2735 1877 2743 .
1903 2705 2016 2756 eam]

279 2757 322 2790 et
342 2752 492 2791 iterum
513 2753 705 2791 sumendi
727 2767 817 2792 eam
841 2752 889 2791 X
993 2768 1158 2793 rursum
1181 2755 1216 2794 C
1366 2769 1408 2795 11
1442 2770 1554 2807 pass.
1576 2771 1678 2796 suae
1708 2764 1834 2807 temp.
1855 2759 1896 2796 Β
1915 2760 2017 2809 (non

278 2804 339 2855 X>
454 2819 501 2855 13
531 2808 644 2846 enim
665 2821 746 2847 om.
775 2808 823 2845 Tl
933 2811 1044 2859 quod
1067 2815 1110 2848 et
1130 2823 1194 2848 an.
1217 2809 1259 2847 B
1371 2824 1419 2859 14
1449 2813 1646 2864 propter]
1664 2826 1743 2862 pro
1771 2813 1809 2850 T
1880 2813 2016 2863 quod]

279 2860 376 2909 quia
397 2861 447 2900 Cl
617 2873 664 2911 15
694 2863 760 2901 vel
781 2877 832 2901 eo
855 2863 900 2901 K
1005 2864 1140 2913 spiret
1158 2864 1240 2903 FK
1405 2868 1454 2904 16
1483 2868 1594 2917 quod
1616 2873 1660 2906 et
1682 2880 1747 2906 an.
1771 2867 1812 2905 Β
1940 2869 2016 2907 sed

279 2916 418 2954 anime
446 2915 484 2954 T
641 2929 710 2955 un.
733 2923 776 2955 et
797 2918 850 2956 di.
874 2918 976 2967 phil.
996 2919 1065 2958 K:
1097 2932 1166 2957 un.
1193 2919 1292 2967 phil.
1315 2921 1369 2959 di⁴
1392 2921 1428 2960 C
1638 2934 1685 2971 17
1716 2928 1857 2961 mente
1877 2935 1959 2963 om.
1986 2922 2024 2961 T

284 2971 332 3008 18
351 2969 488 3010 sciant
507 2971 687 3010 animam
704 2970 750 3009 K
860 2985 908 3022 19
929 2973 1106 3012 animam
1131 2973 1208 3012 CT
1259 3001 1262 3006 -
1310 2975 1352 3013 in
1374 2989 1439 3015 an.
1461 2974 1540 3014 vel.
1555 2988 1761 3025 qu.mem.
1777 2976 1820 3016 in
1834 2978 2016 3016 animam

283 3037 353 3064 nn.
375 3024 534 3075 K<non
548 3025 610 3070 D)
723 3040 776 3065 20
797 3027 930 3078 quod]
949 3027 1046 3077 quia
1066 3028 1100 3065 C
1205 3041 1257 3067 22
1288 3029 1379 3068 eius
1395 3043 1476 3069 om.
1496 3029 1655 3076 K(non
1677 3030 1738 3080 D)
1851 3032 2013 3076 ocolum

282 3078 329 3115 K
491 3094 541 3129 24
572 3081 792 3120 efficentiis
812 3080 853 3118 Β
1019 3084 1070 3120 28
1101 3089 1216 3122 recte
1245 3083 1282 3122 T
1387 3090 1463 3124 rat.
1487 3085 1584 3124 dum
1606 3084 1652 3122 K
