2228 3444
464 127 1093 176 ETYMOLOGIARVM
1134 126 1262 173 LIB.
1303 126 1422 172 VII.
1464 124 1525 173 xii

123 270 251 310 strat.
308 260 454 308 Vnde
474 266 521 306 et
540 258 673 320 apud
693 265 878 305 veteres
897 255 1030 304 idem
1052 255 1270 319 episcopi
1292 263 1340 303 et
1359 255 1628 318 presbyteri
1649 256 1858 314 fuerunt,

121 342 235 406 quia
258 342 378 390 illud
403 356 587 389 nomen
607 337 855 402 dignitatis
875 347 961 397 est,
984 340 1080 386 hoc
1105 337 1291 387 aetatis.
1348 339 1547 386 Levitae
1573 353 1631 386 ex
1657 337 1858 387 nornine
1881 352 1943 388 22

118 425 343 474 auctoris·
365 421 539 471 vocati.
614 423 691 469 De
729 419 849 470 Levi
886 421 1018 468 enim
1056 419 1418 480 levitae-exorti
1455 429 1582 480 sunt,
1617 436 1646 468 a
1679 420 1859 482 quibus

119 507 166 555 in
195 506 379 568 templo
407 503 503 553 Dei
536 502 728 566 mystici
761 502 1051 551 sacramenti
1083 501 1351 551 ministeria
1383 501 1716 565 explebantur.
1791 503 1862 550 Hi

71 604 92 644 5
121 591 306 638 Graece
324 587 571 645 diacones,
591 584 766 633 Latine
782 583 989 632 ministri
1006 583 1249 643 dicuntur,
1268 585 1384 647 quia
1399 583 1524 632 sicut
1540 583 1591 632 in
1607 586 1862 633 sacerdote

119 670 437 727 consecratio,
455 670 522 716 ita
537 667 586 715 in
603 666 815 715 diacono
832 665 1087 714 ministerii
1104 665 1406 729 dispensatio
1422 666 1645 715 habetur.
1691 668 1860 730 Hypo·
1883 677 1946 723 23

119 752 352 802 diacones
384 753 584 809 Graece,
617 766 742 811 quos
775 764 866 797 nos
900 747 1234 797 subdiaconos
1267 748 1492 809 dicimus,
1528 749 1612 812 qui
1646 748 1759 798 ideo
1793 749 1861 797 sic

118 836 436 897 appellantur,
488 833 602 894 quia
649 830 905 879 subiacent
952 831 1226 893 praeceptis
1274 839 1321 879 et
1369 830 1540 880 officiis
1588 830 1857 880 levitarum.

119 914 410 965 Oblationes
444 912 575 961 enim
612 913 662 959 in
698 913 884 974 templo
912 911 1007 960 Dei
1039 928 1067 960 a
1102 912 1330 960 fidelibus
1365 912 1456 976 ipsi
1491 912 1776 976 suscipiunt,
1813 922 1861 962 et

48 1011 95 1038 10
118 997 272 1046 levitis
305 996 706 1059 superponendas
740 993 972 1042 altaribus
1006 994 1247 1042 deferunt.
1322 996 1391 1042 Hi
1430 997 1562 1058 apud
1598 996 1859 1045 Hebraeos

119 1077 365 1127 Nathanei
390 1085 641 1125 vocantur.
716 1078 947 1124 Lectores
981 1092 1010 1123 a
1041 1077 1264 1139 legendo,
1292 1077 1573 1139 psalmistae
1602 1095 1630 1126 a
1659 1080 1859 1141 psalmis
1882 1095 1947 1145 24

116 1162 352 1208 canendis
379 1158 551 1207 vocati.
627 1157 705 1206 Illi
731 1159 862 1206 enim
890 1156 1174 1220 praedicant
1200 1158 1395 1222 populis
1421 1159 1542 1222 quid
1576 1170 1856 1223 sequantur,

116 1242 194 1291 isti
226 1250 409 1290 canunt
436 1249 488 1288 ut
514 1239 727 1288 excitent
751 1241 815 1288 ad
841 1239 1261 1302 conpunctionem
1296 1241 1488 1291 animos
1520 1242 1828 1292 audientium
1850 1263 1860 1304 3

116 1326 229 1372 licet
255 1333 302 1372 et
322 1322 523 1385 quidam
550 1324 756 1370 lectores
782 1320 848 1369 ita
872 1320 1159 1370 miseranter
1183 1322 1516 1385 pronuntiant,
1540 1333 1593 1372 ut
1613 1326 1858 1388 quosdam

44 1419 90 1460 15
114 1407 178 1454 ad
207 1406 395 1453 luctum
429 1402 935 1466 lamentationemque
967 1405 1262 1466 conpellant.
1338 1406 1480 1454 Idem
1506 1407 1654 1454 etiam
1681 1417 1728 1456 et
1752 1425 1860 1471 pro·
1880 1418 1948 1468 25

114 1485 417 1534 nuntiatores
443 1494 691 1544 vocantur,
722 1486 858 1547 quod
890 1501 1035 1547 porro
1067 1485 1378 1534 adnuntiant.
1451 1491 1614 1536 Tanta
1644 1491 1776 1538 enirn
1811 1500 1860 1538 et

114 1577 214 1616 tam
249 1570 378 1615 clara
414 1566 503 1616 erit
539 1583 710 1615 eorum
740 1583 845 1625 vox,
879 1576 932 1615 ut
965 1569 1188 1629 quamvis
1225 1570 1371 1632 longe
1406 1569 1680 1632 positorum
1716 1589 1857 1622 aures

115 1648 412 1712 adinpleant.
489 1650 676 1698 Cantor
723 1657 888 1697 autem
925 1659 1128 1698 vocatus
1165 1650 1281 1713 quia
1317 1668 1437 1700 voce
1486 1655 1768 1703 modulatur
1807 1656 1856 1703 in
1880 1658 1948 1705 26

115 1741 275 1780 cantu.
350 1731 515 1778 Huius
552 1731 654 1778 duo
689 1746 868 1793 genera
904 1729 1134 1780 dicuntur
1170 1731 1220 1780 in
1260 1742 1362 1781 arte
1401 1734 1598 1796 musica,
1638 1735 1764 1784 sicut
1801 1753 1858 1784 ea

43 1831 92 1860 20
114 1812 247 1860 docti
274 1812 499 1861 homines
522 1811 695 1859 Latine
715 1811 878 1860 dicere
902 1821 1179 1875 potuerunt,
1204 1825 1493 1877 praecentor
1512 1826 1559 1866 et
1580 1827 1855 1866 succentor.

114 1896 407 1942 Praecentor
432 1891 629 1953 scilicet,
658 1892 742 1955 qui
767 1909 941 1942 vocem
967 1895 1232 1957 praemittit
1266 1896 1315 1944 in
1349 1907 1510 1947 cantu.
1585 1901 1856 1948 Succentor
1876 1913 1940 1964 27

109 1986 290 2036 autem,
313 1977 397 2038 qui
423 1975 779 2037 subsequenter
803 1978 1031 2024 canendo
1050 1979 1328 2040 respondet.
1382 1981 1664 2030 Concentor
1687 1992 1852 2032 autem
1873 1986 1939 2033 28

111 2058 299 2117 dicitur,
329 2057 444 2120 quia
476 2065 746 2105 consonat:
783 2057 868 2120 qui
904 2067 1068 2107 autem
1101 2070 1342 2110 consonat
1378 2078 1471 2111 nec
1503 2065 1733 2127 concinit,
1761 2083 1854 2116 nec

112 2148 380 2188 concentor
414 2140 516 2187 erit.
589 2138 819 2202 Acolythi
849 2139 1050 2200 Graece,
1085 2141 1259 2191 Latine
1296 2146 1569 2194 ceroferarii
1605 2149 1850 2210 dicuntur,
1873 2166 1942 2214 29

42 2240 88 2280 25
111 2239 140 2271 a
175 2219 494 2285 deportandis
535 2219 701 2280 cereis,
741 2222 941 2283 quando
978 2223 1242 2286 legendum
1282 2235 1354 2274 est
1392 2228 1731 2291 Evangelium,
1767 2241 1852 2281 aut

111 2304 402 2352 sacrificium
429 2303 749 2351 offerendum.
815 2306 960 2352 Tunc
986 2304 1117 2354 enim
1144 2309 1482 2358 accenduntur
1506 2311 1764 2362 luminaria
1789 2315 1852 2363 ab
1874 2332 1942 2379 30

112 2387 180 2434 eis
205 2395 252 2435 et
277 2386 608 2448 deportantur,
637 2401 739 2433 non
762 2386 827 2434 ad
851 2387 1135 2450 effugandas
1159 2390 1400 2450 tenebras,
1429 2393 1549 2441 dum
1575 2395 1647 2442 sol
1673 2397 1847 2445 eodem

111 2476 332 2531 tempore
355 2466 529 2526 rutilet,
553 2467 640 2515 sed
665 2468 729 2515 ad
754 2467 946 2530 signum
974 2469 1185 2519 laetitiae
1205 2473 1662 2536 demonstrandum,
1686 2486 1739 2538 ut
1759 2479 1851 2527 sub

169 2611 186 2636 1
221 2599 331 2636 unde
352 2629 361 2638 .
387 2628 396 2638 .
422 2629 430 2637 .
454 2603 536 2636 aet.
553 2601 650 2646 post
671 2600 690 2644 ξ
713 2610 765 2635 2ο
789 2597 830 2636 U
921 2612 945 2637 2
975 2600 1073 2649 quia
1094 2606 1135 2639 et
1155 2601 1256 2641 illud
1277 2602 1322 2640 K
1341 2602 1443 2653 (non
1465 2605 1528 2656 A)
1614 2613 1678 2646 est
1699 2621 1780 2647 om.
1803 2609 1844 2646 A

111 2653 190 2692 hoc
210 2651 366 2692 ABT:
397 2665 479 2692 non
503 2650 582 2689 CK
779 2665 805 2702 3
835 2653 887 2691 de
907 2653 989 2692 levi
1010 2655 1123 2693 enirn
1141 2655 1249 2696 BT:
1279 2658 1331 2696 de
1352 2659 1521 2699 nomine
1543 2660 1622 2699 levi
1647 2661 1764 2702 CK22
1795 2664 1848 2701 de

111 2708 282 2746 nomine
302 2706 363 2744 Kl
529 2722 553 2756 4
586 2707 775 2747 misteria
796 2720 891 2757 exp.
917 2707 964 2746 K
1091 2723 1112 2758 7
1143 2710 1268 2762 quos]
1289 2714 1400 2761 quod
1423 2713 1458 2751 C
1612 2717 1709 2766 quia
1730 2717 1784 2756 id.
1816 2716 1854 2754 T

115 2774 164 2801 10
182 2761 523 2812 superponendis
545 2763 590 2802 K
673 2774 721 2800 12
740 2764 930 2803 canendo
952 2763 993 2801 Β
1107 2778 1154 2814 13
1177 2773 1330 2806 canent
1350 2766 1492 2806 BClT
1599 2784 1646 2820 14
1667 2773 1845 2820 quedam

118 2815 155 2853 T
258 2823 304 2856 ut
324 2817 503 2867 quodam
523 2818 565 2856 Β
583 2819 677 2858 ante
698 2829 796 2856 corr.
912 2832 958 2868 17
989 2831 1089 2857 aure
1116 2818 1154 2857 T
1261 2822 1311 2859 18
1339 2824 1451 2872 quod
1472 2823 1519 2862 K
1643 2838 1790 2864 vocem
1815 2826 1850 2865 C

113 2882 160 2908 21
181 2871 288 2921 rquia
308 2870 350 2909 Β
459 2884 565 2913 voce
595 2873 641 2912 K
766 2883 818 2909 22
848 2873 920 2922 qui
941 2873 1053 2914 subs,
1075 2903 1085 2912 .
1111 2904 1120 2914 .
1141 2904 1152 2914 .
1176 2875 1308 2916 Cone.
1331 2883 1472 2916 autem
1493 2893 1574 2919 om.
1599 2878 1639 2916 Β
1749 2881 1844 2919 sub-
1865 2904 1868 2906 -

112 2936 295 2974 sequen*
316 2925 376 2963 Kl
534 2942 586 2979 23
615 2924 731 2979 quia]
754 2925 826 2975 qui
847 2926 894 2965 K
1054 2928 1193 2979 cons.]
1217 2943 1273 2970 an
1294 2933 1506 2973 concinit?
1671 2947 1737 2975 au.
1758 2947 1845 2974 non¹

114 2991 230 3018 cons.
249 2978 371 3019 BCK
478 2994 531 3033 24
560 2979 801 3023 cerofararii
823 2979 884 3022 T:
905 2982 1099 3022 cerofarii
1117 2983 1215 3022 C1K
1339 2999 1391 3037 25
1421 2989 1474 3026 ad
1494 2988 1536 3025 A
1549 2986 1586 3025 T
1690 2990 1842 3040 depor-

111 3033 241 3072 tando
261 3031 306 3071 K
323 3034 424 3086 (non
446 3036 510 3088 A)
621 3051 689 3088 qu.
712 3034 843 3076 Evan.
864 3036 1019 3087 legitur
1038 3037 1085 3076 K
1104 3039 1205 3090 (non
1226 3040 1288 3092 A)
1402 3044 1454 3080 26
1482 3042 1658 3082 offertur
1678 3043 1723 3082 K
1741 3046 1842 3096 (non

111 3087 174 3138 A)
291 3090 546 3130 acceduntur
565 3092 604 3130 B
688 3137 691 3139 μ
767 3102 817 3139 27
849 3092 1097 3141 effugendas
1125 3092 1162 3130 T
