2176 3424
837 306 1187 366 ISIDORI

356 432 1086 503 -HISPALENSIS
1168 430 1642 497 EPISCOPI

298 581 1007 637 ETYMOLOGIARVM
1075 580 1253 632 SIVE
1316 577 1720 631 ORIGINVM

841 719 1055 765 LIBER
1100 719 1173 764 XI

450 846 556 896 DE
602 844 925 897 HOMINE
969 842 1068 892 ET
1110 839 1559 892 PORTENTIS

271 985 354 1030 DE
383 996 596 1030 HOMINE
622 996 686 1028 ET
715 993 963 1027 PARTIBVS
992 992 1118 1025 Elvs.
1196 978 1386 1024 Natura
1412 974 1544 1023 dicta
1569 975 1632 1022 ab
1659 990 1719 1022 eo
1744 972 1881 1035 quod
1907 967 1927 1009 1

135 1063 269 1113 nasci
309 1062 496 1126 aliquid
537 1061 695 1110 faciat.
769 1058 1022 1123 Gignendi
1062 1058 1195 1106 enim
1240 1066 1287 1105 et
1330 1058 1542 1105 faciendi
1579 1065 1756 1119 potens
1794 1063 1880 1103 est.

139 1149 288 1194 Hanc
313 1144 515 1208 quidam
546 1146 710 1192 Deum
738 1158 844 1191 esse
870 1142 1110 1199 dixerunt,
1138 1157 1166 1187 a
1192 1156 1292 1202 quo
1318 1137 1485 1188 omnia
1509 1147 1671 1187 creata
1697 1146 1809 1185 sunt
1835 1146 1883 1185 et

139 1226 365 1275 existunt.
438 1226 610 1275 Genus
644 1242 673 1272 a
701 1223 949 1287 gignendo
986 1223 1189 1280 dictum,
1225 1220 1304 1269 cui
1334 1219 1609 1269 derivatum
1640 1235 1826 1267 nomen
1854 1234 1882 1265 a
1906 1220 1936 1254 2

94 1333 114 1370 5
138 1318 274 1368 terra,
303 1326 361 1356 ex
401 1325 498 1370 qua
534 1307 702 1355 omnia
736 1305 1030 1369 gignuntur3
1066 1307 1126 1369 γῆ
1163 1302 1295 1351 enim
1323 1304 1513 1352 Graece
1539 1312 1663 1350 terra
1689 1299 1879 1349 dicitur.

135 1389 250 1438 Vita
275 1391 405 1438 dicta
430 1398 627 1452 propter
652 1387 883 1450 vigorem,
905 1388 981 1435 vel
1007 1387 1141 1449 quod
1167 1386 1265 1432 vim
1292 1393 1456 1433 teneat
1471 1382 1709 1432 nascendi
1733 1391 1882 1445 atque
1907 1390 1938 1436 3

145 1470 413 1519 crescendi.
507 1471 653 1518 Vnde
703 1478 750 1517 et
798 1469 995 1517 arbores
1043 1467 1190 1515 vitam
1242 1466 1421 1515 habere
1470 1465 1714 1524 dicuntur,
1766 1463 1881 1526 quia

133 1554 395 1615 gignuntur
421 1562 467 1600 et
492 1560 730 1599 crescunt.
806 1553 979 1597 Homo
1006 1548 1183 1609 dictus,
1204 1547 1319 1611 quia
1345 1565 1404 1596 ex
1428 1549 1582 1595 humo
1609 1556 1680 1595 est
1707 1548 1877 1606 factus,
1904 1553 1939 1600 4

138 1632 262 1681 sicut
289 1631 380 1699 [et]
408 1635 455 1680 in
483 1631 666 1681 Genesi
693 1630 871 1680 dicitur
901 1633 966 1695 (2,
994 1629 1040 1693 7)
1063 1650 1071 1678 t
1113 1635 1123 1655 ‘
1142 1633 1204 1678 Et
1238 1629 1418 1679 creavit
1450 1632 1587 1678 Deus
1624 1630 1878 1677 hominem

64 1735 113 1764 10
137 1716 201 1763 de
239 1716 393 1763 humo
435 1716 618 1763 terrae.'
706 1711 925 1761 Abusive
967 1722 1131 1760 autem
1186 1712 1530 1774 pronuntiatur
1572 1728 1630 1759 ex
1672 1720 1879 1773 utraque

139 1795 411 1845 substantia
442 1805 572 1844 totus
614 1797 780 1854 homo,
808 1793 859 1843 id
885 1802 957 1842 est
988 1810 1046 1843 ex
1073 1793 1307 1842 societate
1336 1792 1530 1842 animae
1567 1802 1615 1841 et
1646 1792 1878 1856 corporis.

136 1879 265 1926 Nam
291 1876 484 1941 proprie
509 1878 661 1925 homo
687 1877 750 1924 ab
784 1877 951 1924 humo.
1025 1874 1202 1925 Graeci
1238 1884 1404 1924 autem
1434 1875 1690 1923 hominem
1717 1876 1885 1939 ἅνθρω-
1914 1886 1944 1933 5

133 1982 221 2008 πον
244 1960 627 2022 appellaverunt,
655 1975 714 2006 eo
741 1959 877 2020 quod
904 1973 1096 2005 sursum
1114 1965 1302 2019 spectet
1329 1957 1611 2005 sublevatus
1637 1957 1700 2005 ab
1726 1959 1880 2006 humo

134 2044 197 2090 ad
239 2039 708 2103 contemplationem
751 2038 947 2086 artificis
986 2037 1072 2086 sui.
1163 2039 1316 2099 Quod
1365 2037 1574 2087 Ovidius
1614 2048 1760 2101 poeta
1799 2041 1879 2089 de-

64 2142 112 2182 15
135 2126 305 2187 signat,
335 2140 447 2171 cum
475 2121 594 2170 dicit
621 2120 846 2184 (Metam.
874 2138 915 2179 1,
933 2120 1017 2183 84)
1043 2140 1050 2167 :

270 2207 530 2267 Pronaque
568 2219 680 2250 cum
719 2211 941 2265 spectant
978 2200 1209 2249 animalia
1245 2211 1406 2250 cetera
1443 2211 1634 2260 terram,

270 2302 325 2335 os
361 2283 552 2333 homini
589 2283 799 2332 sublime
835 2282 974 2332 dedit
1010 2285 1301 2346 caelumque
1337 2282 1503 2332 videre

273 2366 425 2426 iussit,
465 2375 513 2415 et
549 2375 737 2414 erectos
772 2365 837 2413 ad
873 2363 1033 2413 sidera
1069 2366 1239 2413 tollere
1275 2366 1453 2412 vultus.

136 2449 237 2511 Qui
273 2448 387 2498 ideo
427 2457 616 2496 erectus
658 2447 850 2495 caelum
888 2443 1076 2508 aspicit,
1119 2454 1172 2493 ut
1215 2447 1383 2494 Deum
1421 2455 1636 2508 quaerat,
1679 2463 1781 2493 non
1824 2456 1876 2494 ut

61 2557 113 2586 20
134 2542 310 2581 terram
352 2529 577 2578 intendat
622 2529 772 2577 veluti
819 2543 1010 2591 pecora,
1063 2543 1190 2589 quae
1228 2535 1400 2575 natura
1439 2544 1593 2590 prona
1635 2536 1682 2575 et
1720 2526 1875 2575 ventri

136 2610 453 2662 oboedientia
487 2609 638 2657 finxit.
714 2611 910 2672 Duplex
940 2618 1012 2657 est
1049 2617 1214 2656 autem
1255 2610 1436 2657 homo:
1488 2608 1688 2657 interior
1718 2618 1765 2657 et
1805 2625 1881 2656 ex·
1907 2605 1942 2652 6

194 2757 211 2782 1
244 2743 296 2782 ab
317 2756 398 2781 om.
425 2740 470 2778 K
549 2754 573 2789 4
604 2739 870 2778 dirivativum
893 2752 942 2776 ex
961 2738 1172 2776 diritivum
1195 2737 1240 2774 K
1322 2750 1345 2786 5
1376 2752 1457 2788 quo
1481 2738 1518 2776 T
1594 2741 1620 2776 6
1651 2739 1877 2790 nascendi]

137 2798 308 2837 vivendi
322 2796 482 2846 K(non
495 2795 556 2846 D)
643 2795 669 2832 8
698 2793 814 2844 quia]
829 2794 941 2842 quod
962 2793 996 2832 C
1045 2793 1158 2832 hum.
1178 2793 1254 2831 fac.
1273 2792 1318 2831 K
1405 2807 1431 2843 9
1461 2799 1503 2832 et
1519 2794 1612 2834 hab.
1627 2793 1768 2831 BFT:
1790 2807 1874 2832 om.

140 2853 218 2891 CK
327 2865 376 2890 10
405 2851 476 2903 de]
499 2864 554 2889 ex
577 2848 622 2887 K
733 2860 776 2885 11
809 2847 1044 2887 substantie
1075 2846 1103 2884 I
1231 2859 1279 2897 13
1309 2854 1509 2897 expectet
1532 2849 1698 2898 (exsp-)
1716 2847 1884 2887 BFKT

137 2907 324 2946 sublatus
344 2906 385 2945 Β
570 2918 616 2953 14
649 2908 775 2954 poete
804 2902 840 2941 T
1015 2904 1063 2940 16
1092 2908 1316 2952 expectant
1338 2901 1375 2940 T
1535 2916 1581 2951 17
1612 2902 1794 2941 hominis
1817 2903 1876 2942 C:

140 2963 333 3000 homines
353 2960 436 2999 ΚΒ
519 2959 687 3008 videre]
709 2958 855 2997 vivere
878 2957 923 2996 K
1053 2958 1100 2995 18
1131 2961 1269 2996 rectos
1288 2957 1340 2996 ad
1361 2957 1407 2995 K
1533 2970 1582 3006 19
1613 2970 1696 2995 non
1718 2962 1819 2997 terr.
1850 2957 1886 2995 T

140 3029 193 3054 20
221 3015 383 3056 ventris
406 3014 487 3052 ΚΒ
655 3026 702 3050 21
739 3012 860 3050 finxit
881 3025 963 3052 om.
988 3010 1043 3048 Β1
1155 3023 1219 3050 au.
1243 3017 1308 3050 est
1330 3011 1375 3049 K
1397 3016 1498 3060 (non
1521 3011 1581 3062 D)
1602 3025 1610 3050 :
1641 3023 1707 3051 au.
1728 3025 1811 3052 om.
1838 3011 1872 3049 C

194 3085 296 3123 1182
326 3094 359 3121 11
