2176 3424
1103 117 1373 165 ISIDORI

358 240 534 302 partim
572 245 794 292 auferant
824 245 970 304 venti,
1010 244 1184 307 partim
1223 248 1294 295 sol
1332 247 1572 309 exsiccet3
1609 259 1924 312 postremum,
1963 256 2100 317 quod

355 339 442 385 per
478 327 672 373 occulta
708 327 954 389 quaedam
992 335 1146 375 terrae
1182 328 1422 378 foramina
1458 333 1747 392 percolatus,
1776 342 1823 382 et
1855 335 1920 383 ad
1953 345 2100 399 caput

353 405 575 454 amnium
618 408 880 471 fontesque
919 410 1168 457 revolutus
1207 420 1432 459 recurrat.
1506 413 1659 462 Maris
1702 423 1868 463 autem
1910 426 2097 466 certum

351 485 498 553 (non)
522 505 629 538 esse
666 491 897 550 colorem,
933 492 1019 540 sed
1057 509 1145 555 pro
1182 492 1417 556 qualitate
1443 504 1701 544 ventorum
1739 497 1915 546 mutari
1934 516 1946 558 ;
1984 516 2096 548 nam

351 570 504 618 modo
531 571 711 619 flavum
737 582 823 631 est,
853 574 1006 621 modo
1032 574 1343 635 lutulentum,
1374 577 1527 625 modo
1550 586 1724 626 atrum.
2121 607 2143 650 5

248 652 330 692 XV
488 653 569 700 DE
607 668 829 703 OCEANo.
905 656 1163 704 Oceanum
1207 656 1383 706 Graeci
1417 667 1465 707 et
1499 658 1662 708 Latini
1691 659 1805 709 ideo
1838 661 2097 712 nominant

349 750 408 782 eo
435 736 572 797 quod
605 734 656 783 in
689 736 858 784 circuli
892 738 1097 786 modum
1133 738 1319 787 ambiat
1358 740 1544 789 orbem.
1619 740 1752 808 [Sive
1778 759 1806 790 a
1831 744 2091 806 celeritate,

347 831 408 863 eo
433 817 570 878 quod
596 816 732 866 ocius
759 816 955 884 currat]
1030 821 1157 868 Item
1185 819 1300 884 quia
1336 830 1390 869 ut
1426 824 1616 871 caelum
1655 841 1901 887 purpureo
1931 829 2094 876 colore

346 896 499 946 nitet:
539 916 754 949 oceanus
789 903 927 964 quasi
959 904 1156 954 κυάνεος.
1230 906 1331 952 Iste
1361 913 1435 953 est
1467 904 1552 968 qui
1589 922 1697 954 oras
1728 916 1963 956 terrarum
1996 927 2094 957 arn-

346 979 587 1042 plectitur,
615 983 913 1047 alternisque
938 983 1155 1034 aestibus
1180 985 1374 1035 accedit
1398 995 1547 1050 atque
1572 987 1756 1037 recedit
1775 1007 1788 1049 ,·
1823 989 2094 1053 respiranti—
2123 1014 2169 1043 10

345 1061 438 1110 bus
464 1063 595 1112 enirn
623 1065 673 1113 in
699 1069 1002 1129 profundum
1029 1068 1187 1117 ventis
1211 1078 1296 1118 aut
1321 1069 1528 1119 revomit
1554 1070 1721 1132 maria,
1746 1082 1830 1120 aut
1856 1075 2088 1124 resorbet.

290 1158 320 1193 2
345 1144 546 1208 Quique
579 1164 608 1195 a
649 1148 882 1211 proximis
924 1150 1207 1212 regionibus
1250 1150 1442 1201 diversa
1480 1153 1722 1202 vocabula
1761 1155 1999 1218 sumpsit:
2038 1167 2090 1206 ut

341 1226 574 1288 Gallicus,
589 1230 928 1291 Germanicus,
944 1231 1214 1295 Scythicus,
1229 1233 1454 1297 Caspius,
1468 1236 1520 1282 H
1525 1252 1744 1298 yrcanus,
1757 1237 2086 1298 Athlanticus‚

339 1308 629 1359 Gaditanus.
705 1315 836 1361 Nam
874 1313 1179 1362 Gaditanum
1218 1316 1393 1363 fretum
1431 1333 1459 1364 a
1497 1316 1721 1366 Gadibus
1759 1319 1961 1379 dictum,
2002 1321 2087 1370 ubi

335 1390 550 1454 primum
576 1393 638 1442 ab
668 1395 873 1444 Oceano
899 1395 1047 1445 maris
1076 1396 1247 1460 Magni
1273 1396 1422 1446 limen
1450 1398 1663 1461 aperitur
1686 1417 1698 1459 3
1734 1401 1867 1449 unde
1893 1411 1940 1450 et
1962 1403 2087 1452 Her·
2115 1423 2160 1465 15

334 1474 468 1522 cules
506 1491 619 1522 curn
659 1475 885 1525 Gadibus
923 1477 1238 1540 pervenisset,
1267 1481 1521 1528 columnas
1559 1480 1625 1528 ibi
1665 1480 1842 1544 posuit,
1884 1498 2086 1546 sperans

334 1554 430 1604 illic
458 1573 564 1605 esse
591 1557 723 1605 orbis
750 1566 984 1607 terrarum
1014 1561 1177 1608 finem.

206 1645 307 1685 XVI
470 1640 552 1685 DE
592 1654 1016 1689 MEDITERRANEO
1055 1657 1202 1689 MARI.
1279 1644 1419 1691 Mare
1460 1645 1699 1707 Magnum
1737 1655 1809 1694 est
1848 1648 1984 1709 quod
2020 1647 2083 1696 ab

332 1736 512 1768 occasu
550 1739 606 1769 ex
647 1723 853 1771 Oceano
891 1724 997 1771 fluit
1034 1732 1082 1772 et
1116 1723 1164 1771 in
1202 1724 1457 1774 meridiem
1489 1726 1654 1789 vergit,
1694 1727 1876 1777 deinde
1913 1730 1976 1777 ad
2014 1747 2081 1779 se-

333 1801 668 1864 ptentrionem
696 1806 855 1853 tendit
875 1823 887 1864 ,·
913 1807 1049 1867 quod
1077 1805 1192 1854 inde
1220 1823 1453 1870 magnum
1480 1810 1753 1871 appellatur
1778 1809 1893 1872 quia
1919 1821 2080 1860 cetera
2107 1831 2158 1858 20

331 1883 483 1932 maria
507 1884 558 1932 in
584 1886 938 1949 conparatione
964 1885 1068 1935 eius
1104 1886 1294 1936 minora
1324 1898 1452 1937 sunt.
1527 1892 1628 1938 Iste
1665 1900 1737 1939 est
1774 1901 1822 1940 et
1848 1891 2079 1941 Mediter-

331 1983 521 2027 raneus,
551 1967 667 2031 quia
692 1985 777 2031 per
802 1968 1019 2017 mediam
1056 1978 1232 2017 terram
1271 1987 1427 2033 usque
1465 1972 1528 2020 ad
1566 1971 1804 2021 orientem
1836 1974 2079 2036 perfundi-

276 2068 307 2104 2
331 2058 419 2107 tur,
443 2052 694 2113 Europam
717 2059 764 2099 et
782 2050 998 2099 Africam
1018 2053 1288 2114 Asiamque
1305 2051 1665 2101 disterminans.
1724 2053 1877 2103 Cuius
1892 2054 2078 2118 primae

330 2131 477 2193 partis
505 2131 654 2192 sinus,
679 2132 762 2195 qui
790 2134 839 2180 in
867 2132 1122 2195 Hispaniis
1139 2133 1461 2196 perfunditur,
1487 2134 1707 2183 Ibericus
1727 2145 1775 2184 et
1797 2137 2075 2187 Balearicus

327 2215 614 2275 appellatur.
691 2213 889 2263 Deinde
939 2215 1174 2275 Gallicus,
1216 2215 1300 2278 qui
1352 2217 1731 2266 Narbonensem
1770 2218 2072 2281 provinciam
2102 2240 2151 2280 25

326 2294 494 2342 adluit.
559 2297 679 2343 Mox
702 2295 993 2359 Ligusticus,
1018 2296 1102 2360 qui
1122 2297 1255 2345 iuxta
1276 2299 1504 2347 Genuam
1524 2299 1698 2348 urbem
1719 2309 1791 2348 est
1807 2301 2072 2363 proximus.

326 2379 445 2424 Post
461 2379 583 2425 haec
603 2380 900 2441 Tyrrhenus,
920 2378 1004 2441 qui
1023 2379 1217 2427 Italiam
1235 2379 1445 2443 adtingit
1454 2399 1467 2441 ,-
1494 2397 1641 2443 quem
1663 2382 1839 2431 Graeci
1858 2385 2070 2446 Ionium,

326 2458 437 2506 Itali
478 2461 697 2508 Inferum
736 2470 929 2510 vocant.
1004 2463 1131 2510 Inde
1173 2461 1380 2522 Siculus,
1416 2464 1500 2525 qui
1542 2479 1570 2511 a
1612 2462 1776 2511 Sicilia
1812 2481 1968 2527 usque
2006 2468 2070 2515 ad

323 2541 521 2589 Cretam
554 2541 700 2590 vadit.
777 2542 975 2592 Deinde
1002 2545 1237 2602 Creticus,
1267 2543 1351 2606 qui
1389 2545 1438 2591 in
1465 2544 1804 2608 Pamphyliam
1843 2555 1890 2594 et
1916 2549 2071 2611 Aegy-

379 2682 397 2707 1
431 2669 604 2709 exsiccit
625 2677 755 2719 postr.
779 2671 847 2710 K:
877 2684 966 2712 exs.
992 2679 1034 2711 et
1061 2679 1192 2724 postr.
1219 2671 1256 2710 T
1413 2686 1438 2722 3
1467 2673 1675 2712 incertum
1707 2674 1759 2713 C:
1793 2681 1953 2714 certum
1981 2689 2065 2715 non

322 2723 411 2764 dett.
437 2726 550 2778 (cum
567 2724 683 2764 Serv.
706 2726 764 2764 ad
779 2727 886 2766 Aen.
911 2738 950 2776 5,
969 2729 1015 2778 2)
1128 2740 1152 2776 5
1183 2727 1442 2767 luculentum
1462 2728 1502 2766 Β
1611 2731 1638 2766 6
1668 2729 1743 2769 Oc.
1767 2735 1808 2768 et
1830 2730 1902 2770 Gr.
1926 2737 1968 2769 et
1992 2731 2070 2769 CT

322 2792 343 2827 7
375 2779 418 2818 in
452 2793 537 2820 om.
559 2778 602 2817 K
731 2781 819 2819 sive
847 2795 870 2819 a
899 2782 976 2821 cel.
1003 2813 1010 2821 .
1034 2813 1043 2821 .
1070 2811 1078 2820 .
1105 2794 1210 2823 eurr.
1233 2782 1326 2821 lmb.
1354 2781 1500 2821 TUX:
1531 2796 1612 2823 om.
1635 2783 1798 2822 BCKO
1962 2786 1988 2823 8
2019 2792 2063 2825 ut

319 2847 402 2873 om.
416 2833 457 2872 Β
570 2846 619 2873 10
647 2834 825 2874 alternis
838 2842 944 2875 aest.
962 2837 1046 2874 ΚΟ
1068 2851 1076 2876 :
1096 2837 1367 2886 abternisque
1384 2843 1487 2877 aest.
1512 2837 1577 2877 T:
1590 2838 1769 2877 alternis
1790 2838 1979 2877 cladibus
1993 2839 2034 2877 B
2052 2855 2061 2879 ε

318 2890 372 2927 ab
390 2889 651 2939 alternisque
673 2895 764 2928 aest
779 2888 828 2927 X
992 2904 1037 2929 11
1070 2891 1289 2938 profundis
1309 2891 1355 2928 K
1473 2898 1669 2932 revomet
1689 2892 1736 2930 K
1741 2892 1778 2930 T
1777 2892 1820 2931 U
1831 2907 1840 2932 :
1873 2901 2060 2934 removet

318 2941 458 2982 BClT
559 2944 734 2983 resolvit
749 2944 790 2982 Κ
814 2959 823 2983 :
853 2946 1038 2985 resolvet
1057 2945 1097 2984 Β
1211 2949 1258 2985 16
1279 2946 1498 2986 volumnas
1513 2946 1558 2985 K
1663 2947 1743 2986 sibi
1761 2947 1810 2987 C¹
1923 2949 2061 2998 potuit

318 2997 359 3035 Β
503 3012 548 3048 17
580 2999 723 3039 orbem
745 2999 790 3037 K
898 3001 1024 3039 finem
1046 3014 1130 3040 om.
1163 3000 1200 3038 T
1335 3003 1383 3039 18
1413 3007 1480 3040 est
1495 3015 1578 3040 om.
1595 3001 1641 3039 K
1779 3016 1828 3053 19
1857 3001 1932 3054 ex]
1953 3002 1995 3041 in
2016 3004 2063 3042 K

317 3065 370 3090 21
401 3053 513 3092 istud
538 3055 573 3094 C
680 3054 961 3093 mediterreus
985 3056 1034 3094 (ΣΙ
1141 3068 1192 3104 23
1222 3054 1296 3094 As.
1313 3056 1568 3106 africamque
1589 3055 1631 3093 Β
1740 3069 1791 3106 24
1822 3057 1894 3108 qui
1915 3070 1997 3098 om.
2018 3058 2064 3097 K

317 3107 553 3158 hispaniam
576 3108 622 3147 K
828 3111 881 3148 26
911 3110 1072 3150 adludit
1096 3110 1132 3148 Β
1153 3114 1246 3149 ante
1256 3123 1352 3150 corr.
1535 3110 1753 3159 proximus
1770 3125 1819 3150 ex
1838 3112 2001 3161 positus
2017 3111 2063 3150 K
