2176 3424
1019 132 1290 181 ISIDORI

191 268 260 326 63
282 262 627 312 condiderunt.
705 265 1017 326 Massagetae
1037 279 1096 311 ex
1116 263 1406 325 Scytharum
1427 261 1612 326 origine
1633 270 1759 311 sunt.
1817 263 1882 310 Et
1906 260 2026 310 dicti

283 346 593 408 Massagetae
618 345 757 408 quasi
781 362 964 409 graves,
992 344 1043 393 id
1076 354 1149 392 est
1181 346 1330 393 fortes
1363 346 1535 394 Getae.
1608 346 1737 394 Nam
1764 343 1832 392 sic
1859 343 2024 392 Livius

279 436 536 490 argentum
562 443 706 490 grave
722 426 855 486 dicit,
875 426 925 475 id
951 434 1023 475 est
1048 442 1246 475 massas.
1323 425 1393 475 Hi
1413 434 1540 486 sunt,
1562 425 1647 489 qui
1671 424 1796 474 inter
1821 426 2024 488 Scythas

187 510 257 572 64
280 518 429 572 atque
465 509 690 558 Albanos
728 507 1196 572 septentrionalibus
1230 507 1349 556 locis
1387 507 1676 556 inhabitant.
1747 510 2024 556 Amazones

282 592 444 639 dictae
475 599 603 651 sunt,
631 607 717 639 seu
753 591 890 653 quod
921 589 1066 638 simul
1099 589 1318 638 viverent
1344 589 1449 639 sine
1473 588 1600 648 viris,
1628 589 1768 652 quasi
1797 592 1894 653 ἅμα
1922 592 2023 650 ζῶν,
2048 613 2070 654 5

281 673 382 722 sive
407 675 543 736 quod
575 672 763 722 adustis
797 671 1152 722 dexterioribus
1187 672 1414 721 mammis
1445 680 1623 731 essent,
1651 688 1713 720 ne
1743 671 2023 735 sagittarum

281 755 435 804 iactus
472 755 790 818 inpediretur,
830 754 971 817 quasi
1008 756 1113 803 ἄνευ
1149 757 1320 817 μαζῶν.
1397 755 1670 803 Nudabant
1707 753 1838 803 enirn
1876 771 2023 818 quam

279 840 567 886 adusserant
585 854 868 885 mammam.
944 838 1053 884 Has
1078 837 1305 885 Titianus
1330 837 1674 885 Vnimammas
1700 836 1831 884 dicit.
1894 838 2024 885 Nam

279 922 375 968 hoc
409 929 482 968 est
512 922 748 978 Amazon,
777 918 917 981 quasi
950 921 1055 968 ἄνευ
1089 922 1250 982 μαζοῦ,
1287 919 1336 967 id
1370 927 1441 967 est
1475 918 1579 967 sine
1618 935 1848 967 mamma.
1918 921 2026 967 Has

279 1002 376 1050 iam
437 1019 539 1050 non
598 1018 718 1060 esse,
771 1003 907 1064 quod
968 1018 1135 1050 earum
1197 1003 1372 1065 partim
1433 1001 1496 1049 ab
1558 1003 1791 1058 Hercule,
1851 1001 2024 1064 partim
2052 1028 2100 1056 10

279 1085 343 1133 ab
381 1084 574 1132 Achille
625 1085 701 1132 vel
756 1085 1040 1132 Alexandro
1095 1102 1253 1147 usque
1303 1086 1367 1132 ad
1422 1083 1797 1132 internicionem
1836 1086 2027 1133 deletae

191 1172 257 1230 65
280 1176 407 1216 sunt.
501 1169 561 1214 In
610 1175 771 1229 partes
821 1165 1070 1214 Asiaticae
1119 1166 1348 1229 Scythiae
1396 1175 1581 1228 gentes,
1631 1182 1757 1228 quae
1805 1175 2025 1228 posteros

279 1267 330 1298 se
379 1248 569 1297 Iasonis
619 1249 841 1306 credunt,
881 1247 996 1296 albo
1046 1247 1179 1296 crine
1226 1257 1496 1296 nascuntur
1542 1247 1604 1296 ab
1651 1247 1872 1296 adsiduis
1910 1247 2027 1295 nivi-

279 1332 406 1390 bus3
458 1340 505 1379 et
556 1329 708 1392 ipsius
759 1329 923 1392 capilli
978 1332 1113 1378 color
1163 1330 1297 1393 genti
1346 1346 1530 1378 nomen
1581 1329 1731 1379 dedit.
1807 1332 1871 1378 Et
1908 1331 2023 1378 inde

279 1413 510 1461 dicuntur
547 1411 746 1460 Albani.
835 1414 1033 1460 Horum
1077 1414 1249 1475 glauca
1293 1414 1461 1471 oculis,
1504 1411 1554 1461 id
1596 1421 1669 1461 est
1712 1411 1853 1475 picta,
1897 1411 2022 1460 inest
2048 1431 2098 1471 15

277 1495 474 1559 pupilla,
504 1495 631 1542 adeo
657 1503 709 1542 ut
736 1503 882 1542 nocte
915 1495 1024 1557 plus
1059 1511 1209 1557 quam
1243 1494 1323 1543 die
1357 1503 1571 1543 cernant.
1645 1493 1828 1542 Albani
1856 1503 2019 1542 autem

181 1581 254 1628 66
280 1576 426 1624 vicini
463 1579 775 1626 Amazonum
819 1577 1029 1624 fuerunt.
1119 1579 1334 1639 Hugnos
1369 1585 1515 1624 antea
1553 1578 1771 1623 Hunnos
1808 1584 2024 1635 vocatOS,

278 1668 528 1721 postremo
571 1675 598 1706 a
638 1675 750 1722 rege
793 1674 883 1706 suo
927 1661 1111 1706 Avares
1149 1659 1437 1721 appellatos,
1473 1656 1557 1720 qui
1597 1657 1728 1720 prius
1768 1656 1819 1704 in
1854 1657 2026 1705 ultima

280 1741 535 1789 Maeotide
579 1740 705 1788 inter
740 1739 997 1803 glacialem
1035 1741 1247 1788 Tanaim
1285 1749 1333 1788 et
1372 1741 1764 1802 Massagetarum
1802 1738 2026 1787 inmanes

277 1824 488 1885 populos
523 1821 881 1870 habitaverunt.
958 1820 1155 1869 Deinde
1188 1820 1469 1883 pernicibus
1501 1820 1639 1882 equis
1666 1820 1875 1870 Caucasi
1901 1819 2025 1882 rupi·
2050 1841 2101 1868 20

277 1905 384 1964 bus,
424 1905 548 1952 feras
585 1912 756 1967 gentes
793 1903 1062 1952 Alexandri
1098 1903 1309 1950 claustra
1345 1900 1625 1960 cohibente,
1666 1911 1941 1964 eruperunt,
1979 1912 2026 1950 et

277 1985 518 2034 orientem
539 1984 709 2048 viginti
725 1984 867 2032 annis
885 1993 1150 2033 tenuerunt
1167 1984 1432 2046 captivum,
1453 1992 1500 2031 et
1517 1983 1580 2030 ab
1601 1981 1853 2045 Aegyptiis
1878 1991 2025 2045 atque

186 2074 252 2132 67
277 2067 609 2130 Aethiopibus
646 2083 869 2115 annuum
912 2067 1119 2129 vectigal
1168 2074 1444 2127 exegerunt.
1529 2065 1858 2112 Troianorum
1906 2081 2025 2128 gens

276 2159 421 2199 antea
449 2150 728 2197 Dardanaa
745 2149 983 2196 Dardano
1002 2147 1270 2196 nominata.
1345 2149 1473 2194 Nam
1506 2147 1768 2194 Dardanus
1795 2156 1842 2194 et
1869 2147 2025 2195 Iasius

276 2233 443 2279 fratres
462 2247 488 2279 e
507 2231 715 2278 Graecia
740 2231 945 2292 profecti
970 2248 982 2289 3
1009 2246 1066 2276 ex
1092 2228 1167 2276 his
1196 2229 1352 2276 Iasius
1370 2229 1433 2276 ad
1458 2227 1739 2286 Thraciam,
1763 2229 2024 2277 Dardanus
2050 2245 2098 2285 25

276 2315 341 2361 ad
385 2314 644 2375 Phrygiam
690 2311 924 2374 pervenit,
973 2310 1141 2372 ibique
1181 2309 1367 2373 primus
1410 2309 1641 2372 regnavit.
1716 2312 1833 2357 Post
1875 2327 2021 2372 quem

331 2455 355 2481 2
387 2442 542 2481 libidus
562 2455 598 2482 a.
617 2455 656 2492 g.
678 2442 716 2480 d.
749 2441 803 2480 T:
828 2441 949 2479 livies
972 2439 1014 2490 (i.
1033 2453 1062 2479 e.
1092 2438 1271 2491 Libyes)
1293 2453 1330 2479 a.
1357 2452 1395 2488 g.
1424 2438 1567 2477 dicunt
1590 2439 1636 2476 K
1653 2437 1743 2486 (sed
1759 2439 1804 2487 cf.
1830 2438 1946 2479 Serv.
1971 2441 2029 2480 ad

276 2498 384 2537 Aen.
407 2499 446 2544 6,
468 2498 562 2541 862.
590 2496 674 2535 nisi
699 2509 834 2534 revera
862 2496 960 2533 haec
986 2508 1011 2532 α
1041 2495 1184 2533 Servio
1212 2495 1346 2532 aliena
1376 2498 1413 2531 et
1437 2507 1486 2531 ex
1507 2493 1660 2531 Isidori
1684 2493 1810 2532 codice
1835 2499 2022 2545 sumpta)

276 2565 302 2602 3
323 2565 505 2591 massam
529 2550 586 2588 K¹
710 2563 734 2598 4
766 2550 868 2589 locis
890 2549 951 2589 K:
987 2550 1099 2597 iugis
1119 2549 1283 2589 BCTU
1390 2561 1414 2598 5
1444 2549 1526 2587 dic.
1547 2553 1646 2586 sunt
1666 2561 1748 2588 om.
1772 2547 1818 2584 K
1834 2551 1935 2597 (non
1956 2549 2020 2595 A>

278 2607 373 2659 ζῶν]
396 2607 492 2646 zoin
515 2605 622 2644 codd.
740 2618 761 2654 7
790 2606 899 2643 ictus
920 2604 1210 2654 inpedirentur
1230 2602 1276 2640 K
1381 2600 1504 2652 μαζου
1527 2602 1585 2642 C:
1613 2601 1714 2652 μαζο
1735 2602 1801 2641 K:
1832 2603 1966 2641 mazoi
1993 2603 2030 2641 T

277 2661 422 2713 quam]
444 2662 556 2710 quod
575 2660 616 2698 Β
744 2662 769 2698 8
800 2660 876 2698 has
898 2690 907 2698 .
937 2688 945 2697 .
969 2689 978 2698 .
1005 2672 1183 2697 mamma
1203 2671 1284 2698 om.
1307 2657 1364 2695 ΒῙ
1488 2657 1645 2697 titanus
1666 2657 1848 2696 animam
1869 2657 1948 2696 dic.
1973 2657 2023 2695 C1
2103 2671 2115 2683 f

275 2732 302 2767 9
321 2729 424 2755 anes
447 2728 588 2754 mazos
608 2713 718 2753 codd.
838 2726 887 2752 10
913 2715 966 2753 ab
981 2713 1110 2753 Herc.
1126 2714 1236 2762 part.
1249 2726 1330 2751 om.
1350 2711 1506 2761 K(non
1521 2711 1586 2763 A)
1701 2725 1745 2749 11
1769 2711 1958 2750 delectae
1973 2712 2022 2750 C1

280 2785 327 2811 12
360 2770 542 2822 posteris
565 2768 610 2806 K
721 2781 769 2818 13
805 2769 1076 2807 crediderunt
1097 2767 1143 2805 K
1247 2767 1300 2805 ob
1321 2767 1602 2805 ABT12-0m.
1624 2765 1670 2803 K
1749 2766 1961 2804 adsimiles
1982 2765 2027 2803 K
2170 2783 2176 2810 Ι;

281 2840 326 2876 17
358 2825 573 2865 amazonis
595 2823 681 2862 BT
811 2824 960 2872 Vgnos
979 2822 1128 2862 ACT:
1158 2827 1205 2861 ut
1226 2834 1305 2860 nos
1325 2821 1390 2860 B:
1420 2822 1562 2860 hunos
1583 2820 1630 2859 K
1761 2821 1929 2859 hunnos
1951 2819 2022 2859 K:
2140 2844 2148 2850 —
2170 2811 2176 2853 l

277 2894 415 2920 unnos
436 2879 544 2918 BT:
573 2891 683 2917 unos
701 2877 787 2916 AC
949 2879 997 2917 18
1026 2890 1176 2916 avares
1197 2875 1267 2914 K:
1297 2876 1446 2915 abares
1470 2876 1570 2915 CT:
1598 2874 1765 2914 albares
1781 2874 1843 2914 B:
1873 2874 2023 2913 aberes

277 2936 318 2974 A
461 2933 583 2985 app.]
605 2938 871 2982 nuncupatos
893 2932 940 2970 K
955 2933 1057 2984 (non
1078 2931 1144 2983 A)
1256 2944 1305 2969 21
1342 2931 1413 2969 ubi
1435 2931 1512 2971 ser.
1535 2943 1632 2980 gen.
1654 2928 1723 2968 Al.
1748 2929 1797 2968 cl.
1822 2929 2022 2968 cohibent

276 2990 401 3030 Arev.
428 2989 495 3042 (ex
515 2987 755 3038 Hieronym.
779 2987 906 3038 Epist.
925 3000 991 3038 30,
1009 2987 1054 3033 8)
1167 2990 1374 3035 ruperunt
1394 2985 1430 3023 T
1539 2997 1590 3023 22
1619 2983 1936 3033 vigintimannis
1963 2985 2022 3023 T:

279 3057 382 3083 -xxx·
405 3057 563 3084 annum
585 3041 631 3080 K
791 3048 902 3092 capt.
926 3055 1010 3082 om.
1040 3041 1078 3079 T
1276 3053 1328 3089 23
1358 3052 1516 3079 annum
1535 3038 1764 3088 vectigales
1785 3043 1964 3087 egerunt
1992 3038 2030 3077 T

278 3113 328 3148 24
362 3099 579 3138 nominata
599 3111 682 3136 om.
708 3095 754 3134 K
769 3095 873 3149 (non
893 3096 956 3148 A)
1084 3094 1201 3147 nam]
1225 3100 1309 3134 tam
1337 3094 1375 3133 T
1493 3096 1545 3132 26
1574 3101 1801 3144 postquam
1821 3091 1863 3130 B
