2228 3444
1096 179 1370 228 ISIDORI

1131 309 1215 356 Sol
1252 317 1477 371 tempora
1513 307 1688 357 dividit
1723 308 1861 357 aevi:

558 397 716 436 mutat
752 397 899 437 nocte
937 388 1084 449 diem,
1125 389 1374 452 radiisque
1410 389 1696 453 potentibus
1733 400 1863 439 astra

560 469 629 518 ire
665 479 810 530 vetat,
851 487 1123 534 cursusque
1159 488 1308 535 vagos
1346 471 1534 520 ratione
1572 482 1803 520 moratur.

166 558 327 598 LXVII
490 553 572 599 DE
610 553 824 600 STELLIS
864 568 1129 601 PLANETls.
1205 555 1469 615 Quaedam
1514 555 1683 602 stellae
1725 553 1840 603 ideo
1882 555 2111 617 planetae

352 631 597 693 dicuntur,
627 632 677 682 id
712 644 786 683 est
820 644 1049 694 errantes,
1080 636 1194 698 quia
1227 652 1314 699 per
1346 645 1506 684 totum
1542 637 1785 684 mundum
1812 634 1945 684 vario
1973 645 2110 684 motu
2135 657 2156 696 5

351 716 645 764 discurrunt.
709 718 858 766 Vnde
882 734 972 780 pro
997 734 1071 777 eo,
1093 719 1230 780 quod
1258 727 1432 776 errant,
1462 719 1743 780 retrograda
1768 718 2012 778 dicuntur,
2035 719 2111 765 vel

349 799 579 846 anomala
604 797 893 858 efficiuntur,
924 801 974 848 id
1008 808 1094 859 est,
1125 801 1327 862 quando
1354 799 1615 862 particulas
1648 801 1842 848 addunt
1875 809 1923 848 et
1956 801 2112 848 detra-

350 880 487 928 hunt.
543 879 779 930 Ceterum
800 882 1003 944 quando
1029 891 1221 930 tantum
1248 883 1527 941 detrahunt,
1550 882 1831 944 retrograda
1851 882 2082 930 dicuntur
2099 898 2112 941 3

352 961 616 1011 stationem
644 972 810 1011 autem
838 965 1037 1022 faciunt,
1065 966 1269 1026 quando
1295 973 1440 1012 stant.

140 1046 327 1086 LXVIII
491 1047 574 1092 DE
591 1060 996 1094 PRAECEDENTlA
1014 1061 1079 1094 ET
1095 1060 1581 1095 ANTEGRADATIONE
1599 1060 1922 1093 STELLARVM.
1974 1047 2114 1093 Prae·
2138 1065 2186 1093 10

354 1128 582 1175 cedentia
601 1129 677 1176 vel
697 1129 1038 1190 antegradatio
1058 1130 1307 1176 stellarum
1334 1138 1406 1177 est
1413 1167 1425 1189 ,
1444 1130 1564 1177 dum
1590 1129 1730 1176 stella
1750 1136 1940 1176 motum
1968 1143 2111 1175 suum

353 1225 497 1271 agere
521 1207 729 1268 videtur,
758 1218 805 1258 et
830 1210 1017 1272 aliquid
1043 1219 1234 1273 praeter
1259 1208 1674 1258 consuetudinem
1699 1208 1967 1272 praecedit.

185 1299 329 1338 LXIX
492 1292 576 1337 DE
602 1305 918 1339 REMOT10NE
943 1306 1043 1339 VEL
1068 1305 1593 1340 RETROGRADATIONE
1618 1304 1942 1338 STELLARVM.
2019 1292 2113 1339 Re-

356 1370 511 1420 motio
532 1374 608 1420 vel
635 1372 988 1436 retrogradatio
1014 1375 1263 1421 stellarum
1291 1381 1377 1432 est,
1401 1374 1450 1419 in
1472 1388 1572 1435 quo
1597 1374 1749 1432 stella,
1773 1374 1893 1421 dum
1920 1380 2111 1420 motum

355 1469 497 1500 suurn
524 1462 649 1516 agat,
679 1452 825 1501 simul
850 1463 898 1502 et
924 1463 1189 1503 retrorsum
1218 1455 1402 1502 moveri
1430 1453 1635 1503 videtur.
2142 1473 2185 1512 15

209 1543 331 1582 LXX
494 1537 576 1582 DE
619 1550 781 1583 STATV
822 1550 1149 1584 STELLARVM.
1226 1537 1390 1584 Status
1435 1537 1682 1584 stellarum
1726 1544 1812 1595 est,
1855 1552 1952 1597 qua
1991 1535 2111 1583 dum

355 1618 494 1665 stella
519 1632 714 1678 semper
739 1625 975 1677 movetur,
1005 1627 1173 1665 tamen
1198 1617 1248 1664 in
1274 1617 1520 1679 aliquibus
1547 1616 1667 1665 locis
1693 1626 1819 1665 stare
1844 1615 2086 1665 videntur.

187 1706 330 1746 LXXI
493 1701 576 1746 DE
616 1713 908 1747 NoiulNles
953 1714 1278 1759 STELLARVM,
1325 1715 1507 1755 Qvfflvs
1557 1715 1626 1747 Ex
1675 1714 1849 1747 CAVS1s
1899 1714 2112 1747 NOMINA

356 1791 716 1825 ACCEPERVNT.
779 1779 862 1826 Sol
881 1779 1156 1841 appellatus
1178 1795 1237 1827 eo
1257 1779 1394 1841 quod
1415 1779 1548 1827 solus
1567 1786 1814 1842 appareat,
1837 1776 2112 1826 obscuratis

301 1874 334 1909 2
356 1860 544 1922 fulgore
569 1875 659 1908 suo
685 1859 876 1908 cunctis
902 1859 1156 1909 sideribus.
1229 1863 1371 1909 Luna
1396 1859 1529 1909 dicta
1554 1859 1693 1922 quasi
1720 1861 1923 1919 Lucina,
1950 1860 2114 1908 ablata
2139 1881 2189 1908 20

357 1940 521 1990 media
546 1942 745 2004 syllaba.
819 1944 898 1991 De
923 1959 1021 2005 qua
1046 1941 1289 2005 Vergilius
1315 1942 1441 2006 (Ecl.
1463 1959 1506 2002 4,
1534 1941 1614 2006 10)
1636 1961 1645 1990 :

966 2025 1116 2074 Casta
1153 2025 1259 2073 fave
1299 2023 1504 2072 Lucina.

358 2106 577 2168 Sumpsit
610 2115 775 2154 autem
810 2122 996 2154 nomen
1029 2122 1115 2168 per
1147 2107 1504 2155 derivationem
1534 2123 1564 2154 a
1593 2104 1708 2153 solis
1740 2106 1864 2164 luce,
1892 2122 1952 2154 eo
1978 2106 2114 2167 quod

305 2201 334 2247 3
357 2182 420 2230 ab
441 2199 501 2231 eo
521 2184 690 2231 lumen
715 2184 936 2246 accipiat,
960 2193 1221 2247 acceptum
1242 2185 1431 2233 reddat.
1486 2185 1666 2233 Stellae
1686 2184 1848 2232 dictae
1873 2200 1901 2231 a
1920 2184 2110 2242 stando,

359 2263 474 2327 quia
522 2265 647 2313 fixae
695 2273 826 2312 stant
874 2281 1068 2328 semper
1111 2265 1161 2313 in
1203 2267 1341 2314 caelo
1390 2282 1483 2314 nec
1531 2266 1731 2313 cadunt.
1806 2267 1938 2313 Nam
1977 2266 2114 2328 quod
2143 2285 2189 2325 25

359 2345 585 2395 videmus
609 2343 677 2412 [e]
699 2348 838 2396 caelo
859 2349 1022 2396 stellas
1044 2347 1183 2410 quasi
1209 2347 1321 2407 labi,
1345 2364 1448 2396 non
1468 2355 1582 2396 sunt
1602 2348 1784 2407 stellae,
1807 2349 1895 2396 sed
1915 2347 2113 2410 igniculi

359 2428 423 2477 ab
440 2429 638 2477 aethere
658 2427 781 2491 lapsi
799 2447 811 2489 ;
849 2430 932 2491 qui
953 2430 1092 2489 fiunt,
1111 2431 1231 2478 dum
1248 2439 1424 2478 ventus
1443 2428 1615 2478 altiora
1634 2438 1807 2492 petens
1828 2430 2114 2478 aethereum

420 2570 437 2595 1
481 2557 631 2596 dividit
661 2589 669 2597 .
702 2588 710 2596 .
747 2588 755 2596 .
789 2558 900 2597 diem
931 2571 1012 2600 om.
1046 2557 1194 2596 C1KM
1381 2571 1404 2595 2
1434 2565 1599 2598 noctem
1631 2558 1742 2598 diem
1779 2558 1836 2597 T:
1877 2565 2044 2598 noctem
2074 2561 2116 2598 Β

364 2624 389 2662 5
419 2618 535 2650 motu
556 2612 662 2651 BT:
692 2613 819 2651 modo
844 2613 922 2651 CK
1029 2617 1037 2645 ἔ
1069 2615 1096 2651 6
1125 2618 1225 2652 retr.
1251 2613 1352 2664 dic.]
1372 2615 1723 2663 retrogradantur
1741 2613 1847 2652 BT:
1876 2619 2116 2664 retrograta

367 2667 513 2706 dicunt
526 2667 573 2704 K
682 2681 702 2717 7
725 2668 944 2707 anomalae
961 2667 996 2706 C
1085 2669 1111 2706 8
1132 2674 1324 2716 retrogra
1343 2667 1378 2706 C
1464 2683 1490 2718 9
1511 2670 1718 2708 rationem
1734 2667 1783 2706 C1
1866 2675 2007 2707 autem
2027 2683 2110 2710 om.

370 2721 470 2760 C1K
488 2724 591 2771 (non
611 2721 675 2771 A)
849 2735 894 2760 11
927 2728 1086 2761 motum
1107 2723 1212 2761 BT:
1245 2735 1412 2761 cursum
1436 2722 1514 2761 CK
1619 2736 1741 2762 suum
1762 2722 1827 2762 K:
1860 2730 2112 2763 consuetum

373 2777 425 2815 T:
459 2789 580 2815 suum
603 2782 853 2815 consuetum
875 2777 956 2815 BC
1111 2790 1159 2816 12
1188 2777 1379 2815 videatur
1402 2777 1452 2816 C1
1610 2791 1658 2827 14
1689 2778 1906 2817 stellarum
1928 2792 2011 2817 om.
2038 2779 2117 2818 CK

367 2833 466 2870 dum
483 2844 567 2871 om.
588 2830 625 2869 T
730 2833 900 2870 modum
919 2831 999 2870 BC
1113 2844 1160 2882 15
1191 2831 1332 2881 agitB
1450 2834 1500 2870 16
1529 2845 1612 2883 qua
1631 2833 1690 2871 T:
1718 2832 1790 2882 qui
1806 2832 1876 2870 K:
1907 2846 2013 2883 quae
2032 2833 2083 2871 C1
2104 2848 2112 2873 ε

365 2886 466 2936 quia
485 2886 526 2925 Β
669 2899 714 2935 17
747 2886 894 2926 stellas
909 2887 956 2924 K
1063 2893 1258 2926 movetur
1279 2887 1436 2937 (mob-)
1455 2887 1561 2926 BT:
1593 2887 1754 2926 moveri
1777 2887 1929 2939 (mob-)
1947 2888 2115 2927 videtur

368 2940 467 2980 ClK
574 2940 742 2979 videtur
773 2941 814 2979 Β
983 2954 1032 2991 19
1070 2941 1143 2993 eo]
1178 2947 1222 2980 et
1257 2940 1294 2979 T
1454 2955 1506 2991 24
1545 2943 1597 2980 ab
1627 2942 1719 2992 ipso
1754 2941 1808 2980 ln.
1840 2942 1887 2979 K
1914 2944 2019 2992 (non
2049 2944 2111 2986 A)

364 3001 586 3046 acceptum
607 2997 758 3035 reddat
777 3008 859 3034 om.
881 2996 927 3035 K
945 2997 1048 3047 (non
1067 2996 1131 3048 A)
1258 3007 1310 3045 25
1341 2997 1439 3046 quia
1457 2996 1613 3035 ABT:
1641 2997 1756 3046 quod
1775 2996 1845 3034 K:
1877 3009 1929 3034 eo
1949 2999 2063 3046 quod
2083 2997 2118 3036 C

365 3055 479 3089 stant
498 3049 650 3090 ABT:
681 3051 764 3089 sint
787 3050 866 3090 CK
991 3053 1046 3089 26
1075 3065 1099 3090 e
1120 3050 1210 3102 (ae)
1231 3050 1326 3091 hab.
1347 3051 1453 3092 BT:
1483 3064 1566 3090 om.
1587 3049 1716 3090 ACK
1835 3063 1886 3100 27
1915 3052 2112 3104 aethere]

365 3111 534 3144 vestere
557 3104 609 3144 Cl
719 3111 874 3145 ventus
893 3118 976 3145 om.
999 3105 1045 3144 K
1064 3105 1168 3157 <non
1187 3104 1251 3157 A)
1484 3124 1491 3130 ·
1521 3110 1527 3112 ’
1584 3109 1590 3113 ’
