2228 3444
1141 142 1414 191 ISIDORI

319 282 378 328 41
401 268 697 316 moderatur.
770 269 972 318 Habere
1004 279 1171 319 autem
1196 270 1503 335 prophetiam
1535 287 1637 320 non
1668 275 1826 322 solum
1857 273 2029 336 bonus,
2059 281 2144 327 sed

400 350 549 398 etiam
576 358 624 399 et
658 352 814 400 malus
840 361 1016 415 potest.
1072 354 1203 402 Nam
1237 353 1516 402 invenimus
1542 355 1738 404 Saulem
1759 372 1922 419 regern
1943 361 2145 422 prophe-

398 440 540 480 tasse.
615 434 1008 496 Persequebatur
1033 436 1166 484 enim
1194 445 1418 485 sanctum
1448 435 1624 496 David,
1652 445 1701 486 et
1725 436 1939 501 inpletus
1965 438 2142 502 Spiritu

395 522 567 562 sancto
593 516 885 579 prophetare
911 516 1088 580 coepit.

310 603 374 642 IX
534 598 617 646 DE
643 612 932 648 APOSTOLIS.
995 599 1223 663 Apostoli
1250 600 1385 650 missi
1409 600 1800 664 interpretantur.
1871 604 1987 651 Hoc
2012 603 2144 652 enim
2170 616 2192 656 5

396 693 567 728 eorum
593 695 780 729 nomen
805 679 1004 730 indicat.
1059 684 1191 732 Nam
1211 682 1336 732 sicut
1353 685 1542 733 Graece
1568 686 1776 750 ἄγγελοι,
1795 683 1969 733 Latine
1987 685 2147 734 nuntii

395 769 646 820 vocantur,
668 760 736 810 ita
761 763 951 812 Graece
977 765 1219 827 Apostoli,
1246 764 1421 814 Latine
1447 764 1583 814 missi
1607 767 1928 829 appellantur.
2002 768 2146 830 Ipsos

396 842 528 891 enim
550 842 680 892 misit
701 844 926 894 Christus
952 848 1282 910 evangelizare
1307 864 1393 910 per
1418 847 1698 896 universum
1726 848 1986 907 mundum,
2009 849 2075 897 ita
2094 858 2146 897 ut

395 920 598 984 quidam
610 925 782 972 Persas
795 926 1050 988 Indosque
1066 935 1378 989 penetrarent
1393 929 1631 977 docentes
1645 936 1830 990 gentes,
1849 936 1896 975 et
1911 925 2144 976 facientes

395 1003 445 1050 in
471 1003 675 1054 nomine
701 1005 884 1056 Christi
905 1024 1083 1071 magna
1103 1017 1151 1057 et
1176 1007 1484 1058 incredibilia
1508 1008 1756 1068 miracula,
1785 1018 1838 1057 ut
1862 1008 2145 1058 adtestanti-
2171 1021 2228 1050 10

395 1084 488 1134 bus
522 1086 672 1150 signis
707 1097 755 1136 et
779 1088 1013 1153 prodigiis
1050 1091 1329 1139 crederetur
1359 1090 1451 1140 illis
1484 1090 1536 1138 in
1565 1090 1640 1139 his
1675 1107 1802 1153 quae
1834 1090 2068 1140 dicebant
2098 1100 2145 1140 et

394 1166 631 1217 viderant.
706 1170 914 1219 Habent
938 1181 1107 1221 autem
1132 1173 1354 1236 plerique
1381 1190 1438 1221 ex
1463 1172 1538 1221 his
1573 1189 1744 1221 causas
1776 1190 1976 1222 suorum
2001 1189 2145 1222 voca-

341 1263 372 1298 2
395 1250 637 1300 bulorum.
713 1254 887 1302 Petrus
924 1270 952 1301 a
990 1264 1129 1318 petra
1164 1271 1351 1303 nomen
1386 1254 1590 1319 accepit,
1628 1257 1723 1303 hoc
1757 1265 1830 1304 est
1865 1273 1894 1304 a
1931 1254 2142 1315 Christo,

394 1349 539 1396 super
564 1350 713 1397 quem
739 1345 812 1384 est
838 1337 1043 1385 fundata
1061 1337 1298 1386 Ecclesia.
1353 1339 1471 1387 Non
1496 1337 1629 1387 enim
1655 1354 1683 1386 a
1709 1340 1854 1386 Petro
1879 1347 2029 1401 petra,
2058 1338 2146 1387 sed

395 1418 566 1465 Petrus
582 1434 611 1465 a
626 1426 764 1481 petra
779 1434 966 1468 nomen
986 1418 1183 1469 sortitus
1200 1430 1287 1481 est,
1307 1419 1432 1469 sicut
1448 1437 1548 1469 non
1567 1419 1788 1470 Christus
1803 1437 1832 1468 a
1849 1419 2142 1480 Christiano,
2170 1437 2186 1465 1
2197 1437 2219 1478 5

395 1500 482 1548 sed
504 1498 813 1550 Christianus
833 1518 862 1549 a
881 1501 1082 1551 Christo
1101 1512 1302 1552 vocatur
1320 1521 1333 1564 ,-
1358 1502 1571 1566 ideoque
1590 1502 1657 1551 ait
1677 1501 1924 1552 Dominus
1943 1504 2142 1567 (Matth.

400 1584 473 1641 16,
498 1584 577 1646 18)
602 1603 611 1631 z
675 1584 779 1631 ‘Tu
829 1600 879 1632 es
929 1586 1118 1645 PetrUS,
1167 1594 1214 1634 et
1261 1602 1409 1649 super
1455 1587 1583 1634 hanc
1630 1594 1818 1649 petram
1870 1584 2146 1634 aedificabo

396 1663 655 1713 ecclesiam
694 1667 888 1725 meam,⁷
919 1665 1035 1728 quia
1070 1666 1256 1716 dixerat
1294 1670 1499 1716 Petrus:
1542 1670 1646 1716 ‘Tu
1672 1685 1723 1716 es
1758 1667 1982 1718 Christus
2019 1666 2146 1715 filius

398 1745 493 1794 Dei
519 1745 615 1794 vivi
631 1748 641 1768 ²
658 1765 671 1807 3
708 1747 890 1797 deinde
916 1747 960 1797 ei
986 1749 1234 1798 Dominus
1256 1769 1264 1798 :
1305 1753 1315 1774 ‘
1337 1751 1493 1813 Super
1518 1751 1676 1809 hanc,’
1701 1748 1874 1812 inquit,
1900 1753 1911 1775 ‘
1927 1749 2147 1813 petram,'

396 1845 545 1891 quam
580 1831 834 1878 confessus
860 1847 925 1890 es,
956 1837 967 1856 ‘
984 1831 1262 1880 aedificabo
1287 1831 1547 1880 ecclesiam
1581 1833 1775 1880 meam.’
1845 1833 1989 1879 Petra
2013 1829 2143 1878 enim
2171 1847 2221 1875 20

395 1920 497 1959 erat
531 1910 770 1972 Christus,
800 1928 945 1975 super
977 1914 1114 1975 quod
1146 1914 1524 1962 fundamentum
1559 1912 1707 1962 etiam
1732 1912 1836 1976 ipse
1859 1910 2147 1961 aedificatus

343 2008 373 2055 3
397 2001 469 2041 est
507 1995 695 2042 Petrus.
769 1994 965 2057 Cephas
1003 1994 1164 2044 dictus
1201 2012 1262 2045 eo
1298 1997 1435 2058 quod
1470 1994 1521 2042 in
1558 1994 1719 2059 capite
1755 1995 1816 2043 sit
1852 1993 2147 2043 constitutus

394 2077 749 2138 Apostolorum
766 2091 779 2135 ;
819 2078 1005 2139 κεφαλή
1037 2076 1170 2125 enim
1197 2079 1385 2127 Graece
1419 2085 1568 2141 caput
1595 2076 1784 2136 dicitur,
1813 2084 1862 2125 et
1885 2075 2031 2140 ipsud
2064 2092 2148 2123 no-

340 2173 373 2221 4
397 2174 513 2206 men
551 2156 602 2205 in
642 2160 788 2206 Petro
831 2160 1005 2221 Syrum
1049 2168 1136 2207 est.
1210 2158 1383 2209 Simon
1427 2158 1656 2208 Bar-iona
1691 2157 1742 2206 in
1778 2157 1943 2222 lingua
1981 2166 2148 2206 nostra

396 2247 539 2287 sonat
558 2238 685 2287 filius
702 2240 976 2301 columbae,
998 2249 1046 2289 et
1071 2250 1144 2289 est
1165 2257 1351 2290 nomen
1375 2243 1548 2304 Syrum
1569 2239 1747 2304 pariter
1772 2250 1819 2289 et
1838 2240 2140 2289 Hebraeum.
2171 2255 2218 2295 25

396 2322 492 2368 Bar
517 2321 700 2384 quippe
726 2323 843 2384 Syra
867 2321 1033 2385 lingua
1059 2321 1200 2382 filius,
1230 2325 1356 2372 Iona
1381 2321 1630 2372 Hebraice
1650 2322 1883 2371 columba
1899 2340 1914 2382 ,-
1936 2330 2145 2384 utroque

343 2409 373 2458 5
395 2418 623 2452 sermone
640 2402 818 2453 dicitur
838 2403 1063 2452 Bariona.
1103 2403 1201 2452 Alii
1218 2403 1502 2468 simpliciter
1520 2403 1781 2468 accipiunt,
1802 2405 1938 2467 quod
1955 2403 2141 2463 Simon,

455 2547 470 2570 1
505 2535 720 2584 prophitia
741 2534 786 2571 K
867 2535 1002 2573 bonos
1022 2533 1081 2572 K1
1194 2548 1217 2572 2
1247 2533 1463 2573 etiammet
1491 2533 1527 2571 T
1633 2535 1766 2573 malos
1782 2535 1829 2573 C1
1942 2548 1965 2583 4
1997 2540 2142 2573 saneto

396 2602 477 2629 om.
500 2588 537 2626 T
664 2588 769 2627 Post
782 2590 935 2640 proph.
954 2602 1075 2639 coep.
1093 2589 1380 2638 sequunturz'n
1403 2589 1555 2640 T(non
1577 2588 1676 2639 UA)
1695 2589 1902 2639 lzaecfere:
1926 2588 2144 2628 Invenitur

395 2644 601 2694 siquidem
635 2644 810 2693 spiritus
843 2644 1096 2695 prophetiae
1134 2644 1177 2682 in
1213 2643 1340 2683 Anna
1374 2645 1595 2682 sacerdote
1632 2656 1707 2694 pro
1746 2644 1917 2682 Christo
1955 2644 2114 2682 dixisse
2133 2658 2141 2682 :

395 2699 610 2748 ‘Expedit
641 2712 769 2737 unum
804 2700 907 2738 mori
939 2712 1064 2749 quam
1097 2706 1142 2737 ut
1172 2705 1259 2738 tota
1293 2711 1400 2748 gens
1430 2700 1605 2749 pereat.²
1666 2698 1720 2737 Et
1749 2699 1793 2737 in
1825 2711 1959 2737 uxore
1991 2698 2142 2737 Pilati:

399 2753 557 2793 ‘Multa
586 2766 714 2804 passa
742 2766 833 2792 sum
864 2754 942 2792 hac
971 2760 1097 2793 nocte
1127 2767 1203 2804 pro
1222 2754 1343 2793 viro!
1405 2754 1523 2792 Licet
1551 2753 1593 2791 in
1621 2753 1704 2791 alia
1723 2759 1988 2803 comparetur
2006 2758 2137 2802 parte,

397 2808 438 2847 id
471 2814 538 2847 est
568 2809 611 2846 in
651 2807 806 2847 diaboli
844 2808 1024 2859 astutiis,
1063 2814 1108 2847 ut
1142 2808 1358 2847 Christum
1397 2808 1663 2847 subtraheret
1702 2822 1726 2847 a
1763 2808 1910 2846 mortis
1942 2807 2140 2856 patibulo.

395 2865 421 2901 6
451 2863 539 2902 ind.
561 2875 688 2913 grece
707 2861 754 2900 K
862 2877 957 2902 nam
979 2894 989 2904 .
1016 2894 1024 2903 .
1047 2894 1054 2902 .
1076 2863 1342 2913 appellantur
1361 2876 1443 2902 om.
1462 2862 1509 2900 K
1528 2877 1536 2901 :
1568 2862 1702 2900 nuntii
1725 2894 1734 2903 .
1760 2893 1768 2901 .
1789 2892 1800 2901 .
1824 2862 1976 2901 Latine
1995 2874 2077 2901 om.
2097 2861 2138 2898 A

398 2931 418 2967 7
441 2918 503 2956 vel
515 2918 676 2957 Graece
689 2915 910 2956 ἀπόστολοι
1026 2931 1076 2957 10
1103 2917 1285 2969 incred.]
1300 2917 1492 2956 inaudita
1507 2916 1553 2955 K
1566 2917 1670 2969 (non
1683 2916 1746 2966 A)
1864 2929 1908 2954 11
1931 2916 2142 2955 docebant

396 2971 555 3025 K(n0n
569 2973 632 3024 A)
748 2978 791 3011 et
806 2972 1004 3012 viderent
1027 2973 1086 3011 T:
1115 2986 1199 3013 om.
1216 2971 1262 3010 K
1275 2973 1380 3025 (non
1397 2972 1462 3024 Α)
1577 2985 1626 3010 12
1656 2970 1792 3010 causis
1812 2970 1850 3010 T
1947 2984 1996 3020 14
2026 2971 2102 3010 sed
2116 2983 2142 3009 a

396 3033 518 3077 petra
537 3034 684 3079 petrus
703 3027 750 3065 K
768 3033 869 3077 (non
891 3028 954 3078 A)
976 3042 985 3066 :
1015 3042 1097 3068 om.
1121 3027 1178 3066 Bl
1313 3029 1361 3066 16
1390 3027 1466 3066 sed
1487 3026 1713 3066 christiano
1741 3025 1780 3064 T
1905 3038 1952 3075 19
1980 3032 2067 3076 pet.
2089 3025 2142 3064 ad

396 3095 521 3131 quam
542 3082 582 3120 Β
693 3095 746 3121 20
776 3082 842 3134 es]
866 3088 956 3120 erat
978 3081 1024 3120 K
1132 3085 1183 3120 26
1213 3082 1322 3132 Syra
1337 3081 1478 3131 lingua
1494 3095 1574 3121 om.
1593 3079 1640 3118 K
1654 3080 1755 3132 (non
1772 3079 1835 3131 A)
1949 3093 1999 3130 27
2029 3078 2140 3129 acc.]

395 3137 608 3187 accipiunt
630 3137 713 3176 dici
741 3136 793 3176 T²
810 3137 851 3176 in
873 3150 951 3175 ras·
