2176 3424
1035 119 1307 167 ISIDORI

292 251 390 290 tem
419 243 651 308 principis
677 245 832 309 egisse
851 246 1144 306 viderentur,
1168 251 1244 296 vel
1271 249 1355 312 qui
1374 251 1505 313 leges
1531 251 1726 300 inutiles
1742 249 2040 313 reipublicae

164 338 268 385 239
292 325 583 386 detulerant,
624 329 700 375 vel
739 327 882 376 utiles
921 328 1289 392 abrogaverant.
1386 331 1598 381 Rixosus
1640 350 1669 381 a
1706 331 1829 380 rictu
1863 330 2041 379 canino

293 405 469 456 dictus.
532 410 736 472 Semper
761 408 893 457 enim
919 411 983 458 ad
1009 411 1451 461 contradicendum
1477 423 1673 477 paratus
1699 423 1785 473 est,
1814 421 1862 461 et
1886 410 2042 474 iurgio

292 489 577 549 delectatur,
607 498 655 538 et
690 501 925 554 provocat
959 493 1361 543 contendentem.
1436 495 1671 544 Rusticus
1708 496 1869 543 dictus
1906 494 2042 556 quod

294 587 373 619 rus
400 580 642 635 operetur,
666 571 716 621 id
737 583 810 622 est
836 582 1027 622 terram.
2067 592 2089 630 5

1142 659 1173 707 S

163 748 267 795 240
361 736 566 798 Sapiens
610 735 772 785 dictus
821 755 850 785 a
889 755 1093 801 sapore,
1152 738 1267 802 quia
1311 739 1436 788 sicut
1475 748 1645 803 gustus
1684 748 1827 803 aptus
1867 747 1940 787 est
1978 738 2042 786 ad

292 817 642 867 discretionem
660 819 846 881 saporis
862 819 1100 880 ciborum,
1121 820 1190 869 sic
1211 820 1404 884 sapiens
1420 823 1485 871 ad
1501 820 1861 870 dinoscentiam
1881 837 2043 868 rerum

292 910 442 963 atque
484 918 778 962 causarum,
815 904 951 965 quod
992 905 1391 966 unumquodque
1428 903 1667 962 dinoscat,
1710 911 1859 966 atque
1896 918 2043 950 sensu

293 982 507 1031 veritatis
548 983 809 1033 discernat.
885 985 1039 1034 Cuius
1082 985 1354 1035 contrarius
1394 995 1467 1035 est
1509 985 1757 1049 insipiens,
1804 985 1941 1048 quod
1984 983 2044 1032 sit
2071 1002 2119 1031 10

179 1072 269 1119 241
293 1064 398 1114 sine
435 1082 623 1129 sapore,
666 1083 758 1115 nec
799 1066 1006 1116 alicuius
1046 1067 1354 1116 discretionis
1397 1069 1473 1117 vel
1510 1084 1696 1116 sensus.
1767 1065 2040 1115 Studiosus.

293 1149 502 1196 Sanctus
528 1164 556 1195 a
582 1147 731 1196 veteri
758 1149 1120 1198 consuetudine
1145 1151 1419 1212 appellatus
1441 1166 1500 1198 eo
1526 1150 1662 1212 quod
1687 1148 1752 1209 hi,
1775 1147 1860 1211 qui
1884 1147 2046 1211 purifi-

293 1229 390 1278 cari
420 1230 667 1290 volebant,
709 1231 946 1294 sanguine
983 1231 1174 1280 hostiae
1210 1232 1552 1295 tangebantur,
1586 1240 1633 1280 et
1672 1247 1730 1279 ex
1762 1231 1858 1278 hoc
1889 1228 2046 1279 sancti

173 1321 271 1368 242
294 1328 478 1360 nomen
503 1322 815 1374 acceperunt.
888 1312 1131 1372 SincerUS,
1161 1312 1300 1376 quasi
1327 1312 1432 1362 sine
1458 1312 1785 1376 corruptione,
1815 1311 1894 1360 cui
1931 1328 2046 1360 con-

294 1393 464 1442 trarius
498 1393 783 1454 insincerus,
812 1394 1022 1454 vitiatus,
1059 1404 1331 1457 corruptus.
1406 1397 1688 1458 Supremus,
1717 1410 1953 1452 summus,
1982 1393 2045 1441 ab
2074 1415 2120 1456 15

296 1492 356 1524 eo
400 1476 537 1538 quod
575 1475 952 1538 superemineat.
1028 1478 1176 1525 Vnde
1215 1486 1262 1525 et
1304 1478 1570 1539 ‘Supreme
1609 1478 1778 1524 Pater'
1816 1474 2041 1524 dicimus.

297 1555 526 1623 [Suavis.]
599 1557 834 1606 Sublimis
867 1558 931 1606 ab
957 1557 1218 1606 altitudine
1245 1568 1448 1606 vocatus
1474 1557 1689 1606 honoris.
1776 1559 1907 1605 Nam
1940 1573 2046 1619 pro-

295 1638 398 1701 prie
425 1637 636 1687 sublime
663 1638 843 1687 dicitur
868 1641 1005 1702 quod
1032 1640 1081 1686 in
1107 1641 1208 1688 alto
1236 1649 1322 1698 est,
1352 1650 1405 1687 ut
1435 1639 1585 1703 (Virg.
1607 1642 1731 1688 Aen.
1760 1626 1798 1698 i,
1822 1655 1844 1685 2
1854 1637 1967 1702 59):

673 1720 1050 1783 Sublimemque
1087 1722 1212 1769 feres
1249 1722 1313 1769 ad
1351 1721 1511 1769 sidera
1547 1720 1682 1769 caeli.

173 1807 272 1855 243
297 1802 574 1866 Speciosus,
618 1803 681 1851 ab
716 1802 879 1866 specie
917 1804 994 1851 vel
1036 1811 1274 1865 aspectu,
1334 1802 1459 1850 sicut
1507 1804 1751 1851 formosus
1798 1818 1826 1849 a
1874 1803 2042 1849 forma.
2073 1827 2123 1855 20

296 1887 489 1945 Sollers,
518 1886 656 1948 quod
681 1884 741 1933 sit
767 1884 1002 1933 sollicitus
1028 1883 1078 1931 in
1103 1893 1206 1932 arte
1230 1893 1277 1932 et
1303 1883 1447 1932 utilis.
1535 1885 1715 1932 Sollers
1752 1883 1884 1932 enim
1915 1884 2048 1945 apud

295 1966 527 2030 antiquos
566 1966 837 2026 dicebatur,
865 1965 950 2030 qui
987 1975 1088 2015 erat
1124 1967 1260 2015 omni
1298 1965 1431 2014 bona
1467 1974 1568 2015 arte
1605 1966 1883 2014 instructus.
1955 1967 2050 2013 Te—

298 2048 482 2097 rentius
513 2048 663 2113 (Eun.
687 2051 805 2112 478)
828 2068 836 2096 ε

747 2131 1137 2179 Adulescentem
1175 2130 1422 2178 sollertem
1461 2128 1606 2177 dabo.

177 2220 280 2267 244
301 2210 676 2274 Superstitiosos
701 2211 768 2260 ait
794 2211 972 2261 Cicero
994 2211 1129 2275 (Nat.
1153 2213 1301 2260 Deor.
1324 2228 1365 2270 2,
1389 2210 1469 2274 72)
1491 2211 1763 2273 appellatos
1788 2208 1899 2272 ‘qui
1919 2217 2050 2257 totos
2077 2234 2123 2276 ²5

301 2293 406 2342 dies
442 2294 772 2358 precabantur
814 2304 862 2343 et
898 2294 1222 2353 inmolabant,
1261 2302 1315 2341 ut
1352 2292 1445 2341 sibi
1482 2291 1556 2340 sui
1593 2291 1732 2341 liberi
1769 2290 2051 2355 superstites

302 2377 496 2424 essent.'
568 2376 831 2436 Sollicitus,
884 2375 1000 2439 quia
1048 2378 1216 2425 sollers
1265 2384 1313 2423 et
1361 2374 1486 2422 citus
1535 2383 1684 2438 atque
1731 2373 2048 2437 inrequietus.

358 2523 382 2547 2
413 2509 656 2548 detulerunt
678 2510 724 2548 K
911 2511 1000 2549 adr.
1027 2511 1078 2549 Cl
1099 2525 1107 2549 ε
1142 2511 1454 2558 abrogaverunt
1476 2509 1523 2547 K
1710 2509 1793 2547 ritu
1819 2507 1914 2558 (-to)
1938 2508 2048 2548 codd.

305 2577 329 2614 5
358 2565 399 2603 id
421 2565 507 2616 est]
531 2565 584 2603 de
606 2564 652 2602 K
792 2579 813 2614 7
843 2565 990 2616 aptus]
1012 2571 1185 2614 apastus
1215 2563 1263 2602 Tl
1283 2578 1291 2603 :
1321 2577 1344 2602 a
1365 2571 1488 2614 pastu
1517 2563 1569 2601 ’.Γ2
1677 2566 1702 2602 8
1735 2563 1991 2602 discritionis
2011 2561 2058 2600 K

305 2634 329 2658 a
349 2619 615 2658 dinuscentia
636 2619 683 2658 K
780 2634 806 2669 9
836 2619 973 2671 quod]
993 2633 1075 2669 quo
1095 2620 1201 2660 BCI
1311 2632 1361 2657 10
1383 2619 1626 2658 discernant
1656 2617 1692 2655 T
1799 2631 1844 2656 11
1877 2616 2050 2667 sapore]

306 2686 408 2723 pare
435 2673 495 2712 T1
634 2675 759 2713 alicui
781 2674 827 2711 K
832 2674 869 2711 T
990 2674 1221 2713 diseritioni
1241 2673 1307 2711 vel
1329 2686 1457 2712 sensu
1479 2673 1526 2711 K
1633 2673 1856 2711 Studiosus
1877 2685 1959 2711 om.
1991 2670 2029 2708 T
2043 2685 2052 2709 :

308 2728 367 2768 St.
391 2729 510 2778 quasi
530 2729 681 2767 studiis
706 2730 819 2781 (ist-)
842 2730 1032 2768 curiosus
1056 2726 1218 2768 CUVX
1237 2728 1338 2778 (non
1358 2728 1400 2778 I)
1518 2740 1565 2765 12
1593 2727 1662 2767 Sa.
1682 2733 1823 2765 autem
1843 2740 1867 2765 a
1892 2726 1934 2764 U
1950 2726 2053 2777 (non

313 2783 371 2835 V)
601 2784 825 2832 purificare
846 2782 960 2821 IKT
1220 2795 1266 2831 13
1297 2783 1432 2821 sancti
1463 2795 1617 2820 nonem
1642 2782 1702 2821 C:
1731 2781 1995 2820 sanctionem
2024 2779 2062 2817 T

311 2851 359 2886 14
392 2837 504 2877 Sine.
529 2868 538 2876 .
563 2869 572 2878 .
595 2868 604 2876 .
627 2851 733 2877 corr.
752 2843 848 2888 post
863 2839 1039 2877 dicimus
1070 2837 1107 2875 T
1211 2850 1258 2886 15
1280 2837 1546 2877 insencerius
1563 2837 1612 2876 Cl
1726 2837 1776 2874 16
1804 2847 2054 2885 supremere

308 2906 346 2942 p.
380 2891 430 2930 T¹
451 2893 501 2944 (s.
525 2899 668 2942 partes
698 2892 762 2942 12)
785 2908 793 2932 :
824 2906 1072 2944 supraemae
1097 2891 1250 2943 (-ppr-)
1276 2898 1418 2941 partes
1446 2890 1559 2930 BIK
1575 2906 1583 2930 :
1613 2903 1742 2940 super
1774 2903 1842 2929 me
1872 2895 1993 2940 pater
2012 2888 2059 2927 X

312 2959 359 2996 17
383 2947 534 2986 Suavis
550 2947 642 2987 hab.
662 2947 831 2987 BCIX:
863 2962 946 2987 om.
967 2947 1055 2986 ΚΤ
1161 2959 1210 2997 19
1231 2947 1332 2985 feris
1352 2946 1422 2986 K:
1451 2947 1593 2985 ferens
1608 2944 1755 2984 BCIT
1856 2957 1909 2983 20
1930 2945 2054 2994 Spec.

310 3032 317 3040 .
340 3031 348 3040 .
378 3032 387 3041 .
408 3002 542 3041 forma
563 3017 645 3042 om.
677 3001 730 3039 Τ1
869 3015 920 3052 25
952 3001 1287 3052 Superstitiosus
1307 3001 1374 3039 BI
1379 3001 1416 3039 T
1543 3000 1780 3050 appellatur
1799 2998 1838 3037 Β
1859 3013 1868 3038 z
1899 3005 1983 3038 -tor
2005 2997 2062 3037 CI

310 3056 401 3107 qui]
421 3058 519 3106 quia
549 3056 586 3094 T
735 3058 787 3095 26
817 3058 1069 3107 precabatur
1089 3055 1157 3094 ΒῙ
1361 3054 1601 3094 immolabat
1622 3054 1688 3094 BI
1842 3053 1986 3092 liberis
2008 3051 2059 3092 Cl

313 3122 364 3159 27
397 3111 548 3150 sollers
571 3116 612 3150 et
633 3125 712 3152 om.
741 3109 787 3150 K
802 3112 904 3163 (non
926 3110 988 3163 A)
1133 3110 1370 3171 inrequitus
1395 3109 1445 3150 C¹
2020 3135 2021 3138 =
2055 3123 2059 3127 ·
