2176 3424
355 143 984 193 ETYMOLOGIARVM
1023 143 1152 189 LIB.
1192 142 1342 189 XIII.
1380 138 1571 188 xiv—xvi

97 281 234 335 ptum
272 270 529 334 pertendit.
604 271 802 320 Deinde
840 271 1213 333 Hellespontus,
1243 267 1327 332 qui
1356 267 1407 316 in
1441 265 1826 331 septentrionem
1854 276 1885 324 3

97 362 397 416 retorquens,
422 351 721 401 anfractibus
758 353 946 415 magnis
983 351 1115 400 iuxta
1152 351 1382 401 Graecias
1420 358 1467 398 et
1506 347 1756 412 Illyricum
1781 346 1831 394 in

93 434 341 498 angustias
400 443 589 497 septem
645 434 915 483 stadiorum
964 432 1214 497 stringitur
1231 451 1245 494 ,-
1303 448 1403 495 quo
1453 432 1631 480 Xerses
1678 438 1832 493 ponte

95 513 301 562 navibus
327 514 456 562 facto
489 512 540 560 in
571 512 829 562 Graeciam
854 511 1179 561 commeavit:
1217 510 1286 560 ibi
1311 519 1384 559 est
1409 510 1632 572 Abydos.
1707 509 1834 556 Inde

45 624 67 664 5
95 594 298 643 diffusus
322 611 537 657 aequore
561 593 749 657 patenti
772 610 935 642 rursus
961 592 1209 656 stringitur
1233 601 1281 641 et
1305 590 1421 640 facit
1446 590 1802 654 Propontidem
1823 606 1836 648 3

94 678 177 739 qui
219 693 334 725 mox
381 676 431 724 in
480 675 775 739 quingentos
823 692 994 738 passus
1044 683 1302 734 coartatur,
1343 675 1495 737 fitque
1545 673 1832 735 Bosphorus

93 758 345 819 Thracius,
403 775 502 822 quo
552 760 731 806 Darius
784 757 951 821 copias
1005 755 1362 820 transportavit.
1438 757 1564 804 Inde
1599 753 1835 803 Ponticus
1859 776 1892 823 4

92 839 226 889 sinus
251 840 580 904 amplissimus
606 858 634 889 a
659 849 794 903 tergo
822 839 1090 888 Maeotidis
1123 838 1387 902 paludibus
1407 854 1418 897 ;
1456 838 1593 901 quod
1619 853 1752 885 mare
1779 853 1836 884 ex

93 922 406 972 multitudine
442 922 701 971 fluminum
738 922 930 971 dulcius
966 939 1115 985 quarn
1154 931 1328 981 cetera,
1356 920 1756 982 nebulosumque
1788 927 1836 966 et

6 1027 66 1057 ιιο
91 1004 296 1053 brevius.
370 1006 516 1053 Vnde
552 1014 600 1053 et
638 1007 854 1052 Pontum
879 1012 1124 1062 vocatum,
1153 1003 1288 1066 quod
1325 1002 1385 1051 sit
1421 1000 1650 1066 pervius,
1685 1009 1834 1063 atque

89 1104 148 1135 eo
187 1096 375 1149 praeter
412 1088 597 1149 phocas
641 1096 688 1135 et
730 1087 945 1149 thynnos
987 1095 1135 1148 atque
1178 1083 1454 1148 delphinos,
1498 1082 1616 1132 alias
1659 1083 1828 1132 beluas

90 1169 296 1217 maiores
344 1186 445 1218 non
493 1169 686 1232 patitur.
758 1168 894 1217 Sicut
941 1176 1107 1217 autem
1155 1177 1280 1215 terra
1319 1168 1438 1215 dum
1482 1182 1580 1214 una
1619 1165 1692 1224 sit,
1738 1181 1827 1227 pro
1850 1175 1882 1224 5

87 1249 288 1299 diversis
324 1250 444 1299 locis
468 1251 609 1299 variis
642 1252 914 1315 appellatur
937 1248 1205 1309 vocabulis,
1234 1248 1299 1297 ita
1336 1258 1383 1297 et
1420 1265 1508 1311 pro
1545 1245 1827 1310 regionibus

87 1333 182 1381 hoc
208 1349 340 1382 mare
366 1350 598 1396 magnum
625 1332 827 1381 diversis
853 1332 1138 1381 nominibus
1166 1324 1506 1393 nuncupatur:
1543 1346 1660 1377 nam
1680 1328 1828 1378 Iberi-

3 1419 61 1477 ιη
87 1431 199 1463 curn
227 1425 273 1464 et
299 1414 571 1463 Asiaticum
597 1432 625 1463 a
651 1414 913 1478 provinciis
951 1414 1139 1463 dictum
1164 1433 1173 1473 3
1210 1414 1272 1462 ab
1304 1411 1474 1461 insulis
1504 1410 1826 1470 Balearicum,

86 1497 319 1558 Siculum,
349 1497 617 1558 Creticum,
643 1497 893 1561 Cyprium,
922 1500 1160 1560 Aegeum,
1179 1495 1479 1559 Carpatium.
1555 1496 1684 1543 Nam
1706 1493 1832 1542 inter

84 1577 346 1625 Tenedum
387 1587 434 1625 et
467 1576 650 1627 Chium
690 1593 859 1625 saxum
904 1585 976 1624 est
1016 1575 1065 1623 in
1104 1591 1235 1623 mare
1268 1573 1430 1638 potius
1464 1590 1612 1636 quam
1654 1572 1825 1631 insula,

86 1659 221 1720 quod
256 1657 527 1706 visentibus
570 1660 740 1721 procul
782 1675 956 1722 caprae
999 1656 1154 1706 simile
1194 1656 1424 1717 creditur,
1461 1672 1608 1719 quam
1651 1652 1826 1703 Graeci

88 1740 195 1805 αἶγα
234 1749 535 1803 nuncupant,
578 1741 710 1789 unde
749 1750 796 1789 et
839 1743 1061 1804 Aegeum
1104 1756 1236 1787 mare
1279 1748 1351 1788 est
1391 1737 1616 1797 dictum,
1669 1736 1737 1785 sic
1778 1745 1825 1784 et

5 1839 63 1867 ,ιο
88 1821 371 1884 Carpatium
406 1838 538 1871 mare
580 1821 705 1871 inter
737 1825 1016 1886 Aegyptum
1057 1832 1104 1871 et
1135 1823 1373 1871 Rhodum
1413 1821 1476 1870 ab
1515 1820 1674 1868 insula
1714 1820 1828 1868 Car-

84 1913 199 1967 pato
226 1902 321 1951 illic
347 1905 518 1966 posita.
583 1906 628 1952 A
643 1904 872 1967 gentibus
900 1903 1160 1963 Gallicum,
1184 1902 1478 1962 Ausonium,
1501 1902 1820 1958 Dalmatium,
1848 1908 1883 1954 6

84 1981 400 2046 Ligusticum.
480 1986 561 2034 Ab
617 1985 812 2049 oppidis
868 1985 1168 2049 Argolicum,
1226 1986 1554 2044 Corinthium,
1603 1982 1820 2046 Tyrium,

83 2065 404 2115 Adriaticum.
467 2069 596 2116 Nam
623 2067 775 2116 Adria
796 2069 1040 2130 quaedam
1062 2067 1231 2116 civitas
1250 2066 1446 2130 Illyrico
1466 2065 1587 2114 mari
1604 2065 1825 2129 proxima

0 2195 2 2197 .
84 2146 187 2207 fuit,
215 2165 340 2210 quae
367 2148 619 2198 Adriatico
656 2149 775 2197 mari
809 2167 993 2199 nomen
1030 2149 1180 2198 dedit.
1255 2152 1301 2197 A
1331 2148 1577 2212 positione
1606 2147 1742 2207 caeli,
1770 2157 1823 2195 ut
1845 2158 1873 2208 7

0 2240 60 2290 ἰη
86 2226 326 2289 Superum
345 2237 392 2275 et
410 2229 653 2288 Inferum,
689 2229 824 2291 quod
842 2227 900 2276 sit
919 2227 1079 2277 oriens
1098 2227 1329 2291 superior,
1350 2227 1583 2277 occidens
1602 2226 1798 2276 inferior
1810 2245 1822 2286 3

85 2316 156 2355 est
171 2317 337 2356 autem
354 2310 574 2357 Tuscum
593 2318 640 2357 et
660 2308 981 2357 Adriaticum.
1053 2312 1099 2356 A
1116 2309 1353 2358 memoria
1373 2309 1510 2372 regis,
1534 2318 1587 2357 ut
1606 2307 1820 2358 Ionium.

85 2390 142 2437 Io
169 2391 351 2453 quippe
377 2408 457 2439 rex
482 2392 571 2439 fuit
597 2390 845 2452 Graeciae,
866 2392 998 2439 unde
1017 2388 1105 2456 [et]
1128 2392 1274 2440 Iones
1295 2391 1639 2440 Athenienses.
1705 2393 1821 2438 Hoc

62 2487 214 2520 >mare
244 2481 291 2520 et
321 2473 630 2534 Tyrrhenum
665 2474 867 2533 dictum,
897 2472 997 2521 sive
1031 2474 1168 2535 quod
1201 2473 1436 2522 Tusciam
1469 2472 1637 2533 adluit,
1667 2472 1717 2521 id
1748 2482 1820 2521 est

81 2553 416 2615 Tyrrheniam,
444 2553 544 2603 sive
569 2571 596 2603 a
621 2554 885 2617 Tyrrhenis
913 2555 1086 2614 nautis,
1114 2556 1198 2617 qui
1233 2572 1284 2604 se
1316 2554 1365 2602 in
1402 2557 1498 2604 hoc
1531 2572 1664 2604 mare
1690 2572 1821 2618 prae-

135 2695 159 2721 2
190 2689 440 2732 retroquens
481 2682 515 2722 C
678 2684 863 2736 magnis]
906 2683 1047 2723 multis
1091 2683 1136 2722 K
1309 2685 1518 2735 graeciam
1566 2685 1694 2737 (gre-)
1734 2685 1821 2723 ΒΚ

79 2749 104 2786 3
133 2750 308 2776 exerses
323 2737 368 2775 K
495 2749 522 2786 5·
549 2750 715 2777 rursum
735 2739 781 2777 K
914 2741 940 2776 6
969 2739 1120 2790 fitque]
1139 2738 1283 2789 sicque
1299 2739 1341 2778 Β
1467 2754 1488 2790 7
1519 2753 1603 2790 que
1626 2740 1724 2779 Dar.
1747 2739 1789 2777 Β
1810 2755 1821 2779 2

80 2793 279 2840 quadrius
303 2791 339 2830 T
468 2793 770 2842 transportabit
797 2792 852 2832 T:
882 2793 1194 2842 transportabat
1214 2794 1260 2832 K
1437 2797 1462 2834 8
1491 2809 1515 2834 a
1533 2801 1656 2844 tergo
1678 2808 1760 2834 om.
1784 2794 1820 2834 C

79 2847 243 2894 paludis
263 2847 352 2886 dett.
485 2861 534 2886 10
563 2847 731 2886 brevius
754 2848 911 2900 (breb-)
933 2847 1096 2886 BCDF
1096 2847 1177 2887 GT
1191 2861 1200 2886 ε
1227 2849 1420 2898 pervium
1437 2849 1566 2889 KNO
1676 2850 1816 2900 ponti-

79 2911 171 2939 cum
194 2902 229 2941 C
334 2901 505 2940 brevius
528 2901 567 2939 Β
692 2915 735 2940 11
769 2903 900 2942 bellas
917 2902 966 2941 Cl
1097 2915 1146 2951 13
1175 2908 1217 2941 et
1237 2903 1334 2955 pro]
1357 2918 1380 2944 e
1401 2903 1447 2943 K
1578 2916 1625 2954 15
1656 2905 1814 2943 asicum

79 2953 135 2992 Β1
268 2957 316 2994 16
344 2956 539 3004 Aegeum
559 2970 644 2996 om.
670 2957 708 2995 T
870 2959 918 2996 18
945 2957 1058 3007 quod
1081 2958 1205 2997 Grae.
1228 2956 1268 2995 Β
1435 2972 1484 3008 19
1515 2973 1585 2999 un.
1608 2972 1758 3008 egeum
1782 2959 1817 2999 C

80 3019 132 3048 20
166 3011 368 3050 rodanum
406 3011 443 3049 T
567 3012 751 3061 carpado
782 3009 827 3049 K
989 3025 1040 3050 22
1081 3012 1319 3053 libusticum
1348 3013 1470 3053 BCT
1594 3013 1664 3064 ab]
1696 3014 1748 3052 ob
1781 3014 1816 3053 C

80 3074 131 3111 24
161 3077 228 3103 no.
250 3077 327 3104 ma.
349 3066 393 3104 K
569 3078 619 3113 27
650 3072 692 3104 et
712 3065 803 3104 hab.
829 3065 933 3105 BC:
964 3080 1043 3106 om.
1067 3066 1155 3104 KT
1324 3070 1375 3107 28
1406 3067 1583 3119 dietum]
1606 3067 1759 3108 dicitur
1785 3068 1822 3107 T

79 3116 164 3157 sive
185 3119 283 3168 quia
305 3120 344 3158 Β
453 3119 615 3159 adludit
636 3119 676 3158 Β
692 3125 785 3159 aule
803 3134 901 3159 corr.
