2176 3424
1089 107 1360 156 ISIDORI

349 234 649 284 extrinsecus
669 237 800 284 intus
817 235 1112 295 transmittit,
1133 253 1404 299 eorumque
1423 236 1596 286 satiata
1614 238 1740 303 typis
1760 238 1885 303 rapit
1904 242 2092 303 species

347 332 517 365 eorum
554 317 603 365 in
641 317 886 382 propriam
925 319 1224 381 qualitatem.
1301 321 1361 367 In
1398 320 1731 370 animantibus
1770 320 2001 385 bigenera
2025 324 2094 372 di·
2167 327 2176 364 .·“

347 407 524 447 cuntur
553 416 679 462 quae
713 417 771 449 ex
797 401 999 449 diversis
1037 410 1318 462 nascuntur,
1346 409 1400 449 ut
1427 403 1587 450 mulus
1613 418 1671 451 ex
1697 419 1825 466 equa
1850 413 1898 452 et
1922 406 2061 453 asino
2079 423 2092 465 3

345 479 506 530 burdo
533 499 589 530 ex
616 499 744 545 equo
770 491 819 531 et
843 481 980 531 asina
997 500 1010 543 3
1047 482 1285 545 hybridae
1309 500 1368 531 ex
1392 484 1519 546 apris
1546 493 1593 532 et
1618 486 1778 547 porcis
1798 503 1810 546 3
1845 487 2016 548 tityrus
2033 502 2092 535 ex

345 578 437 611 ove
476 573 524 612 et
564 565 700 612 hirco
720 583 733 624 ,·
784 581 979 613 musmo
1023 580 1082 614 ex
1124 581 1269 628 capra
1312 574 1360 615 et
1398 566 1562 615 ariete.
1661 569 1749 615 Est
1788 576 1953 616 autem
1993 568 2092 616 dux
2115 589 2136 631 5

343 644 514 708 gregis.

280 734 320 774 11
481 731 564 776 DE
601 743 808 778 BESTIIS.
883 730 1155 777 Bestiarum
1185 729 1482 778 vocabulum
1512 729 1706 792 proprie
1740 732 1971 780 convenit
1996 732 2092 780 leo—

343 810 502 870 nibus,
531 812 708 874 pardis,
743 810 961 874 tigribus,
1000 809 1126 872 lupis
1164 820 1211 859 et
1246 810 1476 874 vulpibus
1513 812 1819 874 canibusque
1856 822 1904 861 et
1940 813 2090 862 simiis

342 907 399 938 ac
427 892 614 952 ceteris,
643 909 770 955 quae
794 894 871 941 vel
897 909 981 941 ore
1005 894 1082 941 vel
1108 892 1356 956 unguibus
1383 892 1619 953 saeviunt,
1649 893 1865 958 exceptis
1891 912 2089 959 serpen-
2160 960 2163 961 ⁷

290 984 320 1018 2
342 973 487 1023 tibus.
564 974 759 1023 Bestiae
789 975 951 1023 dictae
975 991 1003 1022 a
1029 973 1088 1033 vi,
1117 992 1214 1038 qua
1239 977 1476 1024 saeviunt.
1553 978 1704 1024 Ferae
1720 978 2008 1039 appellatae,
2028 994 2088 1026 eo
2116 992 2176 1031 m

343 1058 479 1118 quod
506 1056 713 1105 naturali
739 1066 943 1105 utuntur
970 1057 1195 1106 libertate
1221 1066 1269 1107 et
1295 1057 1543 1107 desiderio
1569 1074 1658 1106 suo
1684 1059 1914 1108 ferantur.
1965 1061 2090 1108 Sunt

342 1138 474 1186 enim
500 1138 683 1188 liberae
709 1156 879 1188 eorum
906 1141 1200 1199 voluntateS,
1229 1149 1277 1189 et
1314 1141 1412 1187 huc
1450 1148 1598 1202 atque
1634 1139 1749 1188 illuc
1775 1149 2012 1203 vagantur
2042 1150 2089 1190 et

289 1234 320 1279 3
342 1237 442 1282 quo
467 1222 661 1270 animus
687 1221 892 1280 duxerit,
914 1237 974 1270 eo
1001 1223 1232 1270 feruntur.
1306 1221 1488 1271 Leonis
1505 1221 1804 1271 vocabulum
1821 1238 1879 1270 ex
1900 1223 2089 1272 Graeca

341 1302 527 1366 origine
558 1303 791 1352 inflexum
830 1312 903 1353 est
939 1305 991 1351 in
1024 1304 1272 1351 Latinum.
1344 1304 1532 1353 Graece
1559 1302 1690 1352 enim
1715 1305 1834 1353 λέων
1858 1314 2060 1354 vocatur
2076 1323 2089 1366 3

342 1394 390 1434 et
416 1395 489 1434 est
512 1403 697 1435 nomen
723 1387 951 1446 nothum,
977 1384 1093 1448 quia
1127 1403 1184 1434 ex
1217 1394 1353 1448 parte
1379 1395 1676 1449 corruptum.
1751 1388 1948 1434 Leaena
1972 1403 2086 1435 vero
2113 1407 2176 1448 151

342 1477 500 1516 totum
539 1471 786 1518 Graecum
825 1477 912 1527 est,
943 1468 1069 1516 sicut
1107 1476 1155 1515 et
1192 1468 1447 1516 dracaena.
1521 1470 1588 1516 Vt
1613 1477 1779 1516 autem
1816 1469 1987 1517 leaena
2012 1470 2087 1517 lea

341 1549 532 1598 dicatur
571 1559 858 1613 usurpatum
894 1559 966 1598 est
1005 1566 1033 1597 a
1071 1550 1245 1613 poetis.
1321 1552 1424 1598 Leo
1463 1558 1629 1598 autem
1669 1551 1869 1609 Graece,
1914 1551 2087 1599 Latine

342 1648 423 1679 rex
463 1631 819 1695 interpretatur,
860 1648 920 1680 eo
969 1633 1106 1694 quod
1154 1632 1380 1695 princeps
1429 1631 1490 1680 sit
1537 1633 1760 1680 omnium
1803 1632 2083 1680 bestiarum.

288 1733 319 1779 4
343 1715 497 1764 Cuius
523 1731 678 1777 genus
702 1713 939 1763 trifarium
965 1713 1155 1762 dicitur.
1232 1716 1274 1761 E
1309 1714 1488 1777 quibus
1520 1714 1691 1762 breves
1717 1722 1765 1763 et
1789 1714 1906 1763 iuba
1931 1713 2088 1776 crispa

341 1796 547 1845 inbelles
581 1806 722 1856 sunt;
761 1795 895 1859 longi
933 1804 981 1844 et
1019 1812 1164 1844 coma
1201 1795 1409 1858 simplici
1446 1812 1595 1844 acres.
1670 1796 1879 1844 Animos
1915 1812 2085 1844 eorum
2111 1817 2176 1846 πο

341 1879 475 1928 frons
514 1888 560 1928 et
592 1880 751 1928 cauda
776 1877 980 1927 indicat.
1053 1878 1221 1926 Virtus
1248 1893 1418 1926 eorum
1455 1878 1502 1924 in
1543 1885 1771 1938 pectore3
1808 1878 2010 1924 firmitas
2036 1879 2086 1925 in

340 1963 514 2024 capite.
589 1961 724 2024 Septi
762 1978 791 2009 a
835 1959 1151 2009 venatoribus
1190 1969 1367 2008 terram
1415 1967 1724 2019 contuentur,
1775 1975 1875 2021 quo
1924 1960 2086 2008 minus

341 2045 619 2108 conspectis
667 2043 925 2092 venabulis
974 2051 1259 2091 terreantur.
1347 2043 1587 2089 Rotarum
1626 2041 1802 2088 timent
1841 2041 2083 2102 strepitus,

288 2150 318 2199 5
341 2128 427 2175 sed
454 2128 590 2190 ignes
616 2127 784 2188 magis.
861 2125 990 2174 Cum
1021 2122 1326 2181 dormierint,
1354 2121 1554 2185 vigilant
1580 2120 1711 2170 oculi
1730 2139 1742 2181 3
1778 2138 1892 2169 cum
1917 2121 2087 2171 ambu-
2154 2128 2176 2158 1=

339 2210 455 2268 lant,
484 2209 643 2257 cauda
671 2224 759 2255 sua
783 2206 1078 2268 cooperiunt
1102 2203 1304 2267 vestigia
1324 2219 1423 2263 sua,
1449 2219 1511 2252 ne
1527 2219 1612 2252 eos
1632 2211 1835 2251 venator
1854 2202 2084 2252 inveniat.
2110 2226 2129 2254 2

339 2290 470 2341 Cum
495 2290 752 2353 genuerint
777 2289 1008 2346 catulum,
1037 2286 1190 2335 tribus
1216 2284 1392 2335 diebus
1409 2293 1457 2334 et
1475 2283 1629 2332 tribus
1646 2284 1875 2333 noctibus
1895 2287 2085 2335 catulus
2135 2174 2176 2355 i

340 2374 553 2423 dormire
593 2373 774 2431 fertur,
809 2380 927 2418 tunc
966 2367 1149 2418 deinde
1190 2366 1338 2431 patris
1381 2367 1575 2415 fremitu
1618 2367 1695 2414 vel
1734 2365 1892 2429 rugitu
1935 2366 2084 2416 veluti
2147 2356 2176 2413 ,Ξ

2156 2406 2176 2438 ᾗ

341 2457 658 2506 tremefactus
684 2451 860 2502 cubilis
886 2453 1024 2500 locus
1045 2450 1279 2499 suscitare
1298 2447 1476 2497 dicitur
1501 2449 1718 2496 catulum
1739 2448 2082 2497 dormientem.

399 2599 416 2624 1
450 2583 685 2624 transmisit
724 2583 765 2621 Β
785 2596 795 2621 :
836 2581 1125 2620 transmittunt
1163 2578 1209 2617 K
1373 2583 1452 2618 sat.
1491 2578 1590 2617 tibis
1628 2576 1696 2615 B:
1738 2576 2002 2617 satietatibus
2041 2577 2086 2616 K
2148 2579 2176 2628 j

341 2641 513 2691 rapiunt
543 2639 588 2676 K
749 2651 772 2675 2
803 2637 1000 2676 dicuntur
1036 2649 1117 2675 om.
1153 2634 1198 2672 K
1358 2647 1383 2682 3
1413 2633 1569 2672 diversi
1610 2632 1656 2670 K
1815 2645 1840 2680 4
1869 2633 2008 2682 capris
2054 2633 2091 2671 T
2156 2636 2176 2686 ’ξ

341 2697 481 2735 titirus
500 2693 613 2733 codd.
638 2692 790 2744 (tititus
810 2691 884 2742 13¹)
997 2692 1023 2729 8
1051 2690 1228 2739 tigribus
1251 2701 1335 2728 om.
1351 2688 1397 2726 K
1503 2688 1670 2737 lupibus
1688 2686 1737 2725 Cl
1844 2701 1870 2736 9
1899 2687 1967 2739 ac]
1984 2693 2027 2726 et
2040 2686 2087 2726 K
2146 2715 2176 2727 ,-

343 2764 393 2790 10
421 2764 446 2790 a
465 2750 507 2789 vi
527 2747 629 2799 qua]
652 2747 704 2786 ab
725 2761 776 2786 eo
791 2746 902 2796 quod
924 2745 970 2783 K
1077 2759 1128 2783 eo
1147 2757 1228 2783 om.
1249 2742 1338 2782 ΒΚ
1448 2755 1490 2781 11
1516 2748 1686 2781 utantur
1703 2741 1783 2781 BC
1889 2742 2083 2781 fruantur
2143 2765 2176 2798 ἶ.

338 2806 403 2844 B:
433 2805 627 2843 feruntur
645 2802 679 2841 C
844 2814 892 2839 12
921 2800 1054 2850 enim]
1071 2806 1212 2838 autem
1228 2797 1263 2836 C
1370 2810 1510 2837 earum
1532 2797 1567 2836 C
1673 2802 1875 2835 vacantur
1897 2796 1932 2835 C
2038 2803 2080 2835 et
2144 2804 2176 2846 '5ss

340 2861 453 2910 quod
472 2872 540 2898 an.
569 2858 606 2896 T
714 2869 763 2906 13
792 2869 882 2895 voc.
907 2861 950 2894 et
965 2869 1019 2894 ex
1044 2854 1079 2893 C
1199 2866 1326 2903 greco
1354 2851 1392 2890 T
1500 2863 1548 2901 15
1577 2850 1673 2901 quia
1693 2881 1703 2891 .
1727 2880 1737 2890 .
1762 2880 1771 2889 .
1797 2863 1903 2889 corr.
1939 2863 2022 2890 om.
2051 2850 2088 2889 Z'
2147 2851 2176 2901 {⁶}

343 2917 393 2954 16
424 2915 497 2953 Gr.
522 2918 588 2952 est
621 2918 678 2952 to,
703 2911 737 2950 C
845 2924 911 2950 au.
933 2911 1001 2948 lea
1025 2910 1127 2960 (om.
1151 2908 1320 2958 leaena)
1351 2906 1397 2945 K
1509 2919 1555 2955 17
1587 2906 1738 2944 dicitur
1764 2905 1802 2944 T
1904 2904 2021 2944 latini
2047 2903 2085 2944 T
2144 2897 2176 2960 '34

342 2971 390 3008 18
419 2969 524 3008 best.
546 2980 630 3007 om.
656 2966 690 3006 C
797 2979 851 3004 20
879 2964 1086 3015 simplicia
1106 2961 1152 3004 K
1258 2974 1307 3000 21
1341 2967 1385 3000 et
1405 2962 1453 3001 fr.
1475 2967 1517 3001 et
1538 2973 1627 3000 cau.
1646 2959 1682 2999 C
1787 2972 1837 3008 23
1867 2959 2020 2999 timens
2047 2959 2086 3000 T
2150 2963 2171 2998 ζ

338 3037 390 3072 24
422 3024 535 3073 ignis
554 3022 618 3062 B:
642 3022 782 3071 ignem
806 3019 851 3057 K
958 3032 1008 3069 25
1038 3031 1116 3058 sua
1130 3017 1283 3069 (prius)
1301 3030 1384 3056 om.
1409 3016 1444 3055 C
1549 3017 1603 3053 26
1631 3014 1827 3065 genuerit
1842 3014 1877 3052 C
1964 3020 2078 3055 catu·
2143 3018 2165 3059 g

338 3079 423 3117 lum
446 3076 608 3117 catulus
628 3076 669 3115 Β
835 3080 883 3114 tr.
907 3075 960 3112 di.
983 3080 1024 3112 et
1045 3085 1138 3113 noc.
1165 3071 1200 3111 C
2068 3092 2070 3094 v
