2176 3424
1025 128 1298 177 ISIDORI

185 273 265 320 131
289 274 394 306 rum
423 257 693 319 succendit,
723 267 771 308 et
797 259 1145 322 persuadendo
1171 259 1457 308 inflammat.
1537 260 1870 324 Inexpiabilis,
1900 263 2036 324 quod

287 357 561 403 numquam
612 340 846 404 expiatur,
890 357 1164 404 numquam
1215 351 1460 405 purgetur.
1549 344 1888 405 Inlaudabilis,
1933 361 2035 392 non

287 422 402 484 quia
438 423 667 471 laudatus
703 440 805 471 non
843 421 916 483 sit,
939 417 1041 471 sed
1078 422 1194 485 quia
1230 425 1417 472 laudari
1454 441 1556 473 non
1593 428 1785 475 meruit.
1860 429 2032 486 Iratus,

175 523 263 570 132
285 504 355 553 ira
390 514 544 553 actus.
618 506 826 569 Impius,
862 505 978 567 quia
1016 504 1122 554 sine
1158 506 1341 568 pietate
1377 506 1626 570 religionis
1664 516 1752 556 est.
1826 508 2036 571 Iniquus

286 586 481 650 proprie
506 587 668 636 dictus
695 587 810 650 quia
844 604 946 636 non
981 595 1054 635 est
1087 604 1290 651 aequus,
1319 590 1406 637 sed
1441 588 1712 652 inaequalis
1742 599 1828 639 est.
1902 593 2037 640 Inter
2061 603 2083 643 5

286 669 493 732 impium
538 678 702 717 autem
747 678 795 718 et
839 669 1065 732 iniquum
1109 671 1205 718 hoc
1249 671 1430 720 distare
1473 663 1849 734 nonnumquam
1894 674 2032 733 solet,

287 752 402 813 quia
422 753 584 799 omnis
605 750 784 813 impius
807 750 1018 815 iniquus,
1038 767 1141 801 non
1161 761 1327 801 tamen
1348 752 1511 802 omnis
1532 753 1729 817 iniquus
1747 764 1820 804 est
1839 754 2034 818 impius.

287 833 478 897 Impius
505 850 721 897 namque
757 850 847 896 pro
873 834 1061 883 infideli
1081 834 1309 897 ponitur:
1347 844 1394 883 et
1421 836 1582 885 dictus
1607 836 1788 900 impius
1814 839 1950 900 quod
1976 837 2035 886 sit

284 932 313 963 a
338 917 520 978 pietate
547 914 795 979 religionis
825 915 1029 964 alienus.
1105 918 1313 979 Iniquus
1344 934 1459 966 vero
1490 918 1670 967 dicitur
1699 935 1787 982 pro
1814 935 1873 968 eo
1899 921 2035 982 quod

285 992 475 1046 nonest
495 1013 683 1060 aequus
702 999 789 1047 sed
807 997 967 1061 pravis
989 998 1222 1061 operibus
1239 1001 1525 1059 maculatur,
1546 1001 1622 1049 vel
1641 997 1728 1067 [si]
1750 1000 2036 1051 Christiani·
2063 1013 2112 1043 10

171 1100 261 1147 133
284 1078 396 1128 tatis
422 1079 625 1128 nomine
651 1089 922 1129 censeatur.
982 1080 1234 1140 Inimicus,
1259 1083 1374 1143 quia
1401 1098 1501 1130 non
1527 1083 1730 1141 amicus,
1758 1084 1846 1131 sed
1870 1084 2036 1131 adver-

285 1161 453 1210 sarius.
542 1163 685 1210 Duae
728 1171 893 1210 autem
944 1178 1019 1211 res
1069 1162 1296 1211 inimicos
1340 1163 1553 1211 faciunt:
1606 1165 1735 1212 fraus
1779 1173 1826 1212 et
1869 1173 2036 1213 terror.

169 1265 260 1314 134
284 1246 476 1305 Terror,
505 1245 641 1306 quod
675 1243 865 1292 timent.
942 1246 1174 1304 Fraudes,
1205 1247 1390 1294 malum
1426 1247 1562 1308 quod
1595 1245 1724 1309 passi
1755 1256 1883 1294 sunt.
1959 1249 2036 1294 In-

285 1327 427 1375 vidus
463 1326 625 1376 dictus
655 1326 719 1375 ab
757 1327 1000 1376 intuendo
1034 1326 1319 1375 felicitatem
1358 1327 1569 1377 alterius.
1643 1329 1926 1376 Invidiosus
1964 1338 2036 1377 est

285 1410 369 1471 qui
402 1408 466 1457 ab
497 1407 594 1457 alio
628 1408 811 1471 patitur
840 1408 1094 1458 invidiam.
1169 1409 1377 1470 Invisus,
1413 1409 1628 1470 odiosus,
1665 1409 1732 1458 ob
1769 1410 1953 1459 invidia
1989 1419 2036 1459 et
2063 1424 2108 1464 15

171 1502 260 1552 135
285 1492 389 1540 zelo
415 1490 590 1539 dictus.
663 1491 978 1551 Intestabilis,
1007 1492 1146 1539 cuius
1173 1491 1513 1540 testimonium
1540 1509 1640 1540 non
1668 1493 1795 1540 valet
1821 1502 1869 1541 et
1899 1495 2035 1555 quod

287 1572 462 1621 dixerit
489 1572 689 1620 inritum
717 1571 1138 1636 inprobatumque
1165 1574 1239 1622 sit.
1303 1573 1523 1634 Infamis,
1547 1591 1649 1622 non
1674 1574 1837 1622 bonae
1861 1574 2035 1623 famae.

168 1671 260 1730 136
286 1655 536 1718 Inprobus
576 1656 739 1704 dictus
783 1657 920 1717 quod
960 1656 1109 1704 instat
1149 1657 1297 1704 etiam
1341 1656 1638 1718 prohibenti.
1714 1659 2033 1719 Inportunus‚

283 1737 534 1800 inquietus
551 1754 564 1798 3
607 1736 723 1799 quia
761 1753 862 1785 non
897 1738 1047 1786 habet
1079 1748 1292 1800 portum,
1321 1738 1371 1787 id
1403 1748 1476 1787 est
1507 1741 1739 1802 quietem.
1811 1741 1959 1788 Vnde
1989 1748 2036 1787 et

284 1818 536 1883 inportuni
564 1820 702 1881 quasi
730 1819 779 1866 in
807 1819 1115 1882 naufragium
1152 1819 1251 1869 cito
1277 1822 1510 1869 feruntur.
1587 1822 1813 1881 Infrenis,
1842 1822 1938 1870 hoc
1963 1830 2036 1870 est
2061 1836 2111 1864 20

285 1902 367 1965 qui
395 1902 543 1950 frenis
569 1918 671 1950 non
699 1900 894 1964 regitur,
921 1910 974 1949 ut
1002 1900 1155 1966 (Virg.
1174 1904 1300 1951 Aen.
1321 1919 1364 1961 4,
1386 1902 1470 1966 41)
1493 1922 1501 1951 ε

899 1985 1150 2033 Numidae
1187 1983 1378 2036 infreni.

175 2074 261 2123 137
288 2066 584 2116 Infrendens
621 2065 816 2129 proprie
854 2074 927 2114 est
963 2067 1089 2114 inter
1127 2082 1178 2114 se
1209 2069 1526 2130 conprimens
1560 2069 1752 2117 dentes.
1825 2070 1954 2117 Nam
1989 2077 2036 2117 et

184 2150 186 2152 ’
284 2150 510 2198 frendere
537 2148 779 2211 significat
810 2148 1045 2198 dentibus
1079 2150 1314 2212 frangere,
1345 2151 1480 2198 unde
1510 2151 1772 2199 nefrendes
1807 2151 2033 2209 infantes,

285 2231 369 2294 qui
395 2231 611 2280 necdum
650 2232 825 2279 dentes
859 2231 1060 2280 habent.
1135 2230 1450 2294 Ingluviosus
1483 2249 1512 2280 a
1543 2234 1657 2295 gula
1691 2242 1738 2281 et
1770 2232 2036 2282 voracitate
2061 2247 2110 2288 25

173 2325 262 2386 138
285 2312 460 2362 dictus.
539 2313 856 2375 Ingloriosus,
886 2314 1022 2375 quod
1049 2312 1109 2362 sit
1136 2314 1240 2362 sine
1264 2313 1430 2376 gloria,
1454 2315 1505 2363 id
1531 2323 1603 2363 est
1631 2314 1735 2363 sine
1760 2314 2032 2379 triumphis.

287 2397 414 2444 Item
446 2394 681 2458 inglorius
715 2394 961 2444 inmemor
995 2394 1191 2459 gloriae.
1267 2395 1513 2457 Informis,
1543 2397 1728 2460 ingens,
1762 2413 1863 2445 non
1900 2399 2036 2461 quod

339 2536 364 2574 3
394 2525 493 2574 quia
514 2523 647 2577 (alt.)]
671 2525 742 2575 qui
763 2524 799 2563 C
813 2525 913 2577 (non
934 2523 997 2577 A)
1140 2524 1294 2564 meruit
1310 2524 1399 2563 ΒΚ
1419 2540 1427 2564 :
1457 2532 1643 2566 meretur
1664 2526 1742 2566 CT
1870 2541 1890 2577 4
1916 2529 2035 2581 quia]

287 2579 357 2630 qui
379 2578 448 2617 ΒῙ
556 2591 580 2628 5
612 2580 688 2618 sed
710 2580 849 2629 inaeq.
872 2580 986 2617 inter
1008 2578 1043 2618 C
1140 2582 1167 2618 6
1196 2592 1421 2629 numquam
1444 2581 1521 2621 sol.
1543 2580 1600 2618 Β1
1703 2595 1730 2631 9
1760 2595 1838 2633 pro
1859 2584 1972 2633 quod
1992 2584 2034 2622 A

290 2648 340 2688 10
360 2633 592 2673 maculatus
614 2633 655 2670 Β
739 2634 806 2673 vel
827 2634 896 2673 Il:
924 2634 994 2673 vel
1015 2635 1051 2673 si
1076 2633 1154 2673 CT
1168 2635 1237 2687 (ex
1253 2635 1321 2673 vel
1344 2634 1380 2673 si
1401 2637 1474 2686 ex)
1497 2650 1505 2674 z
1535 2648 1590 2675 ne
1611 2635 1740 2674 ΒΚΖ2
1814 2650 1857 2675 11
1882 2635 2035 2677 nomen

288 2689 334 2727 K
442 2693 615 2728 censeat
645 2688 682 2726 T
783 2689 855 2739 qui
877 2688 918 2726 Β
1027 2689 1142 2729 inim.
1166 2694 1230 2728 est
1250 2690 1327 2728 sed
1349 2688 1391 2727 Β
1413 2693 1513 2742 (non
1535 2690 1598 2742 A)
1746 2704 1794 2730 12
1823 2692 2035 2732 inimicum

287 2745 340 2785 fa.
366 2742 408 2781 B
522 2755 571 2792 13
592 2748 731 2782 terror
749 2758 831 2783 om.
866 2742 902 2781 T
970 2743 1131 2783 fraudis
1151 2743 1260 2783 codd.
1287 2744 1402 2796 (·des
1422 2745 1485 2798 A)
1563 2746 1658 2785 mali
1678 2746 1720 2785 A
1727 2745 1806 2785 CK
1813 2745 1850 2784 T
1865 2746 1966 2798 (non
1985 2748 2010 2786 I
2019 2749 2034 2797 )

293 2811 339 2848 14
369 2799 421 2838 ab
441 2798 668 2837 invidendo
690 2798 879 2838 felicitati
901 2797 943 2836 Β
1081 2797 1168 2849 est]
1191 2799 1328 2837 dictus
1348 2798 1390 2837 Β
1595 2812 1643 2849 15
1671 2806 1754 2851 pat.
1779 2801 1972 2840 iniuriam
1995 2800 2037 2839 B

290 2854 340 2893 ab
360 2854 446 2893 inv.
474 2853 534 2892 C:
567 2853 733 2892 obvidia
752 2852 807 2890 Β1
1038 2855 1087 2891 16
1116 2853 1256 2904 cuius]
1280 2855 1346 2892 cui
1367 2855 1413 2893 K
1429 2855 1534 2906 (non
1554 2855 1618 2905 A)
1784 2867 1868 2893 non
1892 2868 1974 2896 om.
1996 2854 2038 2893 Β

293 2922 343 2960 19
371 2909 470 2959 quia
489 2922 539 2947 ex
555 2907 667 2959 quod
688 2908 730 2946 A
843 2920 898 2947 20
917 2908 1192 2959 inopportuni
1215 2907 1265 2947 Cl
1370 2909 1472 2951 Infr.
1498 2940 1507 2949 .
1527 2939 1538 2950 .
1563 2939 1573 2950 .
1596 2909 1747 2948 infreni
1764 2913 1862 2961 post
1877 2910 2038 2950 habent

291 2964 332 3015 (ξ
359 2965 454 3016 137)
483 2962 520 3001 T
785 2975 835 3002 21
868 2963 939 3013 qui
958 2975 1044 3002 non
1063 2962 1111 3003 sr.
1133 2975 1218 3001 non
1238 2976 1327 3014 reg.
1352 2963 1409 3002 Β1
1593 2975 1681 3013 reg.
1704 2969 1747 3003 et
1767 2964 1966 3005 humidae
1990 2963 2038 3003 C¹

292 3031 344 3068 24
376 3018 619 3068 significant
638 3016 732 3057 Bel
764 3053 767 3055 .
843 3018 1104 3058 nefrendens
1127 3018 1178 3058 Cl
1363 3032 1413 3068 27
1443 3019 1551 3058 idem
1573 3018 1827 3069 ingloriosus
1850 3019 1896 3058 K
