2228 3444
529 125 1159 175 ETYMOLOGIARVM
1201 125 1331 171 LIB.
1369 125 1487 171 VII.
1528 140 1556 171 v

175 266 422 318 vocantur,
459 255 573 320 quia
611 256 735 304 inter
768 271 852 304 eos
887 263 933 304 et
965 256 1130 303 Deum
1162 252 1284 302 nulli
1320 252 1481 316 angeli
1521 253 1831 314 consistunt3
1868 262 1916 302 et

175 340 288 390 ideo
314 348 500 404 quanto
525 337 731 388 vicinius
757 354 921 386 coram
948 352 1008 386 eo
1041 335 1332 395 consistunt,
1359 343 1499 385 tanto
1533 334 1686 399 magis
1717 335 1915 384 luminis

173 421 388 471 claritate
426 420 579 469 divini
611 419 992 468 inflammantur.
1065 420 1212 468 Vnde
1246 427 1295 467 et
1328 417 1421 482 ipsi
1454 419 1619 466 velant
1651 417 1828 466 faciem
1869 426 1917 466 et
1941 429 2006 479 25

173 505 325 567 pedes
343 502 559 551 sedentis
578 502 628 550 in
649 503 828 550 throno
849 500 945 550 Dei
969 519 980 561 3
1016 499 1268 549 etidcirco
1285 508 1446 549 cetera
1460 502 1747 562 angelorum
1773 499 1917 548 turba

126 604 148 644 5
172 585 336 635 videre
363 584 458 634 Dei
483 583 745 633 essentiam
771 585 916 647 plene
939 599 1041 631 non
1067 584 1244 642 valent,
1272 581 1508 645 quoniam
1527 581 1782 632 Cherubin
1808 599 1917 631 eam

172 667 303 731 tegit.
393 669 535 716 Haec
583 658 725 729 igitur
772 665 1012 714 vocabula
1060 664 1313 728 agminum
1361 666 1647 728 angelorum
1695 663 1761 713 ita
1804 674 1918 714 sunt
1942 670 2011 716 26

171 748 399 812 specialia
425 749 653 797 ordinum
672 748 988 811 singulorum,
1008 756 1060 795 ut
1080 757 1244 795 tamen
1268 746 1364 795 sint
1388 764 1445 795 ex
1471 755 1608 810 parte
1633 746 1919 795 communia

175 832 412 882 omnium.
487 833 617 880 Nam
651 832 772 879 dum
798 829 987 878 Throni
1015 831 1157 878 sedes
1185 829 1279 878 Dei
1304 829 1355 877 in
1380 830 1694 893 quorundam
1724 831 1919 892 angelo-

176 933 282 964 rum
331 913 503 964 ordine
552 912 824 976 specialiter
871 912 1204 976 designentur,
1255 922 1422 960 tamen
1470 929 1556 975 per
1605 912 1917 961 Psalmistam

103 1014 151 1042 10
174 997 273 1062 (79,
297 997 375 1061 2):
427 995 559 1058 ‘Qui
597 996 738 1044 sedes
782 1012 926 1058 super
964 994 1250 1055 Cherubin,’
1288 993 1478 1044 dicitur.
1554 996 1651 1043 Sed
1689 993 1803 1043 ideo
1840 993 1918 1042 isti
1943 1010 2005 1059 27

177 1079 373 1128 ordines
409 1079 695 1141 angelorum
734 1077 930 1140 privatis
966 1076 1252 1126 nominibus
1298 1078 1622 1140 appellantur,
1663 1075 1779 1141 quia
1822 1077 1918 1124 hoc

174 1161 318 1224 ipsud
344 1160 558 1209 officium
585 1159 635 1207 in
668 1159 864 1223 proprio
898 1159 1071 1209 ordine
1101 1159 1294 1223 plenius
1326 1168 1635 1224 acceperunt.
1710 1161 1774 1208 Et
1804 1177 1918 1207 cum

174 1243 269 1292 sint
303 1243 534 1292 omnibus
565 1241 861 1301 communia,
891 1241 1085 1305 proprie
1119 1250 1285 1291 tamen
1319 1243 1442 1290 haec
1474 1241 1679 1290 nomina
1712 1241 1810 1290 suis
1845 1258 1916 1290 or-

173 1325 371 1374 dinibus
408 1327 719 1388 deputantur.
812 1323 1094 1386 Vnicuique
1131 1323 1277 1384 enim,
1319 1323 1443 1372 sicut
1480 1323 1788 1388 praedictum
1826 1332 1911 1383 est,
1940 1328 2006 1376 28

103 1418 149 1460 15
175 1407 368 1471 propria
403 1406 561 1456 officia
594 1415 707 1455 sunt
741 1405 974 1464 iniuncta,
1009 1422 1136 1470 quae
1171 1405 1499 1469 promeruisse
1533 1423 1617 1455 eos
1654 1405 1705 1454 in
1743 1405 1917 1454 mundi

175 1499 367 1539 constat
394 1488 607 1539 exordio.
682 1490 812 1537 Nam
843 1487 958 1551 quia
990 1487 1150 1551 angeli
1182 1497 1228 1537 et
1254 1488 1374 1536 locis
1401 1498 1448 1537 et
1473 1487 1760 1537 hominibus
1786 1504 1920 1552 prae-

176 1581 301 1631 sunt,
336 1589 422 1636 per
456 1572 754 1635 Prophetam
791 1580 994 1620 testatur
1027 1572 1229 1634 angelus
1264 1570 1434 1620 dicens
1466 1570 1682 1636 (Daniel.
1710 1589 1781 1631 10,
1808 1569 1917 1635 13):

179 1658 189 1678 ‘
209 1654 441 1717 Princeps
466 1653 601 1718 regni
628 1656 884 1703 Persarum
909 1652 1083 1702 restitit
1102 1652 1251 1702 mihi)
1322 1655 1470 1704 Vnde
1496 1662 1699 1717 apparet
1724 1655 1916 1702 nullum
1941 1666 2012 1716 29

178 1752 284 1784 esse
303 1737 467 1784 locum
486 1734 564 1783 cui
584 1735 745 1798 angeli
770 1752 872 1782 non
896 1734 1124 1798 praesint.
1199 1738 1437 1784 Praesunt
1457 1734 1589 1784 enim
1616 1744 1664 1784 et
1689 1735 1917 1799 auspiciis

104 1835 153 1864 20
175 1831 378 1878 operum
405 1813 643 1862 omnium.
719 1813 820 1861 Hic
852 1823 924 1862 est
958 1815 1079 1863 ordo
1113 1815 1188 1863 vel
1218 1813 1471 1863 distinctio
1503 1816 1805 1878 angelorum,
1835 1813 1918 1877 qui
1941 1834 2010 1881 30

176 1906 286 1960 post
311 1899 502 1961 lapsum
529 1897 771 1944 malorum
798 1895 847 1944 in
874 1895 1073 1945 caelesti
1106 1896 1271 1960 vigore
1305 1906 1558 1946 steterunt.
1633 1898 1764 1945 Nam
1790 1905 1919 1959 post-

176 1997 325 2045 quam
364 1987 616 2042 apostatae
658 1978 817 2042 angeli
860 1978 1159 2038 ceciderunt,
1200 1977 1251 2025 hi
1289 1977 1652 2042 perseverantia
1689 1987 1919 2027 aeternae

175 2059 494 2111 beatitudinis
530 2059 724 2108 solidati
762 2068 887 2107 sunt.
961 2062 1111 2109 Vnde
1144 2069 1191 2109 et
1225 2069 1337 2125 post
1374 2060 1495 2110 caeli
1534 2060 1837 2110 creationem
1868 2061 1918 2109 in

177 2143 419 2208 principio
467 2141 702 2206 reperitur
745 2140 947 2206 (Genes.
974 2159 1011 2202 1,
1034 2146 1077 2202 6,
1099 2142 1183 2207 8):
1249 2142 1389 2191 ‘Fiat
1437 2144 1819 2204 firmamentum,
1870 2154 1917 2192 et

102 2242 152 2284 25
175 2232 403 2272 vocatum
423 2232 494 2272 est
511 2224 875 2271 firmamentum
892 2222 1114 2270 caelum!
1174 2221 1420 2271 Nimirum
1449 2222 1755 2271 ostendentis
1782 2224 1918 2285 quod
1942 2237 1996 2283 31

175 2312 286 2365 post
323 2301 512 2350 ruinam
546 2303 832 2364 angelorum
867 2301 1109 2348 malorum
1144 2299 1207 2360 hi,
1236 2300 1320 2363 qui
1354 2309 1742 2364 permanserunt,
1773 2302 1917 2350 firmi-

174 2394 325 2433 tatem
359 2393 586 2432 aeternae
616 2380 1004 2446 perseverantiae
1038 2381 1292 2430 consecuti
1326 2392 1453 2442 sunt,
1483 2384 1619 2431 nullo
1653 2382 1917 2448 iamlapsu

233 2529 249 2553 1
282 2515 365 2555 nul.
391 2514 461 2553 alii
481 2526 575 2563 ang.
594 2512 681 2551 ΑΒ
791 2526 814 2550 2
851 2518 1053 2562 quantum
1076 2511 1229 2549 A1BK
1335 2512 1498 2551 vicinus
1521 2511 1557 2551 C
1673 2513 1815 2565 cons.]
1839 2515 1918 2553 sita

174 2577 274 2610 sunt
295 2570 339 2608 K
359 2569 461 2619 (non
480 2569 544 2619 A)
659 2581 682 2616 4
713 2568 915 2606 sedentes
937 2567 982 2604 K
1091 2579 1114 2615 5
1146 2567 1214 2605 dei
1233 2579 1315 2606 ess.
1339 2567 1422 2606 vid.
1444 2566 1490 2605 K
1505 2568 1609 2619 (non
1627 2567 1693 2619 A)
1780 2569 1916 2607 videri

175 2625 216 2662 Β
343 2625 456 2663 valet
476 2622 597 2662 BCK
758 2623 784 2659 6
812 2627 927 2672 teget
955 2621 1041 2660 TCl
1269 2621 1326 2660 ita
1345 2628 1456 2661 sunt.
1480 2653 1488 2662 .
1517 2652 1524 2661 .
1547 2622 1811 2672 singulorum
1831 2636 1913 2663 om.

176 2679 222 2717 K
419 2680 444 2717 8
474 2678 570 2715 dum
600 2677 652 2715 ad
674 2682 702 2717 t.
725 2675 783 2715 K1
975 2690 1002 2726 9
1030 2676 1201 2715 ordines
1232 2675 1352 2714 BCT
1489 2690 1539 2716 10
1567 2679 1688 2716 sedet
1725 2677 1778 2717 T:
1810 2679 1917 2717 sedit

179 2734 214 2771 C
338 2746 385 2782 13
415 2731 629 2783 omnibus]
649 2732 790 2770 omnia
810 2731 846 2770 C
951 2731 1124 2782 propria
1143 2730 1237 2771 dett.
1367 2731 1496 2782 haec]
1518 2738 1560 2770 et
1582 2731 1618 2770 C
1723 2732 1916 2784 nomina]

177 2787 317 2827 omnia
343 2787 380 2825 T
501 2800 547 2835 14
577 2785 709 2837 enim]
731 2786 857 2825 etiam
878 2785 913 2824 C
931 2787 1033 2838 (non
1053 2786 1117 2836 A)
1248 2791 1314 2824 est
1335 2798 1418 2826 om.
1447 2786 1484 2824 T
1619 2789 1667 2824 16
1696 2787 1915 2826 exordium

176 2842 298 2882 BCT
384 2855 428 2891 17
453 2854 529 2891 per
544 2854 627 2881 om.
651 2840 688 2878 T
764 2841 841 2880 dic.
862 2854 957 2890 ang.
974 2840 1136 2892 K<non
1152 2839 1215 2892 A)
1315 2853 1365 2890 19
1385 2840 1450 2879 cui
1465 2853 1551 2879 non
1569 2854 1630 2891 pr.
1647 2840 1724 2881 K¹z
1748 2842 1813 2879 cui
1830 2855 1915 2880 non

177 2909 237 2945 pr.
259 2909 356 2946 ang.
381 2895 440 2933 Κ2
463 2897 565 2946 (non
585 2896 649 2947 A)
763 2901 804 2934 et
825 2896 1020 2946 auspiciis
1041 2893 1082 2932 Β
1091 2893 1145 2934 T:
1178 2899 1222 2932 ut
1242 2895 1460 2945 auspicem
1482 2894 1529 2932 K
1548 2910 1556 2934 :
1586 2902 1628 2934 et
1648 2896 1842 2946 aspicent
1865 2895 1916 2934 Cl

176 2963 229 2988 20
257 2950 491 3002 distinctio]
513 2951 638 2990 dictio
660 2949 707 2987 K
811 2962 863 2988 22
893 2949 1254 3000 perseverantiam
1275 2948 1320 2987 K
1427 2963 1479 2999 23
1507 2950 1698 3001 solidati]
1721 2950 1859 2989 vocati
1890 2950 1927 2988 T

178 3010 220 3042 et
242 3011 337 3054 post
355 3018 442 3046 cae.
463 3017 546 3044 cre.
570 3018 653 3045 om.
684 3005 720 3042 T
824 3018 876 3054 24
903 3005 1035 3054 princ.
1059 3035 1068 3044 .
1092 3034 1102 3045 .
1127 3034 1137 3044 .
1163 3004 1267 3044 firm.
1294 3010 1334 3044 et
1355 3017 1436 3043 om.
1454 3004 1509 3041 Β1
1623 3006 1830 3053 repetitur
1847 3005 1925 3044 CT

178 3070 229 3108 25
258 3061 536 3099 ostendentes
555 3059 665 3100 codd.
797 3061 849 3098 26
877 3060 1079 3099 malorum
1100 3073 1182 3099 om.
1206 3058 1252 3096 K
1358 3065 1652 3099 remanserunt
1681 3057 1718 3097 T
