2176 3424
437 157 1062 207 ETYMOLOGIARVM
1104 161 1232 209 LIB.
1273 162 1412 210 XIV.
1450 181 1478 210 v

87 282 155 332 ibi
179 283 515 346 reperiuntur3
553 285 924 335 cinnamomum
951 287 1018 337 ibi
1045 288 1299 352 colligitur.
1358 291 1501 340 Duae
1525 299 1638 340 sunt
1662 301 1827 342 autem
1858 291 1918 340 16

85 365 406 430 Aethiopiae:
462 384 560 416 una
599 367 727 417 circa
769 378 929 418 ortum
972 370 1101 432 solis,
1145 373 1296 421 altera
1336 371 1464 421 circa
1502 389 1734 423 occasum
1777 375 1827 424 in

85 448 405 498 Mauretania.
478 452 626 498 Extra
658 459 754 499 tres
786 460 951 500 autem
987 462 1147 516 partes
1181 453 1312 502 orbis
1342 463 1514 519 quarta
1549 473 1659 519 pars
1696 466 1827 507 trans
1855 470 1910 519 17

83 529 350 579 Oceanum*
379 531 577 580 interior
614 541 687 580 est
721 532 771 580 in
803 533 1020 594 meridie,
1054 552 1182 599 quae
1218 535 1332 584 solis
1369 538 1543 586 ardore
1580 537 1829 602 incognita

35 638 57 677 5
81 612 225 661 nobis
260 622 332 661 est
349 632 362 674 3
399 613 448 661 in
479 613 617 662 cuius
649 614 828 663 finibus
856 616 1132 679 Antipodes
1165 618 1388 667 fabulose
1421 618 1695 669 inhabitare
1725 638 1830 684 pro-

82 695 277 742 duntur.
366 695 592 744 Proxima
638 706 803 745 autem
849 699 1123 761 Hispaniae
1167 701 1476 750 Mauretania
1518 712 1603 762 est,
1645 703 1828 755 deinde

83 775 331 835 Numidia,
369 775 484 825 inde
521 777 653 840 regio
683 779 1096 843 carthaginensis,
1134 792 1245 845 post
1277 799 1403 846 quae
1436 785 1717 834 Gaetuliam
1754 803 1829 835 ac-

81 855 303 919 cipimus,
331 866 439 920 post
465 875 573 906 eam
593 859 927 923 Aethiopiam,
950 861 1065 911 inde
1091 865 1199 912 loca
1224 874 1393 912 exusta
1418 866 1533 914 solis
1554 867 1823 917 ardoribus.

80 937 348 987 Sciendum
381 956 498 988 sane
524 943 660 1003 quod
687 943 932 1004 quaedam
966 943 1248 1006 provinciae
1283 945 1496 1009 primum
1530 949 1593 996 de
1627 949 1829 999 nomine
1855 948 1910 995 18

0 1044 56 1072 110
79 1020 289 1068 auctoris
322 1023 596 1085 appellatae
630 1033 743 1072 sunt
760 1042 773 1084 3
810 1033 984 1087 postea
1008 1043 1037 1074 a
1061 1026 1313 1089 provincia
1345 1028 1503 1091 gentis
1538 1046 1723 1079 nomen
1754 1041 1827 1080 est

79 1101 275 1150 factum.
350 1104 480 1151 Nam
513 1104 577 1152 ab
605 1105 731 1153 Italo
759 1105 915 1166 Italia,
944 1115 992 1155 et
1017 1124 1179 1156 rursus
1203 1109 1267 1157 ab
1295 1109 1437 1158 Italia
1464 1111 1649 1172 Italus;
1686 1121 1734 1161 et
1757 1113 1826 1164 sic

78 1181 260 1231 utimur
283 1183 388 1247 ipsa
411 1184 615 1234 nomina
638 1186 808 1249 gentis,
832 1190 1088 1250 quomodo
1107 1189 1196 1239 fuit
1215 1190 1361 1255 ipsud
1386 1207 1570 1242 nomen
1595 1193 1823 1253 auctoriS,

79 1266 212 1314 unde
236 1265 507 1315 derivatum
538 1275 611 1316 est
636 1285 821 1318 nomen
845 1270 1139 1334 provinciae.
1215 1275 1291 1321 Ex
1315 1290 1416 1336 quo
1440 1275 1619 1325 accidit
1639 1293 1698 1325 ex
1722 1293 1823 1325 uno

78 1347 279 1396 nomine
296 1348 538 1397 nominari
553 1358 601 1399 et
617 1350 863 1400 civitatem
881 1361 929 1400 et
945 1353 1194 1416 regionem
1210 1364 1258 1404 et
1273 1366 1486 1419 gentem.
1536 1358 1823 1408 Provinciae
1846 1373 1908 1419 19

0 1452 22 1480 ιε
32 1451 53 1492 5
77 1437 242 1478 autem
276 1447 334 1479 ex
366 1447 514 1481 causa
546 1433 844 1482 vocabulum
876 1446 1188 1498 acceperunt.
1262 1438 1570 1503 Principatus
1607 1458 1823 1506 namque

76 1511 310 1574 gentium,
333 1514 417 1577 qui
436 1516 500 1564 ad
519 1532 655 1578 reges
680 1515 801 1565 alios
826 1516 1116 1580 pertinebat,
1140 1535 1254 1567 cum
1274 1519 1323 1568 in
1344 1520 1418 1570 ius
1445 1538 1588 1571 suum
1611 1525 1826 1573 Romani

77 1593 322 1644 vincendo
352 1596 642 1660 redigerent,
671 1600 843 1661 procul
877 1599 1060 1662 positas
1092 1600 1315 1664 regiones
1351 1603 1627 1666 provincias
1663 1609 1828 1670 appel-

76 1678 310 1726 laverunt.
364 1677 524 1727 Patria
547 1689 713 1728 autem
733 1689 907 1730 vocata
926 1683 1062 1745 quod
1087 1683 1366 1733 communis
1392 1687 1452 1733 sit
1478 1687 1716 1749 omnium,
1739 1689 1823 1752 qui

78 1757 128 1806 in
144 1775 202 1806 ea
221 1760 321 1807 nati
338 1769 464 1808 sunt.
509 1762 660 1809 Terra
675 1770 839 1811 autem
858 1762 1133 1826 significari,
1151 1773 1204 1813 ut
1219 1766 1550 1828 praediximus
1567 1768 1665 1833 (13,
1688 1787 1730 1833 3,
1757 1771 1818 1835 1),
1847 1783 1914 1818 20

0 1860 55 1888 ‚120
77 1839 376 1889 elementum
398 1861 407 1890 :
434 1851 582 1891 terras
598 1859 712 1892 vero
729 1843 942 1907 singulas
962 1854 1137 1908 partes,
1157 1856 1210 1895 ut
1224 1847 1402 1909 Africa,
1423 1850 1579 1899 Italia.
1628 1853 1818 1901 Eadem

76 1929 123 1969 et
149 1922 287 1983 loca,
323 1939 438 1971 nam
463 1926 571 1973 loca
591 1934 639 1974 et
658 1934 811 1974 terrae
838 1926 992 1990 spatia
1013 1926 1062 1975 in
1082 1928 1202 1977 orbe
1227 1939 1461 1979 terrarum
1488 1934 1666 1982 multas
1691 1934 1742 1982 in
1768 1952 1819 1984 se

74 2003 329 2053 continent
354 2005 642 2068 provincias,
670 2009 795 2056 sicut
820 2008 870 2056 in
895 2025 1100 2072 corpore
1124 2012 1262 2060 locus
1293 2021 1366 2061 est
1390 2030 1500 2076 pars
1525 2031 1636 2075 una,
1666 2019 1819 2066 multa

74 2084 124 2132 in
158 2102 209 2134 se
239 2088 496 2136 continens
529 2089 751 2138 membra
769 2108 782 2150 ;
818 2090 942 2139 sicut
976 2100 1023 2139 et
1056 2093 1250 2153 domus,
1279 2096 1432 2143 multa
1461 2095 1512 2144 in
1541 2113 1593 2146 se
1627 2099 1816 2148 habens

74 2167 330 2219 cubicula:
368 2169 436 2218 sic
469 2178 621 2220 terrae
655 2180 702 2220 et
731 2173 840 2220 loca
868 2172 1099 2221 dicuntur
1133 2182 1367 2224 terrarum
1405 2178 1575 2240 spatia,
1603 2197 1814 2243 quorum

0 2266 52 2308 *35
75 2258 233 2313 partes
260 2260 372 2300 sunt
396 2251 676 2314 provinciae
694 2272 706 2313 3
743 2253 868 2302 sicut
893 2255 942 2302 in
967 2256 1088 2304 Asia
1112 2257 1332 2320 Phrygia,
1362 2258 1411 2307 in
1438 2261 1598 2310 Gallia
1623 2263 1811 2324 Raetia,

74 2330 123 2379 in
167 2332 411 2395 Hispania
451 2334 660 2383 Baetica.
735 2338 866 2384 Nam
909 2336 1029 2385 Asia
1070 2339 1207 2387 locus
1250 2349 1335 2400 est,
1377 2341 1629 2404 provincia
1667 2345 1815 2394 Asiae
1841 2360 1896 2395 21

74 2414 294 2478 Phrygia,
321 2414 469 2463 Troia
502 2416 634 2479 regio
660 2417 910 2481 Phrygiae,
942 2418 1088 2467 Ilium
1123 2420 1291 2470 civitas
1317 2423 1508 2473 Troiae.
1584 2427 1712 2475 Item
1749 2444 1818 2476 re-

71 2494 240 2559 giones
265 2504 425 2559 partes
459 2506 572 2546 sunt
601 2498 976 2562 provinciarum,
1004 2517 1126 2564 quas
1153 2504 1324 2566 vulgus
1358 2515 1631 2556 conventus
1656 2518 1812 2569 vocat,

127 2641 151 2676 4
181 2628 426 2667 interiorem
466 2629 510 2667 in
551 2629 591 2668 Β
818 2631 911 2673 nob.
952 2633 1091 2683 incog.
1122 2634 1170 2673 K
1385 2650 1410 2687 5
1439 2639 1662 2689 antipodas
1700 2640 1812 2680 codd.

73 2683 136 2721 vel
162 2682 377 2722 fabulosae
489 2684 659 2724 fabosae
691 2692 776 2725 ant.
818 2687 1009 2726 habitare
1041 2690 1238 2729 dicuntur
1266 2691 1311 2730 K
1464 2695 1491 2732 6
1519 2695 1713 2744 proximo
1738 2694 1817 2734 CK

73 2738 221 2787 spania
248 2736 286 2774 T
414 2738 440 2776 8
469 2745 568 2789 post
587 2739 702 2791 eam]
723 2746 872 2791 postea
895 2741 929 2780 C
1035 2749 1128 2782 usta
1149 2744 1196 2782 K
1349 2759 1399 2785 10
1425 2760 1523 2798 app.
1544 2755 1641 2788 sunt
1661 2763 1743 2790 om.
1767 2751 1814 2789 K

74 2791 175 2841 (vid.
214 2791 334 2842 infr.)
504 2805 549 2831 11
585 2793 734 2847 Italus]
770 2796 881 2835 italis
912 2796 1000 2836 B1:
1030 2797 1115 2837 itali
1147 2799 1193 2837 K
1359 2813 1408 2840 12
1438 2803 1529 2852 ipso
1561 2805 1732 2843 nomine
1769 2805 1815 2843 K

78 2857 126 2895 13
155 2847 252 2885 inde
273 2847 313 2884 Β
422 2860 490 2886 un.
515 2848 604 2888 der.
627 2849 712 2901 est]
733 2851 970 2900 appellatae
993 2859 1091 2892 sunt
1111 2853 1158 2891 K
1268 2867 1314 2902 14
1342 2856 1514 2897 homine
1535 2857 1640 2897 BC:
1661 2873 1744 2899 om.
1767 2860 1814 2898 K

79 2913 125 2949 17
156 2899 376 2952 regiones]
398 2902 590 2942 nationes
611 2903 657 2941 K
784 2907 832 2945 18
861 2907 960 2956 quia
981 2907 1023 2945 Β
1133 2921 1356 2950 commune
1378 2911 1424 2949 K
1554 2925 1604 2962 19
1632 2913 1808 2953 Terram

77 2954 154 2994 CT
284 2968 333 2994 21
365 2956 406 2994 in
427 2968 474 2996 se
493 2970 578 2998 om.
602 2957 647 2995 K
780 2973 831 2999 22
860 2962 1047 3000 continet
1069 2962 1104 3001 C
1211 2964 1362 3004 multas
1384 2966 1423 3004 in
1445 2966 1488 3004 K
1626 2980 1679 3016 23
1708 2982 1809 3007 con—

75 3010 210 3048 tinent
231 3009 269 3048 T
392 3023 443 3060 24
473 3017 585 3051 terra
606 3018 648 3052 et
668 3012 694 3051 l.
719 3013 754 3052 C
769 3027 778 3052 :
807 3019 943 3054 terras
964 3023 1006 3055 et
1026 3017 1052 3057 l.
1076 3017 1123 3055 K
1139 3031 1148 3056 ε
1178 3018 1204 3058 l.
1229 3025 1271 3058 et
1290 3025 1404 3059 terra
1425 3020 1466 3058 Β
1577 3035 1749 3072 quarum
1766 3023 1812 3062 K

73 3065 196 3156 ῗςίἶτ]
217 3077 374 3158 eggopa
394 3064 717 3160 galliae-iugalia
737 3069 845 3162 regtia
868 3069 917 3108 C¹
954 3130 970 3164 t
991 3125 1036 3163 K
1062 3072 1188 3124 Rae.]
1211 3074 1346 3123 gretia
1365 3075 1405 3113 Β
1587 3078 1641 3115 26
1670 3078 1807 3117 betica

203 3133 212 3157 :
296 3132 319 3157 e
339 3131 378 3158 la
395 3133 445 3158 ex
462 3133 506 3158 re
528 3134 566 3160 ia
737 3135 761 3160 2
818 3137 950 3163 vocan
