2176 3424
1067 134 1340 182 ISIDORI

248 280 303 327 14
331 263 691 326 Imperatorum
709 268 876 309 autem
897 276 1083 308 nomen
1102 261 1235 323 apud
1265 262 1520 308 Romanos
1540 276 1710 309 eorum
1736 268 1927 309 tantum
1947 258 2080 325 prius

329 341 418 392 fuit
443 343 577 406 apud
603 357 728 404 quos
762 356 957 389 summa
981 340 1050 390 rei
1080 339 1300 390 militaris
1327 342 1630 401 consisteret,
1659 349 1707 390 et
1737 342 1851 390 ideo
1877 341 2081 406 impera-

329 433 458 472 tores
484 422 605 472 dicti
629 423 693 472 ab
718 422 1011 486 imperando
1046 421 1307 472 exercitui:
1347 424 1436 472 sed
1469 424 1588 472 dum
1625 422 1710 472 diu
1746 425 1899 473 duces
1928 423 2080 472 titulis

329 504 653 569 imperatoriis
690 506 1021 568 fungerentur,
1056 513 1255 554 senatus
1296 504 1487 554 censuit
1525 513 1580 554 ut
1616 505 1826 569 Augusti
1860 505 2082 556 Caesaris

329 590 425 637 hoc
451 597 643 636 tantum
669 603 854 636 nomen
881 596 1023 646 esset,
1052 603 1213 650 eoque
1243 586 1282 635 is
1316 586 1696 650 distingueretur
1719 604 1749 635 a
1773 589 1946 636 ceteris
1971 604 2083 650 gen·
2103 606 2124 646 5

329 671 451 719 tium
468 668 663 732 regibus
674 687 686 729 3
705 670 842 732 quod
860 677 906 717 et
923 678 1186 732 sequentes
1203 668 1439 720 Caesares
1457 670 1694 718 hactenus
1710 678 2080 733 usurpaverunt.

253 757 306 806 15
330 754 464 802 Solet
490 750 623 800 enim
650 749 754 799 fieri
779 759 832 799 ut
859 749 1001 814 primi
1035 750 1159 814 regis
1193 767 1378 799 nomen
1406 749 1553 799 etiarn
1580 749 1753 814 reliqui
1778 749 2078 814 possideant,

330 830 456 880 sicut
480 833 614 895 apud
639 831 864 881 Albanos
900 849 958 881 ex
992 831 1125 880 Silvii
1154 831 1359 881 nomine
1393 849 1567 881 omnes
1601 849 1737 895 reges
1771 832 2081 882 Albanorum

331 912 483 963 Silviii
530 913 763 977 appellati
811 923 926 962 sunt
943 931 957 974 3
1012 913 1139 962 sicut
1186 915 1321 977 apud
1370 916 1542 962 Persas
1591 913 1859 963 Arsacidae
1881 934 1889 963 :
1948 915 2082 978 apud

249 999 305 1045 16
331 995 601 1059 Aegyptios
624 995 870 1044 Ptolomei
887 1013 901 1056 3
936 997 1071 1059 apud
1091 996 1424 1044 Athenienses
1445 995 1767 1058 Cecropidae.
1829 997 2082 1060 Augustus
2107 1014 2156 1044 ιο

329 1077 444 1126 ideo
468 1079 602 1141 apud
630 1081 888 1126 Romanos
913 1094 1098 1126 nomen
1124 1076 1315 1141 imperii
1341 1086 1428 1137 est,
1457 1093 1517 1125 eo
1550 1078 1685 1140 quod
1711 1076 1829 1126 olim
1849 1087 2083 1141 augerent

330 1159 688 1223 rempublicam
737 1159 1104 1224 amplificando.
1179 1161 1331 1222 Quod
1379 1176 1564 1208 nomen
1612 1157 1836 1222 primitus
1885 1168 2082 1208 senatus

333 1241 543 1292 Octavio
569 1241 767 1292 Caesari
793 1240 1008 1299 tradidit,
1038 1251 1090 1290 ut
1116 1240 1231 1305 quia
1255 1250 1454 1290 auxerat
1480 1249 1643 1299 terras,
1667 1239 1775 1305 ipso
1804 1239 2007 1289 nomine
2033 1249 2081 1289 et

256 1331 308 1380 17
331 1323 474 1373 titulo
500 1332 879 1372 consecraretur.
949 1325 1085 1372 Dum
1105 1331 1269 1372 autern
1291 1322 1423 1372 idem
1451 1320 1752 1373 Octavianus
1778 1321 1875 1370 iarn
1902 1324 2084 1372 Caesar

333 1414 380 1454 et
406 1404 671 1469 imperator
695 1407 1032 1469 appellaretur,
1056 1406 1132 1454 vel
1158 1407 1425 1468 Augustus,
1453 1413 1626 1468 postea
1650 1420 1766 1453 vero
1791 1404 1912 1453 dum
1938 1405 2082 1453 ludos
2108 1421 2154 1462 15

332 1496 589 1550 spectaret,
622 1495 670 1536 et
706 1488 1079 1550 pronuntiatum
1111 1496 1239 1535 esset
1272 1486 1341 1535 illi
1376 1504 1406 1535 a
1437 1488 1624 1550 populo
1658 1494 1711 1534 ut
1747 1494 2000 1534 vocaretur
2037 1495 2085 1534 et

335 1568 595 1629 Dominus,
625 1568 791 1617 statim
825 1586 975 1618 manu
1005 1571 1243 1633 vultuque
1278 1585 1449 1617 averso
1483 1569 1740 1617 indecoras
1773 1566 2082 1616 adulationes

331 1650 558 1714 repressit
584 1660 632 1700 et
660 1651 865 1700 Domini
890 1652 1275 1715 appellationem
1296 1660 1349 1699 ut
1363 1652 1516 1699 homo
1536 1648 1813 1708 declinavit,
1841 1659 1990 1712 atque
2015 1648 2083 1698 in-

332 1733 559 1796 sequenti
580 1734 659 1782 die
677 1750 877 1782 omnem
898 1735 1138 1797 populum
1155 1733 1442 1796 gravissimo
1459 1733 1623 1781 edicto
1643 1730 1888 1794 corripuit,
1914 1732 2082 1779 Domi-

332 1832 554 1878 numque
580 1831 631 1864 se
657 1824 769 1878 post
788 1817 910 1864 haec
935 1815 1170 1879 appellari
1189 1832 1252 1863 ne
1271 1814 1481 1863 aliberis
1508 1813 1710 1877 quidem
1731 1812 1830 1861 suis
1846 1812 2079 1877 permisit.
2109 1832 2158 1861 20

335 1896 446 1946 Fuit
465 1905 632 1945 autem
654 1896 780 1945 filius
803 1894 1039 1963 A[c]tiae‚
1060 1913 1188 1960 quae
1213 1905 1327 1945 nata
1346 1905 1419 1945 est
1439 1897 1502 1944 de
1522 1912 1686 1944 sorore
1708 1893 1819 1943 Iulii
1842 1893 2080 1944 Caesaris.

257 1984 309 2030 18
336 1981 498 2042 Reges
523 1987 689 2027 autem
716 1978 782 2026 ob
807 1979 935 2027 hanc
961 1995 1161 2026 causam
1186 1979 1319 2040 apud
1347 1979 1564 2026 Graecos
1583 1979 1806 2040 βασιλεῖς
1829 1986 2080 2036 vocantur,

333 2062 469 2123 quod
500 2070 753 2123 tamquam
784 2060 928 2108 bases
962 2061 1201 2123 populum
1236 2058 1493 2108 sustinent.
1565 2059 1713 2108 Vnde
1750 2066 1798 2108 et
1828 2058 1969 2107 bases
2006 2075 2082 2107 co-

333 2159 478 2191 ronas
503 2142 703 2191 habent.
779 2142 983 2201 Quanto
1009 2142 1141 2190 enim
1170 2140 1380 2204 quisque
1406 2139 1560 2203 magis
1586 2139 1916 2204 praeponitur,
1944 2148 2083 2189 tanto

250 2247 309 2293 19
333 2223 543 2288 amplius
581 2224 802 2287 pondere
838 2223 1065 2272 laborum
1101 2231 1338 2286 gravatur.
1434 2220 1653 2284 Tyranni
1690 2222 1879 2271 Graece
1915 2221 2083 2271 dicun·
2106 2245 2155 2287 ²5

333 2315 422 2354 tur.
499 2307 642 2354 Idem
669 2304 844 2354 Latine
870 2314 918 2354 et
945 2321 1095 2367 reges.
1169 2306 1300 2353 Nam
1325 2304 1459 2367 apud
1484 2311 1671 2352 veteres
1695 2302 1822 2352 inter
1846 2319 2008 2366 regem
2035 2312 2084 2352 et

332 2396 594 2450 tyrannum
619 2388 756 2435 nulla
781 2386 1011 2435 discretio
1038 2395 1152 2446 erat,
1182 2394 1235 2434 ut
1261 2385 1415 2448 (Virg.
1438 2387 1563 2433 Aen.
1587 2399 1626 2446 7,
1653 2385 1769 2450 266>
1790 2405 1799 2434 :

537 2470 654 2516 Pars
691 2467 812 2516 mihi
849 2467 982 2531 pacis
1015 2467 1105 2517 erit
1141 2469 1362 2516 dextram
1399 2465 1616 2529 tetigisse
1651 2466 1856 2529 tyranni.

394 2610 410 2637 1
444 2597 751 2648 Imperatorem
775 2597 825 2636 Cl
982 2604 1122 2638 autem
1143 2610 1226 2638 om.
1250 2596 1297 2635 K
1456 2609 1480 2633 2
1511 2609 1575 2646 ap.
1600 2597 1712 2645 quod
1737 2596 1786 2636 C1
1949 2610 2017 2637 res
2037 2598 2079 2637 A

335 2665 359 2702 3
390 2665 530 2692 exerc.
551 2666 716 2691 summa
738 2653 800 2690 rei
822 2652 1015 2692 militaris
1037 2654 1112 2692 sed
1134 2651 1181 2690 K
1198 2653 1299 2703 (non
1319 2651 1385 2700 A)
1595 2651 1665 2689 diu
1687 2651 1834 2703 duces]
1859 2652 2020 2691 iudices
2041 2650 2088 2691 K

334 2721 434 2802 {leo
455 2706 702 2800 quogiKeffa
760 2707 967 2801 {gilgaKt
987 2707 1036 2747 K
1067 2709 1147 2800 128
1166 2707 1453 2800 i‘ilrilrrllizslgssrn
1479 2704 1783 2799 31·)0{2{ss1vuiign{
1795 2706 2086 2813 kesslllioggglbci'

335 2776 524 2857 auserat9
524 2816 571 2855 K
574 2816 612 2856 T
627 2831 636 2856 z
667 2775 931 2855 a1i>s⁰erant⁰B
1069 2819 1120 2856 16
1135 2775 1398 2867 {expectaret
1419 2773 1536 2854 codd?
1553 2815 1693 2862 (etiam
1712 2814 1775 2865 A)
1888 2815 1946 2854 illi
1966 2821 2082 2855 esset

335 2872 382 2912 K
397 2873 501 2925 (non
520 2871 583 2922 A)
751 2871 1093 2920 praenuntiatum
1116 2870 1157 2910 Β
1322 2871 1372 2908 18
1395 2868 1520 2921 app.]
1540 2868 1807 2908 vocationem
1829 2868 1876 2907 K
1893 2869 1994 2921 (non
2014 2870 2080 2922 A)

338 2940 387 2977 19
417 2926 576 2979 edicto]
597 2926 711 2966 dictu
729 2926 794 2966 B:
827 2926 941 2966 dicto
964 2926 1000 2966 C
1134 2939 1188 2965 20
1214 2924 1418 2976 appellari
1441 2925 1508 2976 (ex
1525 2922 1591 2972 -ti)
1606 2927 1704 2974 post
1720 2923 1809 2963 suis
1829 2923 1876 2962 K
1890 2925 1994 2976 (non
2014 2925 2078 2976 A)

334 2981 624 3032 praemisitBl
736 2993 784 3019 21
808 2980 943 3021 actiae
964 2979 1189 3033 (-ie)'codd.
1303 2992 1355 3030 23
1375 2990 1458 3029 cor.
1479 2977 1636 3016 habent
1654 2977 1778 3017 BCK
1790 2991 1800 3017 z
1819 2980 2081 3018 coronabant
2158 2977 2176 3013 »ἐ

342 3036 380 3076 T
483 3050 536 3086 24
557 3034 746 3088 quisquis
767 3034 814 3074 K
918 3048 968 3085 25
990 3035 1174 3086 prodere
1196 3035 1246 3074 Ο
1372 3034 1426 3072 26
1455 3031 1585 3084 inter]
1607 3033 1719 3071 enim
1739 3031 1786 3071 K
1891 3035 1944 3074 28
1964 3034 2080 3084 pacis

334 3103 419 3131 om.
440 3091 496 3131 Β1
610 3096 700 3130 erat
722 3089 761 3129 Β
2131 3107 2176 3424 Ι
