2176 3424
598 37 639 79 ‘(

1075 116 1347 164 ISIDORI

343 260 569 292 mensura
602 253 674 292 est
704 246 837 306 apud
863 244 1132 307 Aegyptios
1164 244 1480 293 sextariorum
1512 247 1820 308 septuaginta
1853 249 2083 305 duorum,

342 326 602 390 conposita
639 344 697 374 ex
734 343 940 375 numero
976 335 1174 389 propter
1211 326 1520 390 septuaginta
1556 336 1603 376 et
1640 328 1763 376 duas
1801 337 1970 391 gentes
2011 331 2085 378 vel

268 419 318 469 17
343 410 532 471 linguas
558 425 685 471 quae
701 409 872 457 orbem
890 410 1212 471 inpleverunt.
1287 410 1477 458 Gomor
1494 408 1779 472 quindecim
1802 410 2086 460 modiorum

343 508 468 539 onus
510 492 775 553 adpendet.
850 492 1007 540 Corus
1050 489 1245 553 triginta
1281 489 1558 539 modiorum
1596 508 1824 540 mensura
1860 491 2084 556 inpletur.

346 571 445 620 Hic
462 589 520 621 ex
538 571 790 621 Hebraico
807 587 1034 621 sermone
1054 570 1326 632 descendit,
1346 571 1429 635 qui
1447 581 1649 621 vocatur
1672 575 1795 621 ‘cor'
1821 590 1850 621 a
1869 573 2087 622 similitu·
2112 595 2133 635 5

340 652 456 703 dine
474 653 632 703 collis:
664 656 848 702 ‘corea'
867 652 999 702 enim
1011 652 1262 702 Hebraice
1281 655 1431 702 colles
1449 655 1768 717 appellantur.
1799 655 2086 705 Coacervati

338 738 471 785 enim
489 736 642 785 modii
662 735 857 799 triginta
872 735 1022 784 instar
1042 735 1180 784 collis
1196 734 1436 796 videntur,
1452 745 1499 785 et
1516 753 1641 785 onus
1658 735 1833 785 cameli
1853 737 2082 786 efficiunt.

144 822 310 861 XXVII
475 822 557 867 DE
594 833 777 867 sloN1s.
852 816 1092 867 Ponderis
1119 819 1255 880 signa
1279 817 1525 881 plerisque
1550 817 1716 882 ignota
1742 828 1868 878 sunt,
1896 829 1944 868 et
1970 821 2084 869 inde

337 917 547 949 errorem
597 899 873 963 legentibus
922 900 1119 947 faciunt.
1219 901 1532 963 Quapropter
1586 902 1766 949 formas
1816 917 1986 949 eorum
2037 911 2086 949 et

282 988 312 1023 2
335 984 653 1043 characteres,
682 991 735 1030 ut
759 999 788 1030 a
817 980 1064 1030 veteribus
1099 983 1288 1045 signata
1317 990 1444 1041 sunt,
1473 981 1787 1030 subiciamus.
1862 985 1899 1030 Z
1925 982 2085 1031 littera
2111 1003 2160 1032 10

335 1065 575 1127 significat
620 1063 883 1113 dimidium
922 1063 1140 1111 obolum.
1210 1087 1260 1099 —
1295 1062 1495 1127 Virgula
1530 1063 1797 1126 aequaliter
1834 1062 1997 1112 iacens
2035 1075 2083 1114 et

334 1155 555 1209 porrecta
599 1145 884 1209 simpliciter
925 1144 1166 1208 significat
1206 1145 1425 1194 obolum.
1513 1150 1563 1203 Σ
1597 1145 1861 1194 Geminata
1898 1145 2082 1210 virgula

333 1229 433 1277 duo
454 1228 590 1277 oboli
611 1237 738 1276 sunt.
812 1229 856 1275 T
887 1225 1116 1275 Latinum
1139 1226 1380 1289 significat
1402 1227 1579 1276 obolos
1600 1236 1710 1275 tres.
1784 1229 1823 1275 F
1851 1227 2080 1276 Latinum

333 1309 574 1373 significat
594 1310 770 1359 obolos
789 1318 1032 1373 quattuor.
1110 1310 1151 1356 E
1180 1308 1411 1357 Latinum
1430 1311 1733 1358 demonstrat
1751 1309 1927 1358 obolos
1943 1311 2085 1372 quin—

277 1405 307 1451 3
332 1409 441 1455 que.
518 1391 669 1442 Oboli
706 1408 821 1440 vero
860 1408 941 1440 sex
979 1399 1238 1453 propterea
1274 1392 1604 1440 characterem
1642 1407 1743 1439 non
1781 1391 1980 1450 habent,
2021 1409 2080 1440 eo
2110 1413 2154 1453 ¹5

330 1475 466 1536 quod
493 1473 541 1522 in
570 1491 668 1522 una
703 1474 904 1537 dragma
942 1490 1023 1521 sex
1055 1474 1267 1532 veniant,
1297 1475 1433 1536 quod
1467 1483 1541 1522 est
1570 1474 1766 1536 pondus
1800 1472 1986 1522 denarii
2012 1491 2079 1521 ar-

326 1555 476 1618 genti.
568 1561 612 1603 H
640 1557 735 1604 Eta
769 1554 928 1603 littera
958 1553 1198 1617 significat
1230 1554 1429 1618 siliquas
1460 1564 1587 1615 octo,
1616 1556 1665 1603 id
1691 1563 1764 1603 est
1790 1554 2076 1604 tremissem.

329 1639 375 1686 N
417 1637 649 1686 Latinum
676 1636 918 1700 significat
954 1635 1199 1684 nomisma
1228 1638 1489 1696 Graecum,
1518 1636 1568 1686 id
1604 1646 1678 1685 est
1712 1637 1944 1685 solidum.
1995 1643 2072 1686 IB.

270 1730 302 1776 4
330 1722 440 1768 Iota
465 1718 700 1769 adiuncta
728 1721 849 1767 Beta
881 1717 1122 1781 significat
1153 1716 1416 1767 dimidium
1452 1718 1682 1768 solidum.
1765 1730 1808 1768 <
1846 1718 2076 1782 Virgulae

328 1802 456 1850 duae
482 1817 539 1850 ex
566 1817 667 1849 uno
698 1802 879 1863 angulo
910 1817 938 1847 a
968 1801 1105 1847 laeva
1135 1798 1184 1846 in
1217 1801 1469 1848 dexteram
1500 1817 1552 1848 se
1589 1799 1865 1849 dividentes
1899 1800 2076 1864 signifi·
2102 1822 2153 1850 20

327 1892 442 1931 cant
467 1885 737 1946 dragmam,
766 1898 913 1944 quam
943 1880 1090 1929 etiam
1117 1882 1261 1929 olcen
1286 1884 1550 1945 appellant.
1625 1884 1671 1930 N
1678 1888 1728 1929 Γ.
1768 1884 1815 1930 Ν
1843 1882 2074 1931 Latinum

325 1963 562 2013 adiuncto
597 1965 811 2013 Gamma
847 1964 1040 2013 Graeco
1074 1961 1314 2025 significat
1346 1963 1683 2012 semiunciam.
1758 1966 1835 2012 ΓΟ.
1865 1965 2077 2013 Gamma

325 2055 490 2095 autem
519 2049 738 2096 Graecae
775 2046 963 2095 litterae
990 2046 1035 2094 O
1065 2045 1295 2094 Latinum
1322 2046 1373 2093 in
1399 2047 1497 2095 fine
1521 2045 1811 2095 adiunctum
1837 2046 2076 2109 significat

326 2127 537 2176 unciam.
623 2137 688 2195 ‘1¹-
718 2128 891 2176 Labda
909 2129 1154 2176 Graecum
1181 2144 1267 2190 per
1292 2127 1512 2176 medium
1539 2127 1613 2176 sui
1640 2129 1662 2175 Ι
1692 2127 1921 2176 Latinum
1948 2127 2077 2177 adie-

271 2218 300 2265 5
323 2218 456 2256 ctum
485 2209 725 2273 significat
751 2209 940 2257 libram.
1018 2216 1102 2259 KV.
1133 2212 1314 2272 Kappa
1335 2211 1581 2258 Graecum
1602 2208 1731 2257 circa
1751 2210 1900 2258 finem
1921 2226 2072 2257 cornu
2099 2226 2147 2266 25

321 2290 558 2339 adiuncto
594 2294 639 2338 V
667 2290 899 2339 Latinum
932 2290 1173 2353 significat
1210 2300 1422 2354 cyatum.
1500 2291 1613 2340 ΚΟ.
1642 2290 1690 2340 Si
1728 2307 1843 2338 vero
1869 2292 1914 2340 O
1943 2290 2073 2339 Lati-

380 2433 397 2458 1
431 2421 708 2460 sestariorum
732 2419 773 2456 Β
884 2433 908 2458 2
940 2421 1185 2470 conpositus
1206 2434 1259 2459 ex
1283 2432 1483 2458 numerus
1510 2419 1547 2457 T
1653 2434 1687 2469 ¹4
1719 2433 1828 2459 unus
1847 2419 1888 2457 Β
1997 2434 2070 2471 ap-

322 2476 472 2525 pendit
491 2474 538 2512 K
757 2475 910 2514 modiis
932 2475 1175 2525 adinpletur
1196 2479 1301 2525 (om.
1322 2475 1479 2526 mens.)
1509 2473 1548 2511 T
1771 2487 2008 2514 mensuram
2029 2475 2071 2513 Β

324 2530 545 2580 conpletur
564 2529 609 2567 K
762 2542 786 2579 5
818 2530 910 2581 cor]
932 2543 1030 2568 cora
1051 2530 1143 2570 dett.
1297 2532 1322 2568 6
1351 2530 1467 2568 coria
1495 2528 1548 2568 T:
1581 2542 1682 2568 cora
1703 2528 1814 2569 dett.:
1842 2542 1898 2567 an
1919 2532 2070 2569 corae'.²

324 2585 564 2635 appellatur
582 2585 622 2622 B
741 2597 761 2633 7
794 2585 906 2623 modi
934 2585 971 2623 T
1086 2599 1113 2635 9
1144 2597 1287 2623 errare
1307 2583 1353 2621 K
1472 2595 1520 2621 10
1547 2584 1799 2622 subiciamus
1819 2583 1908 2621 ΒΚ
1922 2599 1930 2622 :
1960 2583 2069 2622 subi-

324 2641 455 2678 cimus
482 2638 520 2677 T
573 2651 620 2676 12
650 2641 818 2688 gemina
839 2638 885 2676 K
960 2652 1008 2689 15
1039 2653 1089 2678 eo
1110 2639 1245 2690 quod]
1266 2639 1407 2688 equod
1427 2637 1469 2675 B
1539 2641 1588 2676 16
1616 2638 1792 2677 veniunt
1811 2638 1852 2676 Β
1912 2651 1957 2688 17
1990 2638 2067 2677 Eta

324 2707 407 2734 om.
427 2694 474 2733 K
566 2693 752 2742 seliquas
776 2692 866 2731 ΚΤ
983 2707 1031 2733 21
1065 2695 1191 2734 olhen
1219 2693 1256 2732 T
1334 2697 1401 2731 NF
1425 2693 1512 2731 Lat.
1545 2692 1582 2730 T
1701 2706 1752 2732 22
1781 2693 1976 2732 adiuncta
1997 2706 2062 2742 ga.

324 2761 454 2798 greca
473 2748 519 2786 K
640 2752 708 2786 ΓΟ
738 2748 851 2788 codd.
1050 2762 1101 2798 24
1131 2747 1246 2800 unc.]
1266 2746 1540 2787 semiunciam
1559 2746 1606 2784 K
1720 2751 1759 2808 ᾼ
1785 2746 1827 2784 Β
1926 2747 2066 2785 lamda

325 2802 367 2840 B
383 2819 389 2843 :
421 2804 534 2843 lauta
554 2801 600 2839 K
751 2803 883 2842 latino
903 2804 1068 2843 adiecto
1089 2803 1181 2842 dett.
1430 2813 1481 2851 25
1510 2802 1616 2841 libra
1635 2802 1676 2841 Β
1853 2801 1934 2840 KV
1952 2801 2041 2839 ΚΤ
2056 2816 2065 2840 :

325 2858 396 2907 Ky
427 2857 468 2895 Β
614 2869 816 2895 cornuum
847 2857 888 2895 Β
1062 2861 1116 2897 26
1143 2858 1210 2897 ad.
1247 2857 1305 2895 fix
1344 2856 1443 2907 (pro
1477 2857 1533 2904 ix,
1572 2857 1597 2897 i.
1611 2870 1642 2896 e.
1678 2856 1766 2905 Χῖ)
1797 2856 1974 2894 latinum
2011 2855 2064 2895 T:

321 2913 564 2952 adiunctum
605 2913 663 2950 fix
702 2911 876 2951 latinum
916 2912 983 2952 B:
1030 2914 1230 2952 adiuncta
1268 2925 1292 2950 v
1331 2912 1463 2951 latina
1499 2910 1546 2948 K
1795 2911 1946 2949 ciatum
1986 2909 2072 2950 BT

313 2967 412 3013 fort.
434 2971 489 3005 ΚΟ

2149 3219 2176 3424 -Ιὶιῖηωιῲν
2162 3195 2176 3209 ’μ
2157 3113 2176 3117 1
