2228 3444
427 178 1061 227 ETYMOLOGIARVM
1102 182 1231 230 LIB.
1274 183 1311 229 I.
1352 182 1503 242 xxxvi,
1544 183 1700 232 xxxvii

185 309 232 349 et
261 301 414 364 (Pers.
436 314 477 363 5,
503 298 585 363 79)
607 320 614 348 :

254 381 411 430 Marci
451 383 627 430 Dama.
666 411 732 417 ——
774 384 963 445 Papae!
990 412 1055 417 —-
1085 385 1257 432 Marco
1295 386 1588 447 spondente,
1629 390 1860 436 recusas?

254 465 454 512 Marcus
491 463 625 512 dixit.
653 493 719 499 —
746 465 824 513 Ita
859 473 949 514 est.
975 493 1041 500 —
1067 466 1302 530 Adsigna,
1345 469 1530 527 Marce,
1570 469 1789 518 tabellas.

188 546 393 594 Hirmos
414 554 488 595 est
513 545 758 595 sententia
778 545 1102 596 continuatae
1121 547 1356 597 orationis
1377 557 1599 598 tenorem
1623 567 1766 598 suurn
1787 569 1943 615 usque
1969 556 2023 603 18

138 649 159 687 5
184 628 247 676 ad
274 627 502 676 ultimum
529 645 741 687 servans,
768 638 822 677 ut
847 628 1002 693 (Virg.
1022 632 1148 678 Aen.
1172 647 1210 691 1,
1237 629 1353 696 159)
1374 649 1382 678 :

444 711 534 758 Est
571 709 622 758 in
654 726 850 759 secessu
887 712 1037 773 longo
1074 714 1227 771 locus,
1267 712 1427 760 insula
1464 722 1678 776 portum,

184 800 231 839 et
264 791 464 854 reliqua.
540 793 676 839 Hinc
707 791 839 840 enim
869 794 918 840 in
944 794 1147 856 longum
1176 794 1309 842 vadit
1341 810 1514 843 sensus
1546 812 1703 858 usque
1732 798 1795 844 ad
1823 796 1943 845 illud

185 873 338 937 (Virg.
360 876 484 922 Aen.
511 892 551 934 1,
577 873 690 938 165)
714 895 722 924 :

470 955 810 1019 Horrentique
846 966 1005 1005 atrum
1044 974 1219 1006 nemus
1257 957 1466 1007 inminet
1504 959 1705 1007 umbris.

111 1056 158 1084 10
183 1039 573 1101 Polysyntheton
599 1047 672 1087 est
698 1038 851 1087 dictio
873 1039 1039 1088 multis
1065 1050 1392 1089 concatenata
1418 1041 1867 1102 coniunctionibus,
1891 1051 1944 1091 ut
1968 1058 2028 1104 19

183 1119 336 1184 (Virg.
358 1122 533 1184 Georg.
555 1137 598 1183 3,
620 1121 739 1186 344)
761 1141 770 1170 :

583 1204 911 1266 Tectumque,
951 1204 1217 1265 laremque,

584 1300 834 1347 armaque,
874 1285 1256 1348 Amicleumque
1294 1303 1486 1336 canem.

182 1364 417 1429 Dialyton
448 1367 524 1414 vel
557 1367 855 1428 asyntheton
886 1375 958 1415 est
993 1367 1159 1429 figura,
1193 1384 1320 1430 quae
1352 1385 1378 1415 e
1412 1367 1658 1417 contrario
1694 1366 1798 1415 sine
1829 1383 1943 1415 con·
1967 1377 2035 1412 20

107 1463 152 1504 15
181 1447 516 1496 iunctionibus
526 1449 687 1497 solute
702 1465 759 1496 ac
777 1447 1063 1511 simpliciter
1081 1450 1288 1508 effertur,
1308 1458 1381 1498 ut:
1407 1454 1417 1474 ‘
1433 1449 1690 1508 Venimus,
1711 1447 1939 1507 vidimus,

178 1528 393 1592 placuit.'
479 1529 788 1589 Antitheton,
831 1529 917 1579 ubi
956 1530 1200 1578 contraria
1239 1530 1492 1580 contrariis
1533 1539 1854 1594 opponuntur
1893 1539 1940 1578 et
1962 1542 2018 1576 21

180 1610 453 1660 Sententiae
480 1610 899 1674 pulchritudinem
927 1613 1155 1672 reddunt,
1179 1621 1231 1660 ut
1258 1611 1378 1661 illud
1400 1611 1568 1676 (Ovid,
1591 1614 1714 1661 Met.
1740 1630 1779 1671 1,
1806 1612 1884 1675 19)
1906 1632 1914 1660 ε

313 1692 508 1756 Frigida
540 1693 829 1757 pugnabant
865 1693 1050 1754 calidis,
1088 1694 1344 1742 humentia
1379 1693 1549 1742 siccis:

313 1775 482 1824 mollia
518 1792 631 1824 cum
670 1775 833 1824 duris:
884 1777 989 1825 sine
1026 1777 1246 1839 pondere
1283 1776 1518 1824 habentia
1555 1777 1770 1839 pondus.

105 1872 156 1900 20
182 1858 472 1920 Hypallage,
496 1857 944 1921 quotienscumque
968 1873 1055 1921 per
1081 1857 1379 1907 contrarium
1401 1858 1550 1907 verba
1570 1858 1933 1921 intelleguntur,
1959 1875 2023 1910 22

180 1947 232 1986 ut
260 1937 412 2003 (Virg.
433 1942 557 1989 Aen.
579 1958 621 2002 3,
644 1940 728 2004 61)
751 1958 759 1987 :

724 2023 857 2070 Dare
892 2020 1131 2069 classibus
1170 2023 1390 2080 Austros,

178 2119 290 2150 cum
317 2105 475 2152 ventis
501 2119 650 2152 naves
676 2105 865 2161 demus,
896 2120 995 2151 non
1023 2102 1232 2151 navibus
1258 2112 1446 2151 ventos.

313 2186 397 2232 DE
423 2199 621 2234 TROPIS.
708 2186 902 2247 Tropos
929 2185 1121 2233 Graeco
1155 2184 1358 2233 nomine
1394 2183 1715 2234 Grammatici
1741 2195 1933 2244 vocant,
1960 2199 2171 2240 XXXVII

105 2286 154 2325 25
179 2266 263 2329 qui
282 2266 455 2316 Latine
472 2266 608 2315 modi
635 2265 943 2315 locutionum
965 2265 1358 2329 interpretantur.
1434 2266 1583 2315 Fiunt
1599 2276 1766 2316 autem
1782 2284 1810 2315 a
1830 2283 1933 2330 pro-

179 2347 282 2410 pria
322 2347 681 2412 significatione
717 2350 781 2397 ad
818 2364 921 2396 non
957 2347 1204 2411 propriam
1240 2347 1631 2398 similitudinem.
1705 2351 1932 2411 Quorum

180 2430 404 2479 omnium
447 2430 652 2480 nomina
686 2430 1030 2479 difficillimum
1074 2439 1147 2479 est
1186 2431 1438 2490 adnotare,
1476 2431 1564 2479 sed
1603 2447 1662 2478 ex
1701 2430 1934 2478 omnibus

180 2514 408 2562 Donatus
442 2512 679 2562 tredecim
717 2512 826 2561 usui
864 2513 1106 2560 tradenda
1142 2511 1447 2575 conscripsit.
1524 2513 1821 2575 Metaphora
1863 2521 1935 2560 est
1959 2529 1988 2563 2

180 2594 315 2643 verbi
340 2594 546 2644 alicuius
572 2604 805 2657 usurpata
839 2593 1105 2652 translatio,
1134 2593 1260 2642 sicut
1286 2610 1401 2642 cum
1429 2592 1640 2642 dicimus
1671 2598 1681 2617 ‘
1698 2595 1934 2642 fluctuare

105 2693 157 2732 30
180 2678 399 2739 segetes,'
435 2680 710 2740 ‘gemmare
746 2675 899 2735 vites,'
926 2676 1046 2724 dum
1073 2674 1121 2722 in
1150 2674 1225 2723 his
1255 2675 1403 2724 rebus
1438 2676 1615 2723 fluctus
1642 2684 1689 2724 et
1713 2691 1934 2738 gemmas

180 2775 283 2808 non
298 2758 589 2817 invenimus,
613 2758 664 2806 in
681 2757 860 2821 quibus
879 2759 1002 2806 haec
1021 2756 1168 2806 verba
1184 2755 1384 2805 aliunde
1405 2759 1772 2806 transferuntur.
1835 2757 1934 2805 Sed

234 2900 259 2926 2
291 2887 448 2939 Dama]
470 2887 608 2926 damia
630 2885 666 2926 C
799 2896 995 2925 recurras
1014 2883 1091 2924 CT
1247 2896 1272 2933 3
1303 2890 1377 2924 aut
1396 2885 1520 2934 signa
1542 2883 1580 2923 T
1735 2898 1762 2934 9
1791 2897 1936 2924 orren-

177 2943 294 2992 tique
309 2971 318 2981 .
341 2974 350 2984 .
368 2972 378 2982 .
396 2943 554 2981 umbris
575 2941 662 2980 AB
679 2955 689 2980 :
718 2941 997 2990 horrentique
1013 2969 1023 2979 .
1044 2970 1052 2979 .
1071 2968 1080 2978 .
1102 2939 1280 2978 umbrae
1300 2939 1335 2978 C
1350 2953 1359 2978 :
1388 2941 1634 2989 orrentique
1651 2969 1659 2978 .
1676 2969 1686 2978 .
1709 2967 1718 2978 .
1740 2940 1887 2978 umbra
1905 2934 1944 2977 T

182 3004 229 3034 12
258 3009 432 3047 remque
459 2996 497 3035 Τ
651 3009 695 3045 14
732 2995 781 3034 D.
806 2995 1102 3034 valesindeton
1130 2993 1168 3031 T
1290 3008 1314 3032 e
1334 3007 1416 3032 om.
1439 2993 1481 3031 A
1640 3006 1692 3042 23
1723 3006 1874 3032 navem
1904 2993 1942 3031 T

179 3061 230 3100 25
258 3064 283 3090 a
301 3064 384 3091 om.
415 3051 452 3090 T
601 3053 654 3090 26
683 3051 736 3096 ad
758 3049 864 3102 non]
887 3055 929 3089 et
950 3057 1036 3088 non
1056 3049 1110 3088 ad
1129 3048 1172 3086 A
1330 3060 1381 3099 27
1413 3048 1554 3087 omnia
1572 3059 1684 3089 nom.
1712 3047 1748 3087 C
1881 3049 1935 3087 28

177 3105 350 3145 tradens
372 3106 412 3145 A

1015 3194 1106 3226 F2
