2228 3444
1085 185 1360 234 ISIDORI

348 330 463 362 cum
506 314 705 364 Iudaeis
747 315 1042 377 celebrabat,
1086 332 1406 380 quocumque
1445 318 1527 366 die
1570 328 1858 368 occurreret.
1933 320 2095 379 Quem

348 395 496 446 ritum
540 398 697 446 sancti
741 401 909 448 Patres
957 398 1008 446 in
1058 398 1282 448 Nicaena
1328 400 1520 463 synodo
1569 400 1941 463 prohibuerunt,
1985 419 2099 452 con-

347 478 606 529 stituentes
641 497 745 529 non
780 483 941 530 solum
975 482 1145 530 lunam
1179 482 1462 544 paschalem
1497 490 1546 532 et
1579 499 1802 532 mensem
1836 484 2095 548 inquirere,

347 563 435 611 sed
468 561 617 612 etiarn
651 571 699 613 et
733 562 868 612 diem
902 562 1271 613 resurrectionis
1299 563 1596 614 Dominicae
1628 565 1889 616 observare
1906 585 1919 628 ,·
1957 576 2005 617 et
2031 567 2097 617 ob

346 646 443 693 hoc
468 647 651 708 pascha
676 662 704 693 a
730 655 903 708 quarta
928 644 1122 694 decima
1156 647 1273 694 luna
1302 662 1458 709 usque
1487 647 1551 696 ad
1575 645 1859 695 vicesimam
1886 648 2096 712 primam
2120 668 2144 710 5

276 735 322 768 11
346 728 688 786 extenderunt,
731 737 783 776 ut
833 729 938 776 dies
984 728 1279 777 Dominicus
1324 746 1425 777 non
1469 728 1789 778 omitteretur.
1878 732 2096 781 Paschae

345 818 511 858 autem
549 809 848 858 vocabulum
886 827 989 859 non
1027 812 1288 871 Graecum,
1330 812 1418 860 sed
1457 810 1747 860 Hebraeum
1786 822 1858 861 est
1877 830 1889 873 3
1940 829 2030 862 nec
2068 831 2095 862 a

344 891 586 955 passione,
617 892 853 954 quoniam
888 893 1090 957 πάσχειν
1123 893 1311 942 Graece
1343 892 1521 942 dicitur
1553 893 1667 956 pati,
1702 896 1789 943 sed
1826 912 1855 943 a
1891 896 2095 945 transitu

346 973 584 1022 Hebraeo
610 974 762 1023 verbo
788 976 972 1037 pascha
996 977 1242 1038 appellata
1268 985 1353 1036 est,
1375 992 1434 1024 eo
1461 977 1597 1039 quod
1622 984 1740 1024 tunc
1760 979 1973 1040 populus
2002 980 2093 1028 Dei

346 1073 402 1104 ex
441 1059 671 1119 Aegypto
709 1056 967 1106 transierit.
1039 1059 1188 1106 Vnde
1222 1067 1269 1106 et
1304 1057 1353 1105 in
1390 1057 1661 1121 Evangelio
1695 1058 1896 1122 (Ioann‚
1918 1078 1992 1123 13,
2018 1061 2095 1126 1):
2126 1077 2172 1104 10

350 1138 509 1188 ‘Cum
545 1137 779 1198 vidisset,’
815 1138 988 1201 inquit,
1025 1141 1195 1188 ‘Iesus
1229 1139 1343 1202 quia
1378 1139 1510 1188 venit
1545 1140 1666 1188 hora
1696 1149 1747 1188 ut
1774 1141 1999 1190 transiret
2032 1145 2095 1191 de

266 1236 320 1269 12
348 1222 536 1268 mundo
562 1221 627 1269 ad
654 1220 881 1271 Patrem.’
945 1221 1099 1271 Cuius
1126 1238 1224 1270 nox
1250 1222 1364 1271 ideo
1390 1221 1638 1285 pervigilia
1664 1222 1872 1283 ducitur,
1901 1234 2098 1288 propter

343 1303 613 1351 adventum
641 1303 765 1366 regis
791 1319 849 1351 ac
877 1303 973 1352 Dei
998 1303 1166 1363 nostri,
1193 1312 1245 1351 ut
1265 1312 1461 1367 tempus
1482 1304 1848 1353 resurrectionis
1875 1304 1979 1354 eius
2006 1321 2096 1353 nos

344 1400 446 1432 non
478 1383 796 1445 dormienteS‚
826 1386 914 1434 sed
940 1385 1196 1449 vigilantes
1228 1385 1458 1435 inveniat.
1535 1386 1688 1436 Cuius
1720 1386 1878 1435 noctis
1913 1388 2095 1450 duplex

344 1467 467 1514 ratio
487 1475 560 1515 est
581 1485 590 1515 :
625 1468 726 1515 sive
751 1468 888 1530 quod
907 1467 958 1515 in
979 1485 1036 1516 ea
1056 1477 1103 1517 et
1124 1469 1273 1516 vitam
1297 1477 1414 1516 tunc
1435 1467 1633 1532 recepit,
1657 1485 1770 1516 cum
1797 1485 1967 1531 passus
1994 1478 2066 1518 est
2085 1488 2096 1529 3
2125 1484 2170 1523 15

345 1547 446 1597 sive
477 1550 614 1611 quod
647 1559 820 1612 postea
853 1551 1027 1599 eadem
1066 1551 1200 1611 hora,
1241 1568 1338 1614 qua
1367 1552 1636 1611 resurrexit,
1673 1552 1737 1599 ad
1774 1550 2096 1600 iudicandum

269 1652 323 1699 13
346 1639 580 1679 venturus
607 1641 694 1680 est.
771 1634 848 1681 Eo
880 1642 1048 1681 autem
1082 1634 1235 1681 modo
1266 1634 1456 1696 agimus
1491 1634 1686 1696 pascha,
1715 1643 1766 1681 ut
1801 1650 1903 1681 non
1936 1635 2095 1682 solum

346 1721 555 1763 mortem
583 1722 630 1762 et
657 1714 1061 1763 resurrectionem
1086 1714 1269 1764 Christi
1294 1714 1343 1762 in
1371 1714 1660 1764 memoriam
1685 1731 1986 1776 revocemus,
2010 1717 2098 1765 sed

346 1794 493 1843 etiam
532 1804 707 1855 cetera,
741 1812 868 1859 quae
906 1795 1035 1845 circa
1072 1814 1186 1846 eum
1224 1798 1545 1858 adtestantur,
1579 1798 1642 1846 ad
1679 1807 2096 1846 sacramentorum

268 1902 324 1948 14
346 1876 758 1941 significationem
785 1878 1118 1942 inspiciamus,
1193 1882 1398 1943 Propter
1416 1879 1610 1927 initium
1631 1879 1763 1928 enim
1789 1896 1945 1928 novae
1970 1879 2098 1928 vitae
2124 1894 2174 1922 20

345 1969 393 2008 et
418 1969 618 2023 propter
650 1976 837 2009 novum
868 1961 1140 2022 hominem,
1169 1977 1317 2024 quem
1349 1960 1578 2010 iubemur
1610 1960 1815 2010 induere
1845 1970 1893 2010 et
1923 1977 2099 2010 exuere

345 2050 574 2102 veterem,
618 2052 943 2106 expurgantes
988 2052 1127 2092 vetus
1171 2044 1481 2103 fermentum,
1527 2051 1580 2091 ut
1624 2043 1776 2091 simus
1819 2060 1947 2092 nova
1987 2061 2100 2093 con-

345 2124 544 2187 sparsio,
597 2126 835 2188 quoniam
890 2127 1075 2188 pascha
1128 2135 1352 2174 nostrum
1407 2124 1674 2174 inmolatus
1728 2134 1801 2174 est
1858 2125 2096 2175 Christus.

348 2208 553 2270 Propter
578 2208 707 2255 hanc
742 2222 856 2270 ergo
886 2206 1014 2255 vitae
1049 2207 1319 2255 novitatem
1351 2206 1536 2270 primus
1570 2208 1754 2255 mensis
1779 2223 2019 2256 novorum
2048 2209 2099 2256 in

349 2288 604 2338 mensibus
651 2290 768 2336 anni
817 2287 1136 2338 celebrationi
1179 2288 1397 2352 paschali
1442 2288 1646 2351 mystice
1687 2289 1966 2338 adtributus
2010 2298 2097 2339 est.
2126 2301 2173 2341 25

272 2389 326 2438 15
350 2371 502 2429 Quod
533 2387 648 2420 vero
685 2370 857 2419 tertiae
892 2370 1242 2419 hebdomadae
1279 2369 1360 2419 die
1397 2371 1581 2433 pascha
1618 2369 1906 2431 celebratur,
1942 2370 1993 2419 id
2027 2381 2099 2420 est

349 2452 434 2516 qui
469 2452 574 2502 dies
609 2451 820 2501 occurrit
849 2469 879 2502 a
908 2461 1081 2516 quarta
1114 2451 1311 2502 decima
1341 2451 1392 2500 in
1425 2451 1708 2501 vicesimam
1746 2452 1969 2515 primam,
2002 2454 2100 2502 hoc

406 2596 423 2621 1
456 2584 688 2623 occurrerit
709 2584 820 2622 diem
841 2583 887 2621 K
908 2585 1009 2634 (non
1037 2583 1100 2634 A)
1298 2582 1411 2632 quod
1429 2582 1555 2622 ritum
1576 2582 1683 2622 BT:
1713 2596 1837 2633 quem
1857 2583 2037 2634 primum
2059 2583 2105 2622 K

349 2650 373 2688 5
403 2640 456 2678 ad
472 2652 555 2677 om.
576 2638 616 2676 Β
726 2639 752 2676 8
781 2651 894 2688 pass.
915 2638 1069 2678 domini
1086 2650 1211 2688 quam
1229 2637 1275 2675 K
1292 2641 1395 2685 (non
1410 2637 1475 2686 A)
1587 2651 1613 2687 9
1641 2650 1738 2688 app.
1757 2638 1842 2689 est]
1860 2639 2100 2689 appellatur

349 2694 395 2732 K
488 2706 538 2732 10
559 2706 614 2732 ex
634 2707 716 2733 om.
741 2692 785 2732 C¹
899 2706 943 2732 11
967 2693 1073 2733 hora
1087 2694 1180 2732 eius
1196 2690 1415 2743 utK<non
1428 2691 1490 2738 A)
1588 2693 1812 2732 transisset
1829 2692 1872 2730 U
1950 2706 1998 2731 12
2018 2707 2100 2735 vox

358 2747 396 2786 T
668 2761 784 2799 perv.
810 2748 964 2787 dicitur
983 2747 1070 2786 BT
1086 2763 1094 2787 :
1123 2747 1302 2798 pervigil
1322 2746 1502 2785 adicitur
1520 2747 1566 2785 K
1580 2760 1588 2786 z
1619 2747 1843 2798 pervigilio
1863 2748 2101 2787 celebratur

351 2803 539 2842 Lactant.
556 2802 652 2842 inst.
673 2816 707 2852 7,
729 2815 791 2853 19.
807 2815 831 2851 3
965 2815 1014 2853 13
1045 2802 1148 2854 Dei]
1164 2800 1335 2840 Domini
1353 2799 1432 2839 CK
1538 2802 1630 2841 eius
1646 2815 1726 2842 om.
1748 2801 1783 2840 C
1910 2814 1957 2851 15
1988 2816 2037 2842 ea
2057 2809 2100 2842 et

351 2859 392 2896 A
401 2858 447 2898 C¹
459 2855 539 2896 TU
554 2871 561 2896 ε
592 2858 740 2896 eadem
762 2857 803 2895 B
822 2873 830 2897 :
860 2871 911 2897 ea
931 2856 977 2895 K
1157 2856 1340 2907 respicet
1361 2854 1407 2893 K
1426 2857 1530 2907 (non
1551 2856 1616 2908 A)
1807 2869 1900 2895 cum
1922 2869 2011 2907 pas.
2035 2863 2100 2896 est

351 2926 434 2952 om.
450 2911 498 2949 K
514 2911 619 2965 (non
635 2911 697 2961 A)
869 2915 919 2952 16
948 2924 1026 2951 seu
1047 2910 1093 2949 K
1111 2914 1214 2956 (non
1229 2911 1292 2963 A)
1407 2911 1556 2950 eadem
1576 2923 1659 2950 om.
1679 2909 1719 2948 Β
1883 2923 1937 2950 20
1965 2912 2099 2963 enim]

351 2981 436 3008 om.
457 2965 505 3004 K
522 2980 530 3006 t
560 2973 702 3006 autem
727 2967 762 3007 C
871 2981 919 3006 21
953 2979 1088 3006 exure
1116 2965 1157 3005 T
1269 2978 1319 3004 22
1350 2965 1585 3005 ferventum
1609 2964 1657 3004 C¹
1762 2964 1890 3017 nova]
1912 2966 2040 3005 nonia
2059 2965 2101 3003 Β

351 3035 402 3071 24
433 3021 543 3061 vitae
564 3035 647 3061 om.
670 3020 716 3058 K
874 3022 916 3060 in
937 3022 1038 3060 anni
1061 3021 1167 3071 (mis
1195 3019 1245 3072 T)
1270 3020 1487 3059 mensibus
1507 3018 1585 3059 CT
1731 3021 1783 3058 26
1813 3019 2026 3060 celebrata
2049 3020 2099 3059 Cl

350 3089 401 3126 27
432 3076 663 3117 occurrerit
684 3075 729 3113 K
837 3077 983 3126 quinta
1006 3074 1218 3115 ABCTU
1323 3075 1413 3115 dec.
1437 3075 1535 3114 luna
1557 3075 1598 3113 in
1621 3073 1656 3112 C
