2228 3444
503 117 1136 167 ETYMOLOGIARVM
1175 117 1305 164 LIB.
1345 117 1464 163 VIl.
1507 114 1541 162 ii

151 249 248 298 Dei
286 249 436 298 verbo
477 265 532 297 os
568 247 782 312 ponitur,
806 246 921 311 quia
957 263 1064 296 mos
1101 255 1174 296 est
1211 255 1264 295 ut
1300 262 1384 295 ore
1420 245 1569 294 verba
1605 245 1888 293 formentur.

153 333 374 382 Verbum
394 340 559 380 autem
578 330 693 380 ideo
717 329 911 390 dicitur,
926 328 1041 393 quia
1066 345 1151 393 per
1174 345 1288 379 eum
1309 330 1454 377 Pater
1471 325 1639 376 omnia
1663 324 1903 385 condidit,
1928 338 1997 376 2ο

159 413 260 463 sive
284 412 434 463 iussit.
507 411 717 473 Veritas,
743 411 858 475 quia
892 428 994 461 non
1020 410 1158 472 fallit,
1183 411 1271 460 sed
1296 409 1465 459 tribuit
1491 410 1628 473 quod
1663 406 1902 471 promisit.
1930 421 1985 457 21

155 495 285 557 Vita,
309 494 423 559 quia
449 493 640 544 creavit.
716 496 888 557 Imago
913 492 1091 543 dicitur
1114 502 1313 557 propter
1336 508 1504 556 parem
1531 488 1905 540 similitudinem

105 593 126 634 5
154 576 322 626 Patris.
395 575 572 640 Figura
607 585 697 636 est,
722 575 837 639 quia
873 574 1144 638 suscipiens
1180 576 1389 624 formam
1426 572 1550 623 servi
1586 588 1792 636 operum
1817 570 1905 620 vir·
1926 585 1990 622 22

152 669 413 722 tutumque
437 657 757 708 similitudine
794 656 948 707 Patris
980 656 1031 705 in
1065 673 1117 706 se
1150 656 1415 720 imaginem
1447 665 1597 719 atque
1626 654 1903 704 inmensam

152 739 543 805 magnitudinem
585 740 872 804 designavit.
946 740 1129 789 Manus
1171 738 1267 789 Dei
1309 748 1399 800 est,
1433 739 1570 802 quod
1607 735 1775 786 omnia
1815 752 1904 799 per
1926 754 1990 802 23

152 823 313 887 ipsum
351 825 478 872 facta
519 831 646 872 sunt.
732 821 869 870 Hinc
911 831 960 871 et
999 823 1199 871 dextera
1236 830 1434 885 propter
1470 822 1700 869 effectum
1740 817 1902 883 operis

150 905 298 955 totius
325 914 589 966 creaturae,
614 921 740 968 quae
771 921 857 968 per
880 905 1041 968 ipsum
1075 906 1283 953 formata
1307 914 1394 952 est.
1481 903 1764 963 Brachium,
1790 900 1906 964 quia

78 1008 128 1038 ιο
150 988 213 1037 ab
263 987 370 1051 ipso
420 988 587 1036 omnia
639 987 968 1036 continentur.
1041 988 1226 1047 Virtus,
1273 998 1362 1050 pro
1412 1001 1472 1034 eo
1512 985 1648 1048 quod
1698 1001 1900 1032 omnem
1923 998 1988 1045 24

148 1078 444 1134 potestatem
471 1068 626 1118 Patris
658 1068 709 1117 in
742 1068 1008 1132 semetipso
1032 1069 1230 1129 habeat,
1258 1078 1305 1117 et
1339 1084 1542 1117 omnem
1577 1065 1699 1115 caeli
1731 1075 1903 1115 terrae-

149 1169 246 1216 que
271 1162 540 1201 creaturam
567 1151 823 1215 gubernet,
848 1150 1100 1200 contineat
1124 1160 1274 1214 atque
1298 1159 1443 1214 regat.
1518 1148 1782 1213 Sapientia,
1812 1165 1900 1211 pro
1923 1163 1987 1212 25

149 1251 208 1284 eo
247 1236 383 1298 quod
420 1233 524 1298 ipse
560 1235 741 1283 revelet
776 1232 1006 1296 mysteria
1047 1231 1280 1281 scientiae
1313 1241 1361 1281 et
1393 1248 1572 1280 arcana
1614 1230 1897 1295 sapientiae.

150 1318 248 1366 Sed
273 1326 440 1365 tamen
472 1333 586 1364 cum
620 1315 681 1364 sit
715 1319 860 1364 Pater
884 1324 933 1364 et
957 1314 1162 1378 Spiritus
1188 1322 1387 1363 sanctus
1413 1312 1653 1377 sapientia
1678 1322 1726 1362 et
1753 1312 1902 1362 virtus

79 1417 125 1458 15
149 1409 196 1448 et
238 1401 407 1448 lumen
444 1408 492 1448 et
526 1400 625 1459 lux,
650 1397 843 1461 proprie
879 1407 1047 1446 tamen
1084 1396 1158 1445 his
1197 1395 1483 1445 nominibus
1523 1394 1675 1443 Filius
1716 1412 1902 1444 nuncu-

150 1490 303 1544 patur.
393 1481 636 1543 Splendor
675 1489 841 1528 autem
889 1480 1162 1543 appellatur
1198 1487 1398 1542 propter
1435 1479 1572 1541 quod
1606 1477 1898 1527 manifestat.
1915 1481 1983 1529 26

153 1566 363 1623 Lumen,
412 1561 528 1626 quia
577 1562 850 1611 inluminat.
926 1564 1049 1622 Lux,
1097 1562 1212 1624 quia
1261 1562 1325 1610 ad
1375 1560 1629 1610 veritatem
1684 1569 1902 1609 contem-

151 1646 384 1707 plandam
410 1643 571 1693 cordis
596 1646 767 1693 oculos
792 1653 984 1693 reserat.
1047 1645 1148 1704 Sol,
1163 1642 1278 1706 quia
1302 1642 1632 1692 inluminator.
1707 1642 1904 1704 Oriens,
1926 1656 1987 1705 27

153 1726 268 1789 quia
318 1725 516 1775 luminis
572 1728 682 1775 fons
730 1736 778 1774 et
825 1725 1106 1775 inlustrator
1161 1735 1234 1774 est
1282 1742 1458 1783 rerum,
1508 1735 1556 1774 et
1604 1727 1739 1788 quod
1788 1724 1899 1774 oriri

80 1833 130 1861 20
152 1825 243 1856 nos
269 1809 413 1856 faciat
437 1809 500 1856 ad
526 1807 674 1856 vitam
699 1817 964 1856 aeternam.
1039 1809 1185 1866 Fons,
1214 1807 1330 1871 quia
1360 1824 1519 1857 rerum
1546 1807 1682 1871 origo
1708 1816 1795 1866 est,
1823 1809 1900 1856 vel
1923 1813 1987 1860 28

152 1891 288 1952 quod
313 1889 453 1938 satiat
478 1888 712 1939 sitientes.
763 1893 877 1954 Ipse
902 1906 1101 1953 quoque
1122 1896 1163 1938 A
1184 1899 1233 1939 et
1248 1894 1304 1938 Ω.
1354 1891 1519 1954 Alpha
1537 1889 1670 1938 enim
1689 1889 1900 1938 litteram

152 1973 284 2020 nulla
309 1970 556 2034 praecedit
574 1990 586 2031 3
623 1974 780 2034 prima
805 1981 878 2021 est
910 1972 1042 2020 enim
1068 1971 1350 2030 litterarum,
1372 1971 1497 2020 sicut
1523 1981 1570 2020 et
1598 1971 1749 2020 Filius
1777 1971 1871 2020 Dei
1891 1990 1902 2031 3

152 2051 256 2116 ipse
281 2052 412 2100 enim
439 2069 490 2101 se
515 2052 810 2116 principium
834 2052 1032 2102 Iudaeis
1056 2052 1468 2116 interrogantibus
1495 2070 1601 2102 esse
1631 2052 1900 2117 respondit.

152 2136 300 2183 Vnde
334 2143 381 2183 et
408 2135 658 2183 Iohannes
683 2133 734 2182 in
751 2134 1050 2198 Apocalypsi
1074 2134 1268 2198 proprie
1293 2133 1448 2198 ipsam
1475 2134 1685 2184 litteram
1711 2152 1903 2199 ponens

81 2240 130 2280 25
152 2213 219 2262 ait
243 2214 290 2278 (2
302 2231 343 2277 2,
370 2214 448 2279 13)
470 2236 479 2265 ;
519 2220 529 2239 ‘
548 2218 655 2279 Ego
682 2233 790 2265 sum
809 2224 850 2264 A
871 2226 919 2264 et
943 2221 1000 2274 Ω,
1021 2216 1206 2280 primus
1233 2225 1281 2265 et
1306 2215 1632 2265 novissimus.'
1693 2217 1901 2277 Primus,

153 2295 269 2358 quia
303 2305 418 2345 ante
454 2314 567 2346 eum
606 2296 727 2345 nihil
764 2307 851 2347 est.
924 2299 972 2346 N
978 2297 1251 2357 ovissimus‚
1279 2297 1393 2361 quia
1428 2297 1667 2347 iudicium
1704 2297 1905 2348 novissi-

154 2394 290 2424 mum
324 2377 428 2441 ipse
462 2378 690 2442 suscepit.
764 2378 1027 2438 Mediator,
1058 2381 1173 2442 quia
1210 2381 1335 2428 inter
1370 2383 1535 2429 Deum
1570 2391 1618 2430 et
1647 2382 1903 2431 hominem
1928 2398 1998 2445 29

154 2458 346 2508 medius
372 2459 666 2509 constitutus
685 2469 772 2520 est,
791 2470 844 2509 ut
868 2460 1122 2510 hominem
1148 2462 1212 2510 ad
1233 2463 1398 2510 Deum
1418 2463 1709 2526 perduceret
1725 2481 1738 2524 3
1771 2464 1906 2512 unde

214 2603 231 2629 1
265 2603 339 2629 ora
358 2592 489 2631 verba
515 2591 552 2630 T
736 2605 761 2642 3
792 2593 948 2631 tribuet
970 2592 1047 2631 CT
1216 2591 1421 2642 promittit
1440 2592 1487 2630 K
1649 2607 1674 2643 4
1704 2594 1800 2644 quia
1820 2607 1844 2632 a
1872 2592 1910 2631 T

155 2649 250 2684 ante
267 2658 367 2685 corr.
566 2646 731 2698 parem]
757 2653 921 2697 patrem
949 2647 1008 2686 T:
1041 2660 1124 2686 om.
1146 2645 1193 2684 K
1390 2650 1417 2686 6
1446 2647 1764 2687 similitudinem
1785 2648 1896 2688 codd.

155 2700 181 2737 8
209 2700 321 2738 hunc
351 2698 388 2737 T
550 2714 599 2739 10
627 2700 678 2739 ab
699 2702 813 2752 ipso]
835 2715 913 2752 per
932 2703 1070 2752 ipsum
1093 2701 1139 2739 K
1305 2715 1349 2740 11
1382 2703 1658 2752 semetipsum
1679 2703 1821 2742 BCT:
1854 2715 1900 2741 se

154 2753 246 2804 ipso
266 2753 313 2792 K
419 2759 548 2794 creat.
570 2768 657 2794 cae.
673 2761 749 2796 ter.
769 2755 815 2794 K
925 2769 973 2806 13
1003 2757 1110 2796 mist.
1132 2769 1222 2806 sap.
1244 2761 1285 2794 et
1305 2757 1419 2795 arch.
1443 2759 1518 2797 sci.
1539 2757 1586 2796 K
1697 2770 1745 2806 14
1766 2759 1902 2796 virtus

156 2809 254 2848 lum.
281 2809 316 2847 C
455 2820 502 2858 15
530 2809 693 2862 tamen]
716 2810 759 2849 in
780 2810 826 2848 K
933 2812 1128 2850 omnibus
1149 2811 1205 2849 Β1
1365 2813 1415 2850 16
1445 2818 1715 2863 nuncupatur
1734 2811 1780 2849 K
1799 2818 1900 2863 (non

155 2861 221 2914 A)
337 2876 382 2913 17
417 2864 514 2913 quia
537 2864 733 2916 (prim.)]
755 2866 867 2915 quod
888 2865 935 2903 K
954 2866 1057 2918 (non
1077 2866 1140 2918 A)
1258 2865 1306 2904 18
1339 2866 1412 2906 inl.
1435 2873 1500 2906 est
1519 2866 1593 2906 K:
1624 2867 1901 2906 inluminatur

158 2916 256 2954 C1T
449 2930 496 2956 21
520 2919 654 2971 quod]
675 2920 776 2969 quia
798 2919 877 2960 CK
897 2921 1002 2973 (non
1022 2921 1087 2971 A)
1281 2919 1405 2960 litera
1425 2921 1538 2960 nulla
1559 2920 1629 2960 K:
1658 2921 1896 2961 litterarum

156 2971 268 3009 nulla
288 2971 322 3010 C
430 2986 482 3011 22
513 2979 578 3013 est
599 2974 658 3014 lit.
682 2973 728 3012 K
863 2975 969 3014 sicut
991 2975 1044 3014 fil.
1069 2975 1110 3013 B
1220 2988 1270 3024 24
1301 2976 1413 3014 unde
1434 2976 1517 3015 ioh.
1542 2975 1589 3014 K
1697 2975 1741 3014 in
1763 2976 1898 3027 Apoc.

153 3039 234 3065 om.
260 3025 306 3064 K
322 3026 426 3078 <non
445 3028 509 3080 A)
622 3031 674 3068 26
703 3029 788 3070 iud.
810 3029 1066 3070 novissimus
1087 3029 1133 3068 K
1242 3042 1292 3078 27
1325 3030 1528 3082 suscipiet
1548 3032 1674 3071 Ate-v.
