2228 3444
413 142 1045 192 ETYMOLOGIARVM
1085 142 1216 188 LIB.
1258 141 1343 188 IV.
1384 138 1460 197 vii,
1490 138 1571 187 viii

116 279 256 325 latae.
301 277 426 325 Ὦτα
451 274 583 322 enim
611 275 800 322 Graece
825 270 1042 320 auricula
1068 269 1260 319 dicitur.
1323 268 1533 332 Lentigo
1558 278 1631 318 est
1657 269 1860 332 vestigia
1882 283 1913 331 3

116 359 418 407 macularum
456 358 657 420 parvula
693 355 742 402 in
779 353 1134 403 rotunditatem
1170 353 1392 411 formata,
1421 351 1485 399 ab
1523 351 1686 415 specie
1723 351 1861 400 lenti-

114 443 253 490 culae
274 440 418 490 dicta.
478 438 719 501 Erisipela
739 446 811 486 est
837 452 986 499 quem
1010 434 1174 484 Latini
1194 451 1387 483 sacrum
1409 433 1573 497 ignem
1594 435 1858 497 appellant,
1883 447 1916 494 4

114 523 164 571 id
202 532 274 572 est
310 523 642 571 execrandum
679 538 765 584 per
806 517 1142 581 antiphrasim.
1218 516 1475 579 Siquidem
1512 515 1563 564 in
1601 515 1860 580 superficie

67 622 87 662 5
113 606 290 654 rubore
310 606 542 653 flammeo
563 612 700 652 cutes
726 602 1008 650 rubescunt.
1060 602 1206 647 Tunc
1231 607 1407 648 mutuo
1433 598 1611 647 rubore
1637 598 1777 661 quasi
1795 598 1859 646 ab

114 687 212 750 igni
237 686 399 736 vicina
423 686 722 734 invaduntur
746 687 872 743 loca,
898 682 966 730 ita
990 690 1043 729 ut
1077 680 1227 730 etiarn
1252 680 1399 729 febris
1434 679 1682 729 excitetur.
1757 681 1860 729 Ser-
1880 690 1911 738 5

113 772 244 834 pedo
265 779 337 818 est
356 769 505 817 rubor
523 767 648 816 cutis
669 783 783 815 cum
804 765 1111 829 pustularum
1132 761 1358 822 extantia,
1380 771 1427 811 et
1447 779 1631 811 nornen
1652 762 1861 825 sumpsit

112 870 140 901 a
191 852 451 916 serpendo,
493 867 554 899 eo
605 850 742 912 quod
785 846 963 910 serpiat
1006 845 1243 894 membra.
1339 843 1569 908 Inpetigo
1613 853 1686 893 est
1731 843 1862 892 sicca
1884 844 1918 890 6

116 934 304 983 scabies
353 932 637 996 prominens
680 948 708 979 a
751 945 956 993 corpore
1005 945 1119 976 cum
1162 926 1424 991 asperitate
1468 935 1516 975 et
1558 925 1861 975 rotunditate

42 1035 91 1063 10
112 1019 310 1065 formae.
387 1017 536 1062 Hanc
570 1015 742 1076 vulgus
777 1027 971 1060 sarnam
1004 1011 1270 1073 appellant.
1346 1007 1548 1072 Prurigo
1582 1018 1758 1057 vocata
1790 1018 1864 1058 est
1886 1019 1915 1068 7

112 1115 140 1145 a
165 1097 443 1160 perurendo
469 1105 517 1143 et
541 1095 780 1144 ardendo.
842 1094 1132 1155 Nyctalmos
1160 1100 1232 1140 est
1258 1090 1435 1154 passio,
1465 1107 1592 1153 quae
1617 1107 1704 1153 per
1728 1090 1861 1139 diem
1887 1091 1916 1137 8

114 1179 242 1227 visus
263 1177 546 1241 patentibus
573 1176 728 1225 oculis
754 1177 1025 1238 denegatur
1051 1183 1099 1222 et
1118 1172 1372 1222 nocturnis
1393 1171 1704 1221 inruentibus
1731 1182 1865 1222 tene-

115 1260 211 1309 bris
238 1261 535 1319 redhibetur,
558 1268 642 1307 aut
666 1274 804 1307 versa
829 1257 947 1316 vice,
978 1265 1031 1304 ut
1055 1255 1278 1320 plerique
1304 1257 1488 1314 volunt,
1518 1254 1599 1303 die
1625 1254 1861 1315 redditur,

116 1352 261 1392 nocte
287 1351 503 1405 negatur.
579 1343 825 1389 Verrucae
858 1338 994 1387 aliud
1020 1347 1163 1386 sunt:
1202 1336 1431 1386 satiriasis
1464 1336 1613 1386 aliud.
1687 1338 1863 1384 Verru-
1886 1345 1920 1391 9

44 1443 91 1484 15
117 1442 203 1474 cae
238 1423 518 1487 singulatim
554 1432 680 1482 sunt,
710 1421 939 1471 satiriasis
973 1437 1088 1469 vero
1123 1436 1221 1468 una
1247 1419 1429 1479 fortior,
1460 1427 1508 1467 et
1540 1417 1668 1466 circa
1703 1417 1861 1480 ipsam

117 1509 278 1570 plures
303 1506 633 1554 inveniuntur.
693 1503 893 1553 Scabies
920 1511 967 1551 et
997 1505 1143 1566 lepra.
1192 1504 1414 1564 Vtraque
1439 1499 1603 1563 passio
1628 1498 1862 1562 asperitas
1886 1510 1944 1544 10

116 1589 240 1638 cutis
274 1605 388 1637 cum
419 1587 606 1651 pruritu
641 1596 687 1636 et
714 1585 1071 1649 squamatione,
1101 1585 1189 1633 sed
1216 1584 1405 1632 scabies
1432 1582 1593 1631 tenuis
1627 1582 1862 1644 asperitas

115 1681 162 1719 et
189 1670 464 1733 squamatio
491 1679 576 1718 est.
631 1668 766 1716 Hinc
793 1667 1009 1729 denique
1034 1683 1219 1714 nomen
1245 1664 1449 1728 accepit,
1469 1681 1597 1726 quae
1622 1663 1689 1712 ita
1713 1661 1862 1711 veluti

115 1761 435 1816 purgamenta
476 1751 679 1800 amittat.
770 1751 899 1798 Nam
945 1748 1134 1797 scabies
1178 1747 1317 1810 quasi
1361 1746 1625 1809 squamies.
1703 1748 1863 1808 Lepra
1885 1760 1929 1792 11

44 1856 93 1884 20
116 1851 231 1883 vero
264 1834 499 1897 asperitas
533 1832 658 1881 cutis
693 1847 958 1895 squamosa
990 1831 1184 1894 lepidae
1218 1829 1400 1877 herbae
1435 1827 1619 1887 similis,
1648 1828 1782 1875 unde
1816 1835 1864 1874 et

117 1933 303 1965 nomen
328 1915 565 1979 sumpsit:
603 1913 742 1963 cuius
768 1915 904 1962 color
928 1929 1062 1961 nunc
1087 1911 1138 1959 in
1164 1910 1471 1974 nigredinem
1493 1909 1706 1967 vertitur,
1731 1924 1864 1956 nunc

117 1999 168 2047 in
202 1999 438 2058 alborem,
474 2013 607 2046 nunc
640 1995 688 2044 in
723 1996 967 2044 ruborem.
1044 1995 1104 2041 In
1142 2010 1348 2056 corpore
1381 1990 1597 2040 hominis
1631 1990 1697 2038 ita
1730 1991 1864 2052 lepra

119 2081 418 2130 dinoscitur:
457 2080 496 2127 si
530 2077 751 2126 variatim
784 2077 910 2125 inter
945 2092 1086 2124 sanas
1120 2074 1244 2123 cutis
1278 2084 1440 2138 partes
1474 2075 1610 2121 color
1643 2071 1864 2120 diversus

119 2171 364 2226 appareat,
392 2170 477 2209 aut
502 2160 541 2208 si
567 2160 634 2207 ita
659 2175 710 2208 se
736 2158 922 2221 ubique
947 2157 1205 2215 diffundat,
1234 2165 1286 2204 ut
1313 2154 1480 2204 omnia
1506 2154 1651 2203 unius
1685 2152 1862 2202 coloris

45 2260 93 2300 25
120 2243 342 2308 quamvis
369 2241 576 2291 adulteri
602 2240 761 2290 faciat.
825 2238 1158 2288 Elefantiacus
1184 2239 1387 2286 morbus
1413 2236 1592 2286 dicitur
1617 2253 1675 2285 ex
1700 2234 1864 2284 simili·
1886 2249 1940 2283 12

117 2326 290 2375 tudine
316 2323 578 2388 elephanti,
609 2323 748 2371 cuius
774 2321 1055 2371 naturaliter
1081 2321 1203 2368 dura
1227 2320 1368 2383 pellis
1400 2329 1447 2368 et
1481 2335 1654 2382 aspera
1678 2335 1863 2367 nornen

119 2408 293 2457 morbo
320 2407 369 2454 in
395 2405 681 2454 hominibus
716 2404 885 2465 dedit3
922 2403 1037 2466 quia
1067 2401 1284 2466 corporis
1318 2401 1628 2465 superficiem
1655 2399 1864 2449 similem

119 2488 231 2537 facit
254 2490 630 2552 elephantorum
652 2486 766 2547 cuti,
787 2486 887 2535 sive
914 2485 1029 2549 quia
1049 2484 1220 2548 ingens
1242 2483 1406 2547 passio
1432 2492 1518 2542 est,
1539 2482 1664 2531 sicut
1683 2482 1866 2531 animal

173 2628 199 2665 3
228 2616 339 2654 dicte
368 2614 404 2652 T
580 2626 706 2664 quam
726 2611 771 2649 K
952 2625 975 2662 5
1006 2612 1134 2650 rubor
1155 2612 1374 2650 flammeus
1396 2616 1513 2650 cutes
1533 2609 1639 2650 BD:
1672 2609 1867 2648 ruborem

120 2671 337 2710 flammeus
360 2675 454 2708 cute
478 2668 554 2709 C1:
583 2669 710 2707 rubor
729 2668 947 2706 flammeus
968 2672 1062 2706 cute
1091 2665 1148 2705 T:
1177 2666 1303 2705 rubor
1332 2666 1541 2704 flammam
1570 2665 1661 2703 eius
1683 2670 1800 2703 cutes
1820 2663 1872 2700 H

120 2724 287 2776 mutuo]
308 2729 422 2764 motu
447 2722 575 2764 C1K:
609 2728 723 2762 moto
747 2720 863 2760 C2T:
895 2722 1025 2760 multo
1047 2719 1088 2758 B
1240 2733 1261 2769 7
1293 2720 1447 2759 stantia
1471 2718 1522 2757 C¹
1671 2719 1696 2757 8
1726 2723 1867 2768 serpat

122 2792 198 2829 per
221 2779 407 2818 membra
426 2778 461 2817 C
654 2791 702 2816 10
731 2789 898 2816 sarnam
920 2774 1037 2815 BCE
1043 2775 1102 2816 T:
1132 2787 1310 2814 sarmam
1325 2773 1422 2813 KM
1581 2773 1765 2824 appellat
1785 2770 1869 2809 EK

125 2847 169 2873 11
201 2834 421 2884 pereundo
441 2833 482 2871 Β
591 2846 673 2882 qua
696 2831 731 2870 C
867 2845 914 2870 12
943 2831 1036 2869 visu
1064 2829 1124 2870 T:
1153 2829 1371 2869 visumB:
1400 2829 1561 2868 visibus
1582 2827 1627 2865 K
1735 2827 1864 2864 dene-

121 2895 191 2937 gat
210 2889 252 2928 Β
366 2901 416 2939 13
442 2887 641 2928 redibitur
662 2887 777 2939 (ret-)
802 2881 892 2925 C¹K
898 2886 935 2924 T
1042 2897 1091 2934 14
1119 2885 1216 2924 Ver.
1241 2884 1321 2923 alia
1341 2896 1373 2923 s.
1403 2883 1439 2922 C
1547 2896 1595 2932 19
1623 2881 1776 2920 amittit
1796 2879 1842 2917 K
1858 2895 1866 2919 :

121 2944 316 2983 admittat
336 2942 421 2982 BT
497 2942 678 2983 scamies
701 2941 844 2994 (-ani-)
865 2940 946 2980 BC
950 2940 986 2979 T
1137 2952 1190 2978 20
1220 2939 1327 2978 sutis
1351 2937 1401 2976 Cl
1482 2938 1543 2978 zze.
1569 2935 1700 2986 lepidi
1719 2934 1836 2985 (—dii)
1856 2948 1865 2973 :

122 2997 288 3048 alepide
315 2996 375 3036 T:
404 2997 543 3049 lapide
567 2996 617 3036 Cl
710 3008 762 3044 23
791 2996 1038 3036 varietatem
1059 2992 1106 3031 K
1177 2994 1260 3033 div.
1282 2993 1361 3033 col.
1382 2991 1428 3030 K
1521 3004 1573 3040 24
1602 2996 1672 3029 aut
1692 2988 1748 3040 si]
1765 2993 1810 3027 ut
1833 2987 1871 3026 T

124 3051 546 3144 gismiassuxltgziqnilgett.
624 3052 677 3090 26
704 3050 900 3090 elefantis
916 3049 992 3088 CT
1079 3062 1127 3099 27
1156 3049 1201 3087 in
1221 3048 1416 3087 omnibus
1439 3045 1476 3085 T
1543 3044 1662 3096 quia]
1683 3055 1808 3095 quam
1824 3041 1869 3081 K
