2176 3424
1033 141 1308 189 ISIDORI

239 283 269 329 8
295 274 487 321 dantur.
564 270 927 321 Discriminalia
975 269 1148 333 capitis
1193 269 1451 318 mulierum
1503 279 1615 318 sunt
1664 278 1836 318 vocata
1884 287 1942 319 ex
1989 287 2050 318 eo

294 355 429 417 quod
456 362 605 416 caput
630 369 749 401 auro
766 352 1049 400 discernant
1067 369 1079 411 3
1116 368 1232 399 nam
1259 351 1595 400 discriminare
1612 351 1832 400 dividere
1857 351 2048 401 dicitur.

295 435 475 484 Antiae
524 444 638 483 sunt
687 433 904 483 cincinni
950 434 1294 496 dependentes
1335 449 1489 496 prope
1531 432 1774 481 auriculas
1796 451 1809 493 3
1859 434 2052 481 Graeco

236 530 270 576 9
294 518 552 576 vocabulo,
596 517 658 566 ab
702 515 917 564 auribus.
991 518 1126 563 Acus
1177 524 1290 563 sunt
1330 515 1510 577 quibus
1550 514 1598 562 in
1639 513 1833 563 feminis
1881 532 2054 563 ornan-

297 601 473 648 dorum
509 598 716 647 crinium
754 613 980 660 conpago
1011 597 1263 656 retinetur,
1296 612 1359 645 ne
1396 595 1550 644 laxius
1587 597 1742 644 fluant
1778 605 1826 644 et
1862 599 2101 660 sparsos5

215 697 274 732 10
298 681 598 745 dissipentur
639 680 857 744 capillos.
934 681 1139 726 Inaures
1181 678 1244 726 ab
1281 677 1471 726 aurium
1511 676 1835 726 foraminibus
1871 695 2057 726 nuncu-

298 774 455 827 patae,
486 763 667 827 quibus
693 762 909 826 pretiosa
933 778 1083 825 grana
1108 760 1330 823 lapidum
1359 762 1661 823 dependent.
1725 761 1919 808 Harum
1941 777 2057 808 usus

298 847 348 895 in
375 845 582 896 Graecia
606 866 614 892 :
653 846 848 909 puellae
875 854 1083 907 utraque
1110 859 1241 902 aure,
1273 842 1411 905 pueri
1446 851 1638 890 tantum
1667 839 1864 909 [modo]
1890 843 2060 890 dextra

229 955 276 989 11
298 928 548 992 gerebant.
623 929 851 989 Torques
879 934 993 973 sunt
1031 923 1202 973 circuli
1226 923 1360 972 aurei
1392 941 1421 972 a
1447 925 1577 972 collo
1602 925 1665 972 ad
1699 932 1873 987 pectus
1898 939 2056 986 usque

299 1012 589 1075 pendentes
657 1011 883 1071 Torques
911 1016 1076 1056 autem
1106 1015 1154 1054 et
1178 1006 1343 1054 bullae
1369 1022 1396 1053 a
1422 1005 1534 1053 viris
1559 1014 1794 1068 geruntur
1814 1024 1827 1065 ,-
1863 1004 2058 1054 feminis
2085 1018 2136 1046 10

300 1110 416 1142 vero
443 1091 644 1140 monilia
665 1100 713 1140 et
730 1092 917 1139 catella.
986 1089 1163 1136 Dictae
1189 1097 1354 1136 autem
1381 1097 1582 1150 torques
1607 1089 1744 1150 quod
1765 1088 1861 1135 sint
1886 1096 2056 1144 tortae,

302 1185 349 1224 et
374 1175 540 1224 bullae
557 1174 693 1236 quod
720 1172 902 1221 similes
930 1171 1025 1219 sint
1051 1170 1354 1219 rotunditate
1373 1169 1520 1218 bullis
1540 1186 1667 1232 quae
1683 1168 1735 1216 in
1758 1185 1887 1231 aqua
1911 1177 2061 1217 vento

229 1272 281 1306 12
304 1257 550 1305 inflantur.
625 1254 818 1303 Monile
853 1261 1200 1302 ornamentum
1232 1268 1290 1300 ex
1324 1250 1533 1315 gemmis
1572 1260 1658 1311 est,
1687 1251 1825 1313 quod
1855 1251 1979 1298 solet
2005 1266 2062 1298 ex

304 1340 598 1388 feminarum
638 1338 854 1399 pendere
889 1337 1051 1393 collo;
1103 1333 1291 1382 dictum
1323 1350 1351 1381 a
1386 1350 1605 1382 munere.
1681 1334 1798 1381 Hoc
1829 1333 1976 1381 etiam
2015 1341 2063 1380 et

305 1429 588 1484 serpentum
607 1418 798 1478 dicitur,
821 1417 936 1480 quia
955 1425 1148 1465 constat
1164 1431 1222 1464 ex
1238 1413 1541 1478 amphorulis
1562 1413 1863 1477 quibusdam
1888 1412 2060 1471 aureis,
2090 1429 2137 1469 15

303 1503 611 1567 gemmisque
637 1500 780 1549 variis
806 1499 857 1547 in
884 1500 1091 1547 modum
1119 1499 1333 1545 facturae
1369 1495 1624 1559 serpentis
1702 1494 1941 1545 Nonnulli
1967 1496 2062 1542 hoc

307 1594 355 1634 et
384 1582 716 1650 <segmentum
745 1583 934 1640 dicunt,
962 1589 1015 1628 ut
1043 1578 1292 1628 Iuvenalis
1319 1578 1386 1643 (2,
1412 1577 1526 1641 124)
1549 1576 1581 1641 z>

748 1665 1012 1726 Segmenta
1050 1671 1098 1711 et
1134 1663 1309 1725 longos
1346 1660 1544 1708 habitus
1563 1678 1575 1720 3

309 1750 423 1799 licet
449 1757 496 1797 et
522 1754 853 1810 segmentatas
879 1753 1039 1793 vestes
1066 1745 1303 1802 dicamus,
1332 1751 1385 1790 ut
1410 1741 1515 1805 ipse
1544 1742 1607 1806 (6,
1629 1740 1714 1804 89)
1737 1759 1745 1788 z

618 1830 682 1876 Et
720 1825 1037 1890 segmentatis
1075 1824 1337 1874 dormisset
1374 1825 1574 1886 parvola
1610 1822 1764 1871 cunis.
2093 1832 2146 1861 20

236 1930 291 1976 13
316 1915 614 1974 Plerumque
638 1919 805 1958 autem
832 1917 880 1957 et
912 1925 998 1971 per
1023 1906 1209 1955 munile
1235 1905 1402 1955 omnia
1428 1913 1717 1953 ornamenta
1735 1912 2068 1951 matronarum

235 2012 293 2058 14
317 1995 668 2058 significantur,
687 1990 933 2055 quidquid
958 1990 1052 2037 illis
1079 2005 1283 2037 munere
1304 1989 1460 2036 datur.
1534 1989 1746 2035 Murena
1765 1987 1911 2048 vulgo
1931 2001 2072 2033 voca-

318 2088 394 2125 tur
424 2077 561 2139 quod
592 2073 778 2122 scilicet
808 2071 912 2120 auri
943 2073 1144 2120 metallo
1174 2070 1222 2117 in
1258 2069 1455 2132 virgulis
1485 2070 1789 2117 lentescente
1827 2067 2071 2129 quaedam

318 2158 504 2208 ordinis
548 2156 753 2205 flexuosi
801 2163 976 2203 catena
1016 2152 1293 2202 contexitur
1334 2151 1383 2198 in
1425 2149 1800 2199 similitudinem
1839 2164 2073 2196 murenae

319 2240 571 2304 serpentis,
601 2254 729 2302 quae
760 2238 824 2285 ad
858 2238 1041 2284 collum
1072 2235 1350 2283 ornandum
1376 2241 1584 2296 aptatur.
1657 2233 1800 2279 Haec
1825 2230 2072 2279 interdum
2098 2243 2147 2284 25

321 2323 424 2372 auri
450 2331 599 2384 atque
624 2318 811 2383 argenti
838 2318 1017 2367 texitur
1042 2316 1252 2380 virgulis.
1327 2316 1476 2363 Vnde
1502 2323 1549 2363 et
1575 2313 1623 2361 in
1653 2312 1872 2363 Canticis
1897 2311 2075 2362 dicitur

323 2404 627 2454 canticorum
647 2401 713 2466 (1,
733 2400 834 2464 10):
856 2403 867 2425 ‘
881 2400 1171 2448 Murenulas
1187 2413 1358 2446 aureas
1375 2395 1611 2444 faciemus
1628 2394 1716 2443 tibi
1733 2394 2074 2443 vermiculatas

378 2549 402 2584 4
434 2534 582 2572 Ancus
610 2531 646 2569 T
766 2529 887 2581 sunt]
910 2534 981 2567 aut
1005 2528 1055 2567 C¹
1209 2529 1235 2564 6
1265 2526 1474 2575 dissipent
1497 2524 1531 2563 C
1681 2538 1700 2573 7
1733 2522 1905 2574 quibus]
1929 2523 1998 2572 qui
2020 2522 2076 2560 Β1

324 2588 477 2641 grana]
515 2599 672 2636 genera
711 2585 802 2624 dett.
838 2584 942 2632 (non
978 2581 1159 2630 DEFN)
1379 2580 1645 2629 dependatur
1677 2578 1723 2616 K
1752 2580 1855 2630 (non
1893 2577 2075 2626 NDEF)

324 2648 349 2684 8
379 2643 494 2695 pulle
519 2640 699 2692 (palle23
722 2639 760 2678 T
864 2644 1029 2677 tantum
1043 2636 1232 2675 BCTU:
1261 2634 1556 2673 tantummodo
1573 2633 1660 2671 KN
1828 2641 1873 2670 11
1905 2632 2078 2671 munilia

325 2699 433 2739 KT:
466 2696 627 2736 minilia
648 2695 688 2733 Β
857 2693 1037 2731 cantella
1058 2691 1103 2729 K
1299 2702 1346 2727 12
1376 2689 1524 2727 similis
1545 2693 1624 2726 rot.
1649 2686 1811 2738 K(pro
1831 2686 1956 2726 simili
1977 2692 2077 2726 sunt

327 2761 407 2793 rot.
424 2753 457 2805 Ζ)
480 2753 583 2803 (non
609 2750 671 2801 U)
765 2761 813 2797 13
844 2750 998 2787 ssantur
1020 2745 1070 2786 C1
1159 2744 1319 2783 Munile
1340 2742 1456 2782 BK:
1489 2743 1663 2781 Munilie
1689 2741 1728 2780 T
1810 2753 1857 2790 t4
1886 2742 2078 2791 pondere

328 2809 368 2846 Β
522 2807 602 2845 dic.
624 2810 767 2843 autem
788 2817 812 2841 a
833 2803 874 2841 Β
1077 2812 1124 2850 15
1155 2800 1255 2850 quia
1285 2797 1383 2837 CT:
1413 2798 1526 2848 quod
1548 2796 1616 2835 K:
1648 2809 1771 2846 quam
1801 2796 1842 2834 Β
1991 2809 2078 2834 am-

329 2862 478 2902 forolis
508 2859 620 2899 RK:
649 2858 867 2898 amforulis
899 2857 960 2896 C:
991 2855 1163 2895 asorolis
1193 2858 1241 2894 ut
1268 2853 1349 2894 vid.
1389 2852 1427 2890 T
1614 2853 1663 2889 16
1690 2849 1791 2902 hoc]
1821 2855 1960 2889 autern
1993 2849 2084 2888 KN
2166 2847 2169 2850 ’

331 2917 427 2957 add.
450 2916 491 2954 A
498 2928 575 2955 rev.
594 2927 642 2953 ex
661 2913 778 2952 Serv.
803 2912 862 2951 ad
877 2911 984 2950 Aen.
1009 2924 1044 2959 1,
1061 2912 1142 2960 654
1256 2909 1306 2946 18
1335 2913 1525 2956 segmata
1547 2904 1594 2944 C¹
1708 2918 1757 2955 19
1783 2905 1875 2955 ipse
1895 2917 1978 2944 om.
1996 2904 2086 2943 KN

333 2975 435 3020 (non
457 2969 513 3021 U)
626 2981 674 3006 21
707 2967 863 3006 monile
881 2966 916 3006 C
1023 2978 1077 3015 23
1107 2963 1296 3013 virgulas
1314 2963 1608 3001 lentmcentes
1633 2959 1670 2998 T
1764 2971 1816 3007 24
1846 2959 2022 2998 ordines
2038 2958 2084 3000 K

333 3024 645 3065 similitudinem
665 3021 753 3060 ΒΚ
767 3036 775 3062 :
808 3035 881 3061 -ne
906 3020 984 3060 CT
1089 3031 1140 3069 25
1169 3023 1394 3068 serpentes
1413 3017 1454 3056 Β
1563 3017 1617 3053 26
1645 3013 1834 3063 virgilias
1854 3012 1911 3051 Β1
