2228 3444
539 164 1169 214 ETYMOLOGIARVM
1211 167 1340 215 LIB.
1382 169 1419 215 Ι.
1464 167 1526 215 vii

156 289 343 348 similia,
379 306 407 336 a
435 287 571 337 verbi
597 287 919 336 similitudine
945 286 1090 347 dicta,
1118 296 1171 335 ut
1203 292 1622 353 ‘contemplator.'
1695 294 1823 341 Nam
1850 303 1898 342 et

156 371 358 419 verbum
392 378 466 419 est
501 368 773 432 imperativi
812 369 961 428 modi,
997 368 1144 416 futuri
1177 370 1426 433 temporis,
1469 380 1517 420 et
1552 388 1751 432 nomen,
1784 375 1899 437 quia

154 452 555 515 conparationem
580 450 766 514 recipit.
818 451 962 498 Haec
987 466 1160 499 omnes
1186 452 1374 514 species
1399 469 1428 500 a
1452 452 1710 502 nominum
1736 459 1898 519 appel-

154 523 336 581 latione
360 533 683 581 descendunt.
757 533 988 580 Secunda
1011 549 1122 595 pars
1147 532 1362 581 nominis
1396 535 1695 597 conparatio.
1770 538 1897 586 Con·
1922 552 1984 601 27

106 637 127 675 5
154 613 342 678 paratio
383 614 515 663 dicta
557 613 673 676 quia
709 630 767 662 ex
802 612 998 661 alterius
1041 613 1392 677 conparatione
1427 617 1633 663 alterum
1673 620 1895 680 praefert.

157 695 310 744 Cuius
348 697 526 758 gradus
570 704 664 743 tres
700 703 846 743 sunt:
883 694 1135 757 positivus,
1174 695 1532 759 conparativus,
1571 695 1661 763 [et]
1689 702 1898 761 superla-

155 775 295 824 tivus.
382 775 626 824 Positivus
657 776 817 824 dictus
855 775 971 839 quia
1004 775 1189 839 primus
1222 777 1421 839 ponitur
1446 778 1496 826 in
1534 780 1896 842 conparationis

151 859 319 919 gradu,
349 865 401 905 ut
430 858 663 906 ‘doctus'
713 857 1071 921 Conparativus
1096 859 1160 906 ab
1185 875 1259 918 eO,
1288 861 1424 922 quod
1450 870 1744 924 conparatus
1773 862 1895 925 posi-

153 938 253 986 tivo
279 940 544 1001 praefertur
568 938 651 999 illi,
680 949 732 987 ut
762 943 773 964 ‘
789 939 981 988 doctior
997 941 1007 961 '
1025 958 1038 1000 3
1074 942 1183 1002 plus
1209 939 1342 988 enim
1366 941 1503 990 novit
1529 958 1678 1005 quam
1703 944 1893 993 doctus.

82 1039 129 1067 10
153 1019 482 1082 Superlativus
525 1037 598 1079 eo,
638 1023 775 1084 quod
811 1020 1128 1084 conparativo
1165 1023 1504 1084 superferatur,
1550 1033 1602 1071 ut
1649 1026 1898 1073 ‘doctissi-

154 1103 289 1149 mus'
308 1120 321 1161 3
356 1103 465 1164 plus
499 1102 631 1150 enim
666 1103 756 1151 scit
783 1119 930 1165 quam
958 1102 1162 1151 doctior.
1226 1104 1422 1152 Genera
1448 1106 1579 1153 dicta
1613 1115 1727 1154 sunt
1761 1109 1895 1169 quod
1922 1110 1986 1157 28

151 1192 398 1245 generent,
431 1193 483 1232 ut
521 1183 847 1232 masculinum
883 1193 929 1232 et
966 1184 1276 1233 femininum.
1347 1187 1524 1235 Cetera
1559 1189 1764 1236 nomina
1796 1205 1896 1236 non

153 1273 266 1313 sunt
289 1282 481 1328 genera,
509 1267 596 1314 sed
622 1267 718 1315 hoc
746 1266 1004 1314 nominum
1029 1266 1152 1314 ratio
1179 1275 1226 1315 et
1250 1267 1513 1316 auctoritas
1538 1268 1704 1317 voluit.
1767 1271 1815 1318 N
1819 1286 1897 1318 eu-

152 1355 280 1394 trum
300 1346 488 1395 dictum
515 1346 630 1410 quia
654 1363 747 1396 nec
772 1349 868 1395 hoc
894 1356 966 1395 est
993 1364 1085 1395 nec
1111 1347 1246 1408 illud,
1273 1348 1324 1396 id
1350 1358 1423 1397 est
1448 1365 1540 1396 nec
1569 1349 1895 1398 masculinum

80 1444 125 1485 15
152 1444 243 1477 nec
267 1427 575 1477 femininum.
644 1428 928 1479 Commune
954 1429 1142 1478 dictum
1169 1429 1284 1493 quia
1309 1430 1506 1478 duobus
1530 1431 1790 1492 generibus
1815 1448 1898 1480 no-

153 1527 266 1559 men
302 1527 457 1559 unum
493 1512 842 1570 communicat,
882 1520 934 1559 ut
975 1512 1110 1559 ‘hic'
1148 1521 1195 1560 et
1230 1513 1378 1560 ‘haec
1414 1511 1578 1560 canis.'
1655 1512 1749 1562 Cui
1786 1529 1899 1561 con·
1923 1529 1991 1576 29

151 1593 349 1640 trarium
384 1602 456 1641 est
488 1592 779 1656 epicoenon,
815 1592 930 1656 quia
962 1602 1227 1656 utrumque
1258 1609 1427 1642 sexum
1466 1594 1558 1642 sub
1596 1611 1697 1643 uno
1719 1612 1898 1658 genere

151 1675 388 1733 enuntiat,
433 1683 485 1722 ut
524 1673 634 1721 ‘hic
671 1673 848 1737 piscis.'
919 1675 1008 1722 Est
1044 1676 1175 1722 enim
1216 1674 1388 1723 incerti
1425 1691 1580 1735 sexus,
1627 1678 1764 1738 quod
1806 1694 1897 1726 nec

151 1765 323 1804 natura
348 1773 438 1804 nec
465 1755 620 1804 oculis
640 1755 944 1816 discernitur,
967 1757 1054 1804 sed
1080 1772 1252 1804 sensus
1278 1765 1467 1805 tantum
1494 1756 1679 1819 peritia.
1733 1758 1896 1807 Omne

79 1862 131 1890 20
153 1853 306 1900 genus
346 1837 550 1897 dictum,
592 1837 708 1900 quia
755 1839 945 1886 cunctis
986 1837 1248 1900 generibus
1291 1837 1469 1886 servit:
1526 1839 1799 1888 masculino
1849 1850 1896 1888 et

152 1918 405 1979 feminino,
435 1917 524 1985 [et]
558 1927 734 1967 neutro
764 1928 812 1967 et
842 1918 1095 1967 communi
1122 1928 1170 1968 et
1193 1919 1342 1968 omni.
1419 1922 1668 1969 Numerus
1694 1930 1896 1970 vocatus
1920 1935 1988 1982 30

150 1999 266 2065 quia
297 2017 384 2063 per
416 2017 530 2049 eum
560 2002 636 2048 vel
673 1999 935 2063 singularia
964 2002 1041 2048 vel
1077 2000 1282 2063 pluralia
1317 2000 1522 2049 nomina
1555 2003 1896 2050 ostenduntur.

151 2080 341 2144 Figura,
369 2080 483 2144 quia
507 2083 583 2130 vel
610 2081 851 2144 simplicia
874 2083 950 2129 vel
976 2083 1235 2144 conposita
1259 2092 1387 2130 sunt.
1439 2084 1596 2132 Casus
1619 2100 1648 2131 a
1667 2085 1896 2133 cadendo
1919 2103 1973 2150 31

150 2162 269 2210 dicti
286 2181 299 2222 3
334 2179 419 2225 per
445 2179 529 2211 eos
555 2162 686 2210 enim
712 2162 890 2211 inflexa
916 2162 1119 2210 nomina
1143 2162 1389 2212 variantur
1408 2172 1456 2212 et
1475 2165 1675 2214 cadunt.
1726 2166 1897 2214 Nomi-

77 2268 95 2294 2
105 2265 126 2306 5
150 2242 342 2291 nativus
367 2260 507 2291 casus
534 2243 693 2292 dictus
719 2243 834 2306 quia
866 2260 953 2306 per
984 2260 1098 2292 eum
1134 2245 1322 2306 aliquid
1346 2244 1676 2305 nominamus,
1705 2255 1757 2294 ut
1786 2246 1895 2294 ‘hic

151 2325 407 2388 magister.'
468 2326 754 2385 Genetivus,
781 2325 897 2388 quia
922 2342 1007 2388 per
1031 2342 1144 2374 eum
1170 2343 1325 2388 genus
1362 2328 1718 2390 cuiuscumque
1751 2344 1896 2390 quae-

150 2406 313 2466 rimus,
342 2415 395 2455 ut
435 2406 607 2455 ‘huius
638 2406 854 2470 magistri
888 2408 1046 2466 filius,'
1072 2408 1148 2456 vel
1175 2409 1310 2471 quod
1336 2425 1438 2456 rem
1465 2407 1812 2470 significamus,
1841 2419 1893 2457 ut

210 2548 226 2572 1
251 2535 392 2574 verbis
414 2534 451 2573 T
519 2547 544 2584 3
574 2536 738 2585 recepit
757 2534 859 2573 KC¹
945 2549 970 2584 4
992 2535 1253 2585 Conparatio
1267 2536 1337 2577 alt.
1354 2550 1435 2576 om.
1456 2536 1502 2574 K
1582 2539 1608 2575 6
1628 2544 1726 2576 sunt
1742 2544 1831 2576 tres
1851 2539 1895 2577 K

150 2602 240 2640 pos.
264 2602 388 2640 conp.
407 2595 450 2629 et
469 2603 563 2639 sup.
586 2589 669 2629 B1:
700 2602 791 2639 pos.
815 2602 938 2640 conp.
964 2603 1057 2639 sup.
1084 2590 1191 2633 CK:
1219 2604 1309 2642 pos.
1334 2604 1426 2641 sup.
1453 2597 1494 2629 et
1516 2604 1642 2642 conp.
1674 2591 1712 2630 T
1870 2607 1892 2642 7

154 2644 333 2696 primus]
356 2643 472 2694 prius
499 2644 536 2682 T
640 2645 665 2682 8
709 2643 863 2695 gradu]
894 2645 1050 2694 gradus
1081 2645 1118 2683 T
1228 2659 1255 2695 9
1284 2646 1341 2684 illi
1363 2659 1444 2684 om.
1468 2645 1509 2683 Β
1606 2659 1655 2685 12
1683 2653 1892 2695 generent

150 2698 336 2738 BCTU:
355 2705 611 2748 generantur
625 2697 718 2736 ΑΚ
798 2711 909 2738 nom.
930 2712 1012 2738 om.
1039 2699 1076 2736 T
1180 2712 1266 2739 non
1285 2730 1295 2740 .
1315 2731 1324 2740 .
1346 2731 1354 2739 .
1375 2700 1456 2740 vol.
1473 2713 1553 2739 om.
1570 2699 1632 2737 K1
1747 2713 1794 2750 13
1816 2702 1890 2739 ho-

151 2754 307 2792 minum
319 2753 447 2793 Arev.
535 2759 611 2792 rat.
631 2758 676 2791 ut
692 2757 800 2792 auct.
822 2752 871 2792 C¹
1004 2766 1052 2803 14
1074 2753 1115 2792 id
1133 2759 1197 2792 est
1213 2767 1294 2795 om.
1316 2754 1376 2792 K1
1492 2766 1540 2804 15
1563 2767 1720 2793 nomen
1738 2755 1891 2807 unum]

152 2807 369 2847 nominum
389 2807 490 2846 K¹C
619 2809 668 2845 16
697 2807 996 2860 communicat]
1021 2807 1230 2858 significat
1257 2808 1295 2848 T
1371 2808 1502 2848 Cuius
1528 2809 1566 2848 T
1710 2822 1756 2859 17
1778 2809 1887 2861 epic.

152 2863 258 2912 epic.
275 2869 341 2902 est
361 2862 458 2912 quia
480 2861 528 2901 Cl
639 2874 788 2900 sexum
814 2892 824 2904 .
843 2892 852 2902 .
880 2895 890 2905 .
911 2875 1068 2912 genere
1090 2875 1171 2903 om.
1190 2863 1252 2901 Kl
1384 2864 1432 2901 18
1462 2863 1649 2902 incertus
1669 2863 1710 2901 Β
1834 2875 1884 2901 21

141 2913 194 2956 'et
215 2930 257 2956 n.
283 2922 327 2956 et
347 2929 498 2958 comm.
520 2916 628 2955 BT:
657 2929 698 2957 n.
721 2921 763 2954 et
783 2929 936 2959 comm.
957 2916 1013 2955 C:
1049 2930 1087 2956 n.
1119 2930 1266 2956 comm.
1288 2917 1334 2956 K
1431 2930 1484 2967 23
1515 2918 1668 2967 Figura
1690 2948 1699 2957 .
1718 2946 1728 2957 .
1754 2946 1764 2957 .
1789 2923 1889 2956 sunt

148 2975 241 3021 post
261 2975 280 3018 ξ
299 2983 347 3021 31
370 2970 416 3009 K
524 2984 576 3020 24
606 2970 742 3010 dictus
763 2976 811 3010 ut
829 2971 907 3011 vid.
934 2970 994 3010 Κ1
1013 2985 1023 3010 :
1045 2972 1141 3010 dicti
1163 2978 1260 3012 sunt
1282 2972 1318 3010 C
1406 2973 1559 3011 cadent
1579 2971 1637 3010 Κ1
1748 2984 1798 3021 27
1819 2971 1887 3011 vel

152 3027 263 3075 quod
287 3057 295 3067 .
318 3055 326 3064 .
349 3055 359 3066 .
380 3037 488 3075 mag.
511 3025 619 3064 liber
647 3038 729 3066 om.
758 3024 882 3064 K1A¹

973 3139 1065 3171 D2
