2176 3424
1057 96 1328 147 ISIDORI

645 230 704 275 In
743 229 943 276 fratrum
981 227 1267 277 ceciderunt
1308 228 1525 293 praemia
1562 231 1742 280 fratres.

317 311 445 358 Item
473 309 539 373 (2,
570 308 715 373 150):

922 389 1017 440 Cui
1054 390 1214 439 cervix
1249 408 1392 441 caesa
1428 393 1642 455 parentis

652 473 864 521 cederet.

258 566 287 615 5
315 555 453 600 Bella
478 552 645 615 itaque
671 554 902 602 dicuntur
928 552 1132 614 interna,
1157 564 1368 614 externa,
1391 555 1594 615 servilia,
1618 557 1830 617 socialia,
1851 557 2067 620 piratica.
2096 578 2117 615 5

315 637 446 682 Nam
474 634 675 698 piratica
701 635 830 683 bella
865 644 978 683 sunt
1012 652 1178 699 sparsa
1211 638 1455 685 latronum
1490 654 1576 701 per
1602 637 1753 686 maria
1778 637 2070 702 mioparoni—

318 716 409 764 bus
444 716 634 766 levibus
669 726 718 765 et
751 716 1023 780 fugacibus,
1060 734 1162 766 non
1197 719 1358 766 solum
1393 718 1600 768 navibus
1634 730 1954 781 commeatus,
1982 722 2069 770 sed

313 797 460 846 etiam
488 797 672 847 insulas
693 798 1070 862 provinciasque
1090 799 1408 850 vastantibus.
1473 803 1615 863 Quos
1634 801 1847 866 primum
1868 804 2070 852 Gnaeus

314 879 582 942 Pompeius
617 890 730 943 post
764 882 971 929 multam
1006 881 1345 942 vastationem,
1382 899 1531 946 quam
1570 893 1694 933 terra
1731 884 1951 948 marique
1985 885 2069 934 diu

250 970 284 1016 6
314 971 526 1024 egerant,
557 961 678 1010 mira
715 961 964 1011 celeritate
1001 963 1274 1025 conpressit
1310 980 1368 1013 ac
1405 965 1663 1028 superavit.
1738 966 1874 1015 Sicut
1903 976 2068 1016 autem
2097 986 2146 1015 10

313 1043 498 1092 bellum
537 1052 739 1092 vocatur
772 1045 910 1107 quod
948 1053 1119 1093 contra
1152 1045 1318 1094 hostes
1354 1045 1524 1109 agitur,
1553 1046 1620 1095 ita
1655 1050 1895 1097 tumultus
1933 1051 2069 1112 quod

311 1123 441 1173 civili
475 1124 719 1175 seditione
753 1125 1043 1174 concitatur.
1119 1127 1248 1175 Nam
1283 1127 1460 1177 seditio
1488 1137 1561 1176 est
1594 1128 1837 1178 dissensio
1870 1129 2066 1190 civium,

312 1205 445 1255 dicta
470 1208 608 1270 quod
641 1223 862 1256 seorsum
896 1207 978 1255 alii
1011 1208 1075 1256 ad
1109 1207 1230 1257 alios
1265 1219 1391 1257 eant.
1466 1209 1565 1257 Alii
1598 1209 1860 1259 aestimant
1886 1213 2070 1261 dissen—

312 1287 504 1337 sionem
541 1288 822 1338 animorum
861 1288 1158 1339 seditionem
1198 1290 1374 1350 vocari,
1419 1307 1569 1354 quam
1608 1292 1785 1342 Graeci
1822 1294 2071 1343 διάστασιν

258 1387 286 1436 7
310 1379 503 1419 vocant.
567 1372 684 1432 Quo
703 1381 870 1420 autem
891 1370 1083 1420 differat
1103 1380 1368 1435 utrumque
1390 1371 1565 1423 Cicero
1585 1375 1734 1422 docet
1754 1373 1900 1438 (Phil.
1923 1378 1966 1436 8,
1987 1374 2038 1440 3)
2060 1392 2069 1423 ε
2096 1400 2143 1440 15

313 1454 510 1500 ‘Potest
559 1452 725 1511 enim‚'
774 1453 949 1516 inquit,
1008 1456 1146 1501 ‘esse
1200 1452 1386 1502 bellum
1436 1463 1488 1502 ut
1537 1457 1775 1503 tumultus
1833 1473 1934 1504 non
1991 1458 2066 1506 sit.

309 1535 575 1582 Tumultus
612 1543 778 1583 autem
817 1550 924 1583 esse
961 1533 1067 1582 sine
1105 1535 1236 1583 bello
1273 1551 1374 1584 non
1408 1544 1588 1598 potest.
1662 1537 1798 1598 Quid
1833 1547 1905 1586 est
1936 1538 2068 1587 enim

307 1614 442 1664 aliud
476 1617 717 1664 tumultus
755 1614 848 1664 nisi
883 1615 1187 1678 perturbatio
1221 1625 1357 1665 tanta
1394 1625 1447 1666 ut
1473 1617 1628 1666 maior
1655 1618 1800 1668 timor
1825 1619 2039 1669 oriatur?
2059 1623 2070 1643 '

310 1698 458 1745 Vnde
501 1696 650 1745 etiam
694 1696 855 1746 dictus
899 1698 1155 1758 tumultus,
1196 1697 1336 1761 quasi
1378 1698 1524 1748 timor
1560 1702 1758 1749 multus.
1834 1701 2069 1750 ‘Gravius

309 1787 475 1827 autem
511 1795 617 1827 esse
652 1780 919 1826 tumultum
955 1795 1106 1841 quam
1139 1779 1357 1840 bellum,
1394 1797 1509 1828 nam
1542 1780 1593 1829 in
1629 1782 1759 1831 bello
1785 1782 2067 1833 vacationes
2094 1813 2144 1842 20

256 1871 285 1916 8
310 1863 487 1920 valent,
517 1860 567 1908 in
601 1862 817 1909 tumultu
853 1877 954 1909 non
989 1862 1186 1909 valent.⁷
1259 1861 1435 1911 Differt
1471 1873 1639 1912 autem
1675 1864 1874 1924 bellum,
1903 1882 2068 1929 pugna

310 1953 357 1992 et
395 1942 651 2006 proelium.
727 1944 858 1990 Nam
909 1943 1094 1990 bellum
1138 1942 1420 1991 universum
1463 1944 1654 2004 dicitur,
1706 1954 1758 1994 ut
1807 1946 2065 1995 Punicum.

313 2024 478 2073 Huius
504 2034 664 2087 partes
691 2033 805 2072 sunt
830 2040 1038 2087 pugnae,
1068 2033 1121 2072 ut
1149 2025 1439 2085 Cannensis,
1468 2027 1801 2075 Thermensis.
1877 2031 2067 2078 Rursus

311 2107 361 2154 in
398 2123 497 2155 una
533 2123 698 2170 pugna
735 2108 890 2154 multa
927 2115 1041 2154 sunt
1078 2106 1278 2169 proelia.
1352 2107 1504 2157 Aliud
1547 2107 1680 2156 enim
1724 2109 1774 2157 in
1816 2109 2064 2171 cornibus,

311 2189 445 2238 aliud
480 2188 529 2236 in
563 2188 741 2248 media,
769 2189 904 2236 aliud
938 2187 988 2235 in
1023 2197 1238 2237 extrema
1271 2188 1377 2238 acie
1412 2189 1605 2253 geritur.
1694 2193 1888 2240 Bellum
1924 2191 2068 2255 igitur
2092 2220 2140 2260 25

247 2294 279 2341 9
312 2281 385 2319 est
410 2279 584 2329 totum,
614 2286 779 2333 pugna
804 2268 948 2318 unius
975 2268 1086 2329 diei,
1109 2269 1350 2333 proelium
1376 2287 1486 2334 pars
1504 2288 1698 2335 pugnae
1724 2283 1810 2322 est.
1873 2275 2066 2323 Bellum

311 2361 457 2400 antea
486 2353 707 2401 duellum
742 2360 972 2400 vocatum
999 2368 1058 2402 eo
1084 2353 1220 2414 quod
1246 2353 1374 2401 duae
1400 2352 1496 2401 sint
1521 2363 1681 2416 partes
1707 2354 2064 2415 dimicantium,

372 2495 389 2520 1
422 2482 595 2520 fratrem
615 2480 717 2520 BC:
747 2482 949 2521 fratruum
969 2481 1021 2520 K·
1124 2482 1262 2521 fratris
1288 2481 1367 2521 CK
1488 2496 1512 2532 4
1543 2483 1704 2523 cederit
1724 2483 1771 2522 K
1891 2496 1916 2534 5
1946 2484 2065 2524 Bella

314 2550 421 2587 quae
443 2537 496 2576 di.
521 2535 587 2576 K:
620 2535 866 2586 Bellamque
890 2538 945 2576 di.
966 2536 1034 2575 N:
1066 2537 1186 2575 Bella
1207 2537 1259 2577 di.
1285 2536 1326 2574 Β
1349 2541 1451 2588 (non
1477 2537 1536 2590 U)
1689 2541 1715 2577 6
1744 2538 1854 2578 bella
1873 2552 1955 2579 om.
1978 2539 2070 2577 KN

316 2597 419 2643 (non
444 2591 501 2644 U)
658 2603 832 2641 asparsa
860 2590 898 2628 T
914 2594 1016 2642 (non
1039 2592 1102 2642 N)
1259 2591 1309 2630 la.
1334 2592 1502 2641 agmina
1522 2605 1598 2642 per
1616 2592 1651 2631 C
1841 2607 1862 2643 7
1893 2595 2064 2632 navium

314 2647 442 2686 Arev.
463 2648 530 2696 <ex
551 2645 669 2684 Oros.
694 2647 785 2683 hist.
810 2647 847 2695 6,
865 2645 911 2696 4)
1023 2647 1048 2683 8
1077 2646 1192 2695 quod
1215 2659 1276 2696 pr.
1302 2660 1438 2695 genus
1459 2647 1606 2697 Pomp.
1629 2646 1719 2685 KT
1823 2662 1849 2699 9
1878 2661 2004 2699 quem
2032 2647 2070 2686 T

313 2708 470 2740 terram
491 2700 533 2737 Β
665 2713 713 2738 10
737 2707 884 2749 egerat
904 2699 1025 2738 BCT
1171 2714 1219 2739 12
1249 2707 1315 2739 est
1335 2715 1418 2741 om.
1443 2700 1490 2738 K
1632 2715 1680 2752 13
1702 2709 1803 2741 eunt
1823 2702 1865 2740 Β
1992 2716 2062 2741 ex-

314 2755 462 2794 timant
489 2754 547 2793 T:
576 2756 832 2793 exestimant
852 2754 920 2793 B:
950 2755 1196 2794 existimant
1217 2754 1252 2793 C
1362 2768 1407 2804 14
1436 2769 1644 2796 annorum
1664 2758 1752 2797 sed.
1784 2757 1846 2796 U:
1875 2770 1957 2796 om.
1977 2756 2068 2795 ΚΝ

318 2822 366 2859 15
397 2811 510 2861 quod
531 2808 619 2847 BT
723 2810 866 2848 differt
893 2809 931 2848 T
1080 2822 1127 2858 17
1158 2810 1251 2849 sine
1276 2809 1388 2849 bello
1410 2823 1503 2849 esse
1523 2810 1614 2850 KT
1763 2825 1812 2863 19
1841 2812 1996 2851 dictum
2018 2811 2065 2850 K

314 2878 368 2904 20
398 2866 440 2903 in
461 2865 616 2903 bellum
644 2863 681 2903 T
831 2864 1079 2914 vagationes
1105 2862 1165 2903 T:
1195 2864 1442 2904 vocationes
1460 2864 1586 2904 BCK
1764 2877 1813 2905 21
1845 2866 1887 2904 in
1908 2867 2062 2905 tumul-

314 2926 399 2958 tum
421 2918 507 2958 BT
638 2926 696 2958 tu.
721 2919 965 2958 vocationes
994 2932 1080 2958 non
1105 2917 1142 2956 C
1341 2932 1393 2969 23
1423 2920 1540 2960 cuius
1563 2919 1599 2958 C
1746 2921 1972 2960 tremensis
1990 2920 2032 2959 B
2051 2934 2061 2960 z

317 2975 529 3013 ternensis
557 2973 594 3012 T
611 2974 714 3026 (non
739 2973 825 3024 U):
855 2987 939 3013 om.
961 2972 1052 3012 KN
1153 2986 1299 3012 rursus
1319 2973 1366 3011 K
1383 2988 1392 3013 :
1423 2987 1588 3014 rursum
1607 2973 1687 3013 BC
1693 2973 1730 3012 T
1842 2987 1893 3024 24
1924 2975 2060 3027 enirn]

314 3034 381 3067 est
404 3029 439 3067 C
586 3039 638 3077 25
667 3028 721 3069 al.
745 3034 853 3067 extr.
887 3028 924 3066 T
1069 3030 1122 3067 26
1152 3027 1236 3067 diei
1255 3041 1304 3067 ex
1321 3042 1421 3069 corr.
1451 3029 1489 3067 T
1593 3028 1668 3069 Be.
1694 3033 1793 3069 ante
1819 3031 1872 3071 ad
1903 3029 2059 3069 bellum

323 3081 360 3121 T
374 3088 468 3122 ante
485 3096 586 3122 corr.
