2228 3444
426 149 1060 198 ETYMOLOGIARVM
1100 151 1230 198 LIB.
1269 153 1329 197 V.
1369 169 1475 210 xxv,
1502 153 1609 199 xxvi

143 279 249 327 vice
275 296 395 339 rem,
414 295 562 342 quam
587 279 885 342 adpetimus,
900 279 1152 342 possidere
1178 280 1464 330 debeamus.
1523 283 1891 331 Commercium
1917 296 1982 344 35

142 360 329 409 dictum
355 378 383 408 a
409 362 670 422 mercibus,
686 379 785 424 quo
812 362 1014 410 nomine
1040 379 1114 410 res
1140 364 1336 410 venales
1362 364 1681 426 appellamus.
1746 365 1892 413 Vnde

142 451 384 491 mercatus
422 442 600 491 dicitur
633 452 802 492 coetus
837 445 1104 492 multorum
1140 443 1418 506 hominum,
1451 443 1536 507 qui
1569 461 1644 492 res
1678 446 1891 494 vendere

140 528 216 574 vel
242 542 403 574 emere
430 526 606 574 solent.
659 524 844 588 Integri
869 524 1112 574 restitutio
1139 535 1211 574 est
1237 543 1414 574 causae
1439 527 1515 574 vel
1541 525 1608 574 rei
1635 528 1889 589 reparatio.
1915 524 1983 581 36

92 624 113 663 5
141 608 304 657 Causa
336 606 708 670 redintegratur,
734 623 859 670 quae
896 608 942 654 vi
979 609 1236 670 potestatis
1270 609 1463 671 expleta
1497 625 1599 656 non
1625 616 1710 656 est.
1787 609 1888 656 Res
1914 616 1976 664 37

139 691 509 752 redintegratur,
534 705 661 752 quae
686 689 732 737 vi
758 687 1013 752 potestatis
1039 690 1203 738 ablata
1227 699 1376 753 atque
1403 699 1591 739 extorta
1617 698 1702 738 est.

274 774 356 819 DE
383 786 691 820 CR1M1Nrssvs
719 787 774 818 IN
801 786 934 819 LEGE
961 785 1315 820 CONSCRIPTIS.
1388 771 1591 822 Crimen
1617 789 1646 820 a
1671 772 1888 820 carendo
1913 772 2058 811 XXVI

137 870 351 902 nomen:
389 863 442 901 ut
478 854 675 912 furtum,
711 851 892 900 falsitas
934 861 982 900 et
1012 862 1187 912 cetera,
1218 870 1347 916 quae
1380 870 1483 901 non
1520 852 1771 913 occidunt,
1800 853 1888 902 sed

137 935 390 983 infamant.
477 933 687 982 Facinus
728 933 917 982 dictum
955 951 983 982 a
1020 935 1250 983 faciendo
1289 936 1490 995 malum,
1535 936 1672 998 quod
1710 943 1887 983 noceat
1913 947 1943 981 2

64 1033 113 1061 10
136 1016 285 1065 alteri.
361 1015 620 1079 Flagitium
647 1033 674 1064 a
694 1017 962 1079 flagitando
988 1018 1314 1080 corruptelam
1342 1016 1576 1076 libidinis,
1597 1033 1694 1080 qua
1710 1025 1888 1065 noceat
1913 1030 1943 1075 3

137 1098 243 1147 sibi.
332 1100 476 1146 Haec
515 1107 627 1146 sunt
665 1099 766 1146 duo
803 1114 982 1160 genera
1020 1097 1246 1146 omnium
1283 1107 1614 1162 peccatorum.
1689 1097 1778 1146 Vis
1816 1106 1889 1146 est
1913 1113 1945 1159 4

135 1179 286 1228 virtus
323 1179 593 1243 potestatis,
623 1196 709 1243 per
738 1196 887 1242 quarn
922 1196 1070 1228 causa
1104 1178 1204 1227 sive
1235 1197 1310 1228 res
1343 1182 1420 1229 vel
1453 1182 1667 1228 aufertur
1700 1181 1777 1228 vel
1814 1196 1889 1227 ex-

136 1271 402 1325 torquetur.
475 1264 563 1310 Vis
601 1261 787 1324 privata
823 1270 910 1321 est,
939 1260 978 1309 si
1016 1260 1226 1324 quisque
1262 1270 1377 1310 ante
1413 1261 1652 1310 iudicium
1689 1260 1887 1309 armatis
1912 1274 1942 1323 5

136 1343 421 1393 hominibus
452 1361 755 1406 quemquam
791 1361 820 1391 a
857 1360 946 1392 suo
980 1344 1212 1392 deiecerit
1249 1346 1325 1392 vel
1362 1343 1724 1408 expugnaverit.
1798 1342 1887 1390 Vis
1913 1347 1948 1393 6

65 1440 110 1481 15
137 1425 335 1489 publica
368 1434 454 1486 est,
484 1424 524 1474 si
549 1424 658 1488 quis
684 1424 841 1474 civem
868 1434 982 1473 ante
1007 1426 1248 1488 populum
1275 1427 1351 1475 vel
1376 1425 1594 1474 iudicem
1620 1426 1694 1474 vel
1722 1441 1886 1488 regem

135 1509 466 1571 appellantem
487 1506 747 1567 necaverit,
766 1517 851 1556 aut
871 1506 1063 1556 torserit
1090 1506 1190 1556 sive
1216 1506 1543 1556 verberaverit
1568 1509 1644 1556 vel
1664 1506 1884 1556 vinxerit.

139 1591 298 1638 Dolus
326 1599 398 1638 est
424 1588 602 1638 mentis
637 1590 891 1649 calliditas,
920 1588 983 1637 ab
1018 1605 1078 1637 eo
1113 1590 1249 1651 quod
1283 1590 1500 1638 deludat.
1575 1588 1727 1637 Aliud
1754 1588 1885 1636 enim
1911 1600 1938 1649 7

135 1672 246 1734 agit,
270 1681 317 1720 et
341 1670 476 1720 aliud
495 1670 705 1719 simulat.
779 1670 1037 1720 Petronius
1057 1669 1195 1719 aliter
1215 1670 1458 1719 existimat
1479 1669 1650 1719 dicens
1669 1685 1677 1714 ε
1723 1674 1732 1695 ‘
1751 1670 1887 1731 Quid

136 1762 221 1812 est,
251 1752 451 1813 iudiceS,
481 1754 665 1802 dolus?
726 1752 973 1802 Nimirum
999 1751 1085 1801 ubi
1110 1752 1299 1815 aliquid
1318 1755 1504 1801 factum
1530 1761 1603 1801 est
1630 1753 1767 1815 quod
1792 1750 1887 1814 legi

62 1852 111 1878 20
135 1835 283 1884 dolet.
359 1834 572 1883 Habetis
607 1836 792 1893 dolum,
822 1834 1030 1898 accipite
1061 1851 1194 1882 nunc
1232 1836 1447 1882 malum?
1519 1832 1783 1884 Calumnia
1813 1842 1885 1881 est
1911 1836 1940 1882 8

53 1953 56 1956 Α
134 1915 343 1979 iurgium
376 1915 565 1965 alienae
590 1915 701 1976 litis,
729 1933 758 1964 a
783 1917 1037 1976 calvendo,
1065 1914 1116 1964 id
1138 1925 1211 1964 est
1237 1915 1535 1979 decipiendo
1561 1914 1707 1964 dicta.
1780 1915 1885 1962 Fal·
1911 1931 1945 1976 9

134 1996 247 2046 sitas
298 1999 543 2061 appellata
578 2015 607 2045 a
642 1999 794 2046 fando
845 1997 979 2046 aliud
1016 2014 1165 2060 quarn
1204 2014 1373 2045 verum
1412 2005 1498 2046 est.
1588 1994 1775 2044 Iniuria
1810 2003 1883 2043 est
1907 2005 1966 2041 10

134 2078 384 2127 iniustitia.
425 2078 563 2127 Hinc
581 2087 654 2127 est
673 2080 806 2142 apud
824 2078 1060 2128 Comicos
1078 2077 1287 2142 (?P1aut.
1303 2077 1407 2126 Mil.
1425 2078 1562 2141 436):
1592 2076 1858 2126 ‘Iniuria's'
1870 2094 1882 2136 3

133 2159 219 2223 qui
256 2162 406 2209 audet
439 2159 626 2223 aliquid
665 2169 836 2209 contra
869 2161 1094 2208 ordinem
1140 2158 1269 2208 iuris.
1344 2158 1531 2208 Seditio
1574 2157 1753 2207 dicitur
1790 2157 1882 2207 dis·
1909 2171 1953 2206 11

59 2257 106 2297 25
133 2243 297 2291 sensio
345 2241 540 2301 civium,
580 2243 717 2304 quod
755 2258 976 2291 seorsum
1014 2240 1095 2289 alii
1146 2243 1210 2290 ad
1253 2242 1374 2289 alios
1430 2250 1562 2290 eunt.
1657 2243 1786 2289 Nam
1830 2238 1881 2287 hi

133 2322 343 2372 maxime
380 2322 661 2372 turbatione
697 2340 857 2372 rerum
900 2333 948 2372 et
991 2324 1204 2372 tumultu
1243 2324 1472 2386 gaudent.
1562 2320 1880 2384 Sacrilegium
1906 2334 1963 2369 12

133 2404 326 2469 proprie
364 2414 436 2454 est
475 2422 720 2455 sacrarum
759 2422 919 2454 rerum
957 2407 1153 2454 furtum.
1244 2407 1423 2454 Postea
1461 2414 1508 2453 et
1545 2403 1596 2452 in
1632 2402 1879 2453 idolorum

187 2548 210 2573 2
241 2535 354 2574 unde
375 2541 418 2574 et
438 2548 566 2574 mere.
595 2536 629 2574 C
736 2550 761 2585 3
791 2535 925 2574 coitus
954 2535 991 2573 T
1098 2547 1176 2572 em.
1195 2534 1261 2572 vel
1282 2535 1408 2574 vend.
1433 2533 1474 2571 Β
1586 2548 1609 2583 4
1643 2532 1822 2582 Integris
1841 2531 1882 2569 Β

134 2592 214 2640 5-6
243 2590 281 2628 vi
304 2590 405 2642 (bis)
426 2604 508 2630 om.
533 2589 590 2627 Β1
723 2604 791 2630 res
813 2591 958 2642 (eraS.)
981 2589 1322 2638 redintegrantur
1349 2589 1386 2627 T
1545 2591 1571 2627 6
1600 2589 1780 2626 exhorta
1804 2586 1879 2625 Cl:

133 2650 283 2683 exorta
295 2644 382 2682 ΒΚ
488 2659 515 2695 9
543 2645 596 2684 ad
613 2645 853 2684 faciendum
870 2644 911 2683 B
1027 2657 1074 2683 12
1104 2643 1215 2695 sive]
1233 2644 1265 2682 si
1281 2643 1376 2682 viB
1492 2657 1540 2692 13
1570 2642 1769 2693 quisque]
1785 2641 1881 2690 quis

131 2699 188 2736 Β1
314 2702 362 2738 16
393 2700 609 2749 negaverit
622 2698 668 2736 Κ
749 2705 820 2739 aut
837 2699 1007 2738 torserit
1023 2712 1104 2738 om.
1121 2697 1172 2735 Tl
1190 2712 1199 2737 z
1219 2698 1312 2738 add.
1329 2699 1371 2736 in
1385 2699 1467 2746 fine
1489 2697 1539 2735 ΤΣ
1620 2703 1691 2736 aut
1707 2698 1820 2735 vinx.
1837 2694 1883 2731 K

135 2766 181 2803 17
210 2759 274 2792 est
287 2767 367 2792 om.
382 2753 423 2791 Β
533 2754 676 2792 eludat
689 2753 734 2791 K
839 2754 922 2794 alia
934 2754 1047 2792 enim
1060 2752 1106 2790 K
1116 2766 1163 2791 ex
1173 2765 1271 2792 corr.
1388 2755 1436 2791 18
1464 2752 1711 2791 existimans
1725 2751 1824 2789 dicit
1837 2747 1884 2786 K

137 2821 184 2856 19
204 2807 301 2857 lege
318 2808 360 2846 B
460 2822 513 2848 20
534 2808 668 2859 nunc]
689 2821 774 2847 non
792 2807 838 2845 K
935 2820 983 2846 21
1007 2814 1074 2846 est
1089 2821 1113 2845 a
1129 2807 1372 2858 dicipiendo
1389 2806 1434 2844 K
1533 2818 1585 2844 22
1606 2806 1733 2845 alium
1751 2816 1875 2854 quam

131 2874 300 2901 versum
322 2869 386 2902 est
414 2862 452 2900 T
604 2876 657 2912 23
687 2863 899 2914 iniuria’s]
921 2863 1097 2901 iniurias
1117 2861 1346 2901 AC1TUV
1358 2862 1480 2900 Rem.
1504 2860 1642 2900 Μοη,ι
1663 2875 1670 2899 :
1699 2858 1876 2897 iniurias

137 2917 339 2956 iniustitia
355 2917 482 2957 Bern.
500 2933 507 2957 :
540 2917 676 2956 inuria
697 2923 762 2956 est
788 2916 973 2956 BDKM
983 2931 991 2956 ε
1023 2916 1239 2955 iniurius]
1251 2916 1360 2955 codd.
1387 2915 1528 2954 Servii
1542 2915 1599 2954 ad
1616 2914 1722 2952 Aen.
1741 2927 1780 2963 9,
1801 2925 1875 2961 107

134 2983 185 3020 24
215 2972 329 3011 audit
342 2971 440 3010 AM
454 2971 603 3012 Bermz
636 2970 799 3011 tuditD
912 2972 1073 3011 ordinis
1094 2972 1138 3010 D
1157 2973 1260 3023 (non
1274 2971 1316 3008 A
1336 2971 1484 3021 Rern.)
1600 2982 1651 3018 25
1683 2968 1806 3019 eunt]
1827 2980 1875 3006 se

133 3026 250 3064 aiunt
270 3025 311 3062 Β
395 3039 446 3076 27
477 3033 541 3067 est
557 3026 745 3066 ABCT:
766 3039 863 3066 esse
881 3026 926 3064 K
1005 3039 1170 3066 sacrum
1195 3025 1231 3063 T
1309 3025 1410 3065 idol.
1429 3025 1507 3064 cul.
1529 3036 1611 3063 om.
1633 3021 1793 3075 anon
1809 3021 1874 3074 A)

205 3123 306 3161 1182
694 3142 702 3149 κ
987 3131 1018 3164 O
