2176 3424
430 140 1065 194 ETYMOLOGIARVM
1105 139 1234 185 LIB.
1275 138 1394 184 XII.
1437 133 1500 182 vii

360 276 601 326 Psittacus
637 291 666 322 a
703 271 843 322 vobis
878 272 1086 319 aliorum
1124 265 1328 316 nomina
1364 263 1554 313 discam
1573 280 1585 322 3

428 360 524 407 hoc
559 354 712 406 didici
747 371 834 418 per
870 369 949 401 me
987 351 1183 401 dicere:
1226 348 1435 398 ‘Caesar
1471 344 1626 393 have.'

94 445 286 505 Alcyon
311 442 468 504 pelagi
487 438 698 487 volucris
720 436 864 494 dicta,
885 432 1025 498 quasi
1047 434 1148 481 ales
1175 445 1404 488 oceanea,
1427 445 1486 476 eo
1507 426 1643 489 quod
1668 423 1832 472 hieme
1857 434 1922 483 25

93 525 143 572 in
168 522 547 587 stagnis'oceani
580 519 725 569 nidos
758 516 873 566 facit
903 517 1164 579 pullosque
1190 511 1389 562 educit:
1428 526 1527 573 qua
1559 506 1835 557 excubante

47 638 68 677 5
93 609 240 655 fertur
265 614 463 653 extento
479 618 694 666 aequore
715 601 915 664 pelagus
932 595 1189 646 silentibus
1210 592 1367 643 ventis
1387 592 1625 640 continua
1643 596 1832 651 septem

93 687 283 737 dierum
309 683 659 748 tranquillitate
684 681 953 739 mitescere,
982 688 1030 728 et
1056 679 1159 727 eius
1186 675 1366 725 fetibus
1401 670 1673 723 educandis
1699 670 1838 719 obse-

94 768 265 833 quium
299 767 405 831 ipsa
437 783 597 814 rerum
631 774 805 812 natura
842 762 1091 826 praebere,
1166 757 1426 808 Pelicanus
1462 754 1564 804 avis
1596 751 1839 816 Aegyptia
1861 756 1930 803 26

94 849 322 898 habitans
353 848 402 896 in
437 847 703 896 solitudine
738 844 839 893 Nili
873 842 1104 903 fluminis,
1133 843 1267 890 unde
1304 850 1352 889 et
1388 855 1574 887 nomen
1601 833 1808 899 sumpsit
1827 852 1839 894 3

95 949 210 980 nam
251 933 484 994 Canopos
524 932 778 992 Aegyptus
819 926 1008 976 dicitur.
1086 927 1270 983 Fertur,
1311 921 1350 971 si
1389 938 1558 970 verum
1609 918 1682 978 sit,
1728 934 1836 966 eam

0 1024 73 1071 '³10
95 1013 320 1062 occidere
359 1021 500 1060 natos
542 1027 670 1069 suos,
713 1025 899 1071 eosque
943 1024 1028 1071 per
1072 1006 1289 1055 triduum
1332 1006 1512 1067 lugere,
1559 1000 1742 1051 deinde
1786 1017 1838 1048 se

95 1095 251 1159 ipsam
293 1096 546 1143 vulnerare
589 1102 637 1141 et
678 1090 961 1156 aspersione
999 1088 1075 1138 sui
1114 1086 1364 1151 sanguinis
1406 1084 1650 1134 vivificare
1695 1082 1835 1131 filios,

97 1175 465 1240 Stymphalidae
497 1191 611 1223 aves
653 1175 717 1222 ab
759 1170 1147 1236 stymphadibus
1190 1168 1362 1218 insulis
1410 1168 1702 1230 appellatae,
1754 1163 1839 1212 ubi
1864 1182 1929 1231 27

96 1258 360 1322 plurimum
386 1258 675 1315 abundant3
710 1257 944 1304 adversus
970 1270 1092 1316 quas
1120 1253 1364 1300 Hercules
1392 1248 1578 1313 sagittis
1606 1257 1679 1296 est
1704 1264 1835 1295 usus.

97 1342 222 1388 Sunt
260 1339 392 1388 enim
436 1338 595 1402 pelagi
629 1339 850 1386 volucres
886 1335 936 1383 in
970 1333 1141 1383 insulis
1177 1332 1471 1382 habitantes.
1549 1328 1840 1378 Diomedias
1866 1334 1930 1380 28

8 1430 73 1494 η*
95 1439 208 1471 aves
227 1439 257 1470 a
275 1420 420 1470 sociis
442 1419 703 1468 Diomedis
729 1420 1014 1482 appellatas,
1037 1434 1161 1480 quos
1178 1418 1339 1465 ferunt
1359 1415 1553 1462 fabulae
1574 1412 1623 1460 in
1641 1412 1841 1460 easdem

96 1506 318 1553 volucres
350 1504 497 1551 fuisse
527 1518 789 1551 conversos
812 1520 824 1561 3
872 1501 1028 1549 forma
1062 1498 1238 1547 fulicae
1268 1496 1466 1556 similes,
1502 1493 1844 1558 magnitudine

98 1603 379 1650 cygnorum,
421 1587 585 1634 colore
627 1583 857 1642 candido,
896 1582 1028 1631 duris
1067 1590 1115 1630 et
1151 1579 1420 1644 grandibus
1464 1576 1644 1627 rostris.
1718 1580 1842 1625 Sunt

100 1678 263 1717 autem
289 1667 417 1716 circa
442 1666 675 1730 Apuliam
695 1665 746 1713 in
771 1665 931 1713 insula
958 1662 1225 1712 Diomedia
1250 1661 1375 1710 inter
1392 1662 1623 1724 scopulos
1644 1658 1842 1706 litorum

102 1760 150 1799 et
191 1767 304 1798 saxa
343 1751 632 1808 volitantes3
669 1747 891 1797 iudicant
930 1746 1055 1795 inter
1094 1762 1208 1794 suos
1249 1754 1296 1793 et
1335 1745 1567 1793 advenas.
1641 1742 1773 1789 Nam
1805 1737 1844 1786 si
1868 1752 1939 1798 29

30 1862 79 1890 20
104 1834 321 1880 Graecus
371 1841 457 1891 est,
507 1830 707 1894 propius
750 1831 996 1878 accedunt
1037 1837 1085 1876 et
1127 1827 1390 1876 blandiunt
1411 1844 1424 1887 3
1476 1824 1514 1873 si
1552 1822 1840 1885 alienigena,

103 1930 266 1962 morsu
292 1913 566 1976 inpugnant
586 1922 634 1961 et
653 1914 923 1970 vulnerant,
944 1908 1214 1959 lacrimosis
1236 1907 1377 1972 quasi
1394 1907 1599 1956 vocibus
1618 1906 1843 1954 dolentes

101 1997 175 2044 vel
202 2012 340 2043 suam
368 1994 693 2043 mutationem
719 1995 795 2042 vel
821 1993 944 2055 regis
970 1991 1235 2040 interitum.
1311 1992 1442 2038 Nam
1471 1988 1746 2036 Diomedes
1780 1985 1843 2033 ab

103 2077 276 2141 Illyriis
302 2077 624 2139 interemptus
650 2085 736 2125 est.
813 2077 956 2123 Haec
988 2083 1154 2122 autem
1188 2090 1301 2121 aves
1338 2073 1514 2120 Latine
1549 2067 1844 2118 Diomediae

0 2160 47 2221 Η
103 2169 352 2219 vocantur,
373 2158 550 2208 Graeci
575 2175 656 2207 eas
683 2158 891 2221 ἐρωδιούς
915 2155 1100 2205 dicunt.
1170 2155 1523 2203 Memnonides
1548 2169 1662 2201 aves
1690 2153 1845 2213 Aegy·
1869 2165 1936 2212 30

13 2264 81 2308 125
105 2244 235 2305 ptiae
269 2242 541 2305 appellatae
566 2257 595 2288 a
619 2242 744 2300 loco,
773 2239 859 2288 ubi
889 2241 1132 2287 Memnon
1163 2236 1317 2301 periit.
1392 2238 1523 2285 Nam
1559 2232 1842 2283 catervatim

105 2325 334 2373 advolare
359 2325 590 2372 dicuntur
615 2339 673 2371 ex
698 2325 925 2385 Aegypto
950 2322 1014 2370 ad
1038 2319 1183 2368 Ilium
1209 2319 1342 2368 iuxta
1368 2316 1657 2366 Memnonis
1690 2317 1848 2379 sepul-

105 2407 292 2464 chrum,
334 2414 381 2453 et
423 2405 632 2467 proinde
665 2420 746 2453 eas
785 2404 991 2451 Ilienses
1029 2403 1348 2450 Memnonias
1388 2408 1581 2448 vocant.
1657 2397 1848 2459 Quinto

104 2497 266 2536 autem
293 2504 425 2535 anno
450 2488 514 2535 ad
541 2486 688 2534 Ilium
716 2484 937 2545 veniunt,
967 2493 1015 2532 et
1047 2500 1161 2531 cum
1192 2482 1347 2532 biduo
1373 2478 1844 2539 circumvolaverint,

105 2571 246 2619 tertia
285 2567 364 2617 die
409 2570 635 2617 ineuntes
678 2584 892 2631 pugnam
937 2564 1149 2615 vicissim
1194 2582 1245 2613 se
1288 2563 1536 2627 unguibus
1578 2561 1847 2624 rostrisque

51 2691 65 2739 ,Α
163 2709 179 2735 1
213 2695 345 2735 discat
365 2697 410 2735 Κ
529 2711 552 2736 2
583 2710 660 2747 per
681 2710 747 2736 me
769 2697 853 2736 did.
870 2696 948 2735 dic.
975 2695 1091 2734 salve
1113 2694 1220 2733 habe
1243 2692 1287 2731 K
1395 2706 1420 2742 3
1451 2708 1488 2733 a.
1512 2692 1686 2732 ocianea
1708 2691 1780 2730 K:
1809 2705 1845 2730 a.

109 2753 254 2791 cianea
275 2752 343 2791 TC
358 2765 440 2802 mg.
466 2751 510 2802 (i.
529 2765 556 2790 e.
575 2752 755 2802 cyanea)
779 2765 788 2790 ι
817 2764 856 2790 a.
882 2749 1082 2789 ceaniaB
1104 2763 1113 2788 :
1142 2749 1283 2798 algina
1299 2748 1333 2787 C
1494 2761 1563 2798 qu.
1587 2748 1627 2785 in
1650 2746 1706 2786 hi.
1729 2747 1770 2784 in
1794 2752 1844 2784 st.

108 2806 148 2844 Β
256 2809 282 2845 6
312 2806 420 2857 eius]
444 2807 495 2845 de
522 2804 559 2844 T
663 2806 755 2845 obs.
776 2819 857 2845 om.
885 2806 934 2845 Cl
1050 2818 1094 2842 11
1127 2804 1192 2843 sui
1211 2817 1271 2843 sa.
1297 2803 1361 2841 sui
1383 2803 1436 2842 vi.
1462 2803 1499 2841 T
1607 2815 1654 2840 12
1687 2801 1848 2840 Strom—

109 2861 301 2911 phalidae
323 2861 484 2912 (-mfa-)
506 2861 593 2898 ΒΚ
611 2875 619 2899 :
651 2860 951 2911 Strophalidae
976 2860 1010 2899 C
1029 2874 1038 2898 z
1070 2859 1244 2898 Sthrom
1263 2858 1398 2897 valide
1429 2857 1466 2896 T
1595 2856 1849 2895 strofadibus

109 2916 188 2955 BC
206 2930 215 2955 z
244 2915 542 2955 stromfadibus
557 2915 603 2953 K
618 2930 626 2954 :
656 2915 922 2954 strovadibus
942 2915 980 2954 T
1083 2913 1298 2964 appellata
1318 2913 1358 2951 B
1473 2926 1519 2961 14
1550 2911 1684 2962 enim]
1706 2916 1848 2949 autern

111 2969 181 3009 K:
209 2984 289 3010 om.
314 2971 348 3009 C
486 2983 533 3020 15
565 2970 807 3022 Diomedis]
829 2970 979 3008 mediis
1009 2969 1045 3007 T
1149 2980 1231 3018 quo
1254 2973 1378 3006 erunt
1398 2967 1443 3005 Κ
1573 2968 1621 3004 16
1650 2966 1791 3015 pulice
1819 2964 1856 3003 T

111 3024 257 3064 similis
279 3025 324 3064 K
489 3037 534 3074 17
566 3024 692 3064 rotris
732 3023 769 3062 T
930 3024 978 3062 18
1008 3022 1141 3073 circa]
1171 3022 1213 3060 in
1250 3021 1295 3060 K
1457 3033 1510 3059 20
1539 3020 1736 3070 proprius
1769 3019 1857 3058 ΚΤ

111 3077 383 3119 blandiuntur
404 3078 480 3117 BC
589 3092 641 3128 24
672 3092 745 3118 eos
761 3078 824 3116 B:
858 3084 999 3118 autem
1018 3077 1068 3116 Cl
1179 3090 1229 3127 27
1260 3089 1334 3116 eas
1354 3089 1436 3115 om.
1469 3075 1506 3114 T
