2176 3424
1037 104 1310 154 ISIDORI

297 246 423 291 gena
448 241 651 280 vocatus
677 234 813 295 quod
839 234 956 281 inde
981 235 1041 281 sit
1065 233 1272 296 genitus,
1293 236 1343 283 id
1369 244 1442 283 est
1467 237 1517 298 in
1543 237 1721 286 eodem
1747 238 1858 286 1000
1882 247 2042 287 natus.

181 318 271 376 148
299 313 571 374 Inpudens,
615 330 675 362 eo
718 315 854 376 quod
895 314 958 363 ab
999 331 1059 363 eo
1102 317 1263 378 pudor
1305 325 1354 364 et
1399 316 1635 380 pudicitia
1676 320 1848 381 procul
1885 319 2041 369 abest.

294 395 572 455 Inpudicus
609 412 637 443 a
674 395 854 459 podice
890 405 1108 445 vocatus.
1183 400 1415 446 Putorem
1455 399 1587 447 enirn
1625 401 1863 449 foetorem
1906 401 2038 450 dicit.

297 476 538 536 Incestus,
580 487 778 541 propter
821 478 1057 526 inlicitam
1101 479 1489 529 commixtionem
1533 491 1748 543 vocatus,
1795 484 1934 545 quasi
1973 482 2041 531 in-

294 566 456 607 castus
476 576 488 618 3
530 560 655 607 sicut
690 562 773 622 qui
804 561 1041 623 virginem
1079 578 1279 621 sacram,
1315 564 1391 611 vel
1427 564 1694 612 adfinitatis
1732 580 1849 613 suae
1884 566 2039 628 proxi·
2064 583 2085 622 5

174 651 270 700 149
295 655 426 687 mam
453 644 757 704 stupraverit.
830 644 1134 692 Internicida
1159 653 1231 692 est
1253 646 1336 706 qui
1357 646 1533 692 falsum
1554 654 1906 695 testamentum
1924 648 2039 696 fecit

292 730 340 769 et
367 721 432 770 ob
460 724 508 771 id
534 724 789 772 hominem
811 724 1007 774 occidit.
1080 726 1336 786 Infitiator,
1356 735 1570 789 negator,
1595 727 1710 790 quia
1735 745 1836 777 non
1862 730 2039 777 fatetur

174 821 265 869 150
291 805 378 852 sed
420 813 592 853 contra
634 808 887 854 veritatem
931 807 1194 856 mendacio
1244 807 1425 856 nititur.
1517 806 1812 877 [Inpostor]
1885 812 2039 860 Inter-

189 905 266 953 151
290 894 460 947 ceptor
496 886 692 949 proprie
725 889 904 935 dicitur
940 889 1022 950 qui
1062 890 1188 937 inter
1223 891 1350 938 duos
1387 891 1451 938 de
1487 890 1653 939 medio
1687 892 1885 941 tollitur.
1957 894 2037 941 In-

289 965 515 1028 sidiosus,
545 970 681 1030 quod
715 969 927 1018 insidiat.
1013 972 1145 1019 Nam
1176 973 1370 1034 proprie
1404 970 1617 1021 insidere
1650 983 1723 1022 est
1753 976 1927 1023 dolose
1955 974 2036 1023 ali·
2063 992 2112 1021 10

289 1064 438 1110 quem
466 1060 735 1113 expectare.
805 1054 953 1101 Vnde
979 1062 1026 1101 et
1051 1052 1260 1102 insidiae
1287 1055 1570 1103 nominatae
1595 1065 1721 1105 sunt.
1795 1058 2032 1117 Incincta,

288 1131 338 1178 id
364 1140 438 1180 est
464 1131 569 1181 sine
594 1132 759 1181 cinctu
777 1152 790 1194 3
828 1135 943 1196 quia
969 1134 1215 1199 praecingi
1242 1135 1428 1184 fortiter
1458 1145 1622 1185 uterus
1648 1155 1750 1186 non
1782 1141 2033 1202 permittit.

175 1226 262 1275 152
290 1211 515 1274 Investis‚
546 1213 596 1262 id
623 1224 694 1263 est
716 1215 821 1264 sine
847 1225 982 1266 veste
998 1233 1009 1276 ;
1049 1219 1274 1266 nondum
1302 1219 1435 1267 enim
1469 1219 1619 1267 habet
1650 1221 1826 1268 stolam
1848 1239 1860 1281 3
1897 1223 2033 1283 quod

286 1302 360 1341 est
398 1295 592 1358 signum
631 1297 863 1346 maritalis
899 1298 1200 1362 virginitatis.
1276 1302 1468 1349 Iscurra
1497 1310 1699 1350 vocatur
1734 1303 1849 1364 quia
1886 1318 2033 1352 causa

285 1391 428 1425 escae
455 1378 737 1441 quempiam
766 1389 1089 1429 consectatur.
2059 1402 2105 1442 15

1135 1477 1185 1522 K

169 1562 258 1612 153
421 1553 732 1614 Katholicus‚
760 1555 1074 1604 universalis:
1113 1557 1359 1606 Graecum
1381 1557 1514 1606 enim
1535 1567 1624 1607 est.
1696 1561 1858 1607 Karus
1886 1561 2031 1609 Grae-

282 1650 396 1682 cum
424 1651 608 1684 nomen
636 1646 722 1696 est,
751 1636 877 1685 sicut
902 1646 950 1686 et
976 1637 1164 1699 caritas,
1193 1641 1328 1688 unde
1354 1648 1402 1689 et
1427 1639 1633 1688 caristia.
2006 1650 2009 1651 ’

1130 1743 1171 1788 L

165 1829 256 1879 154
418 1821 737 1881 Luculentus,
759 1822 823 1869 ab
849 1837 909 1870 eo
935 1823 1072 1883 quod
1093 1821 1153 1870 sit
1178 1824 1342 1884 lingua
1362 1825 1519 1871 clarus
1545 1833 1592 1872 et
1618 1840 1846 1875 sermone
1871 1828 2026 1889 splen·
2055 1847 2105 1876 20

281 1900 441 1948 didus.
517 1903 696 1950 Lector
732 1903 911 1951 dicitur
946 1919 974 1951 a
1010 1904 1235 1966 legendo,
1264 1903 1314 1952 id
1353 1913 1425 1952 est
1461 1908 1807 1968 percurrendo.
1879 1910 2027 1957 Vnde

280 1990 328 2029 et
363 1983 499 2030 navis
535 1982 714 2031 dicitur
743 1986 904 2047 legere
938 1984 1176 2047 quicquid
1210 1985 1398 2035 transit.
1473 1988 1601 2035 Nam
1640 1987 1813 2051 ‘legit,'
1838 1991 2022 2051 transit,

280 2054 523 2125 praeterit,
553 2073 604 2114 ut
632 2064 784 2128 (Virg.
805 2067 930 2114 Aen.
954 2083 995 2127 3,
1022 2065 1166 2131 127):

619 2148 815 2198 Crebris
854 2149 1061 2212 legimus
1099 2151 1220 2198 freta
1256 2149 1453 2199 concita
1489 2152 1641 2200 terris.

280 2230 408 2277 Item
452 2231 617 2289 lector,
660 2247 688 2279 a
731 2232 1011 2294 colligendo
1053 2231 1222 2280 animo
1259 2249 1387 2294 quae
1424 2234 1552 2295 legit,
1593 2234 1731 2296 quasi
1762 2237 2024 2286 collector:
2051 2257 2099 2298 25

279 2315 404 2362 sicut
429 2314 551 2362 illud
578 2313 732 2378 (Virg.
753 2315 859 2363 Ecl.
880 2332 922 2377 3,
946 2314 1029 2379 92)
1051 2336 1059 2365 :
1129 2377 1131 2379 Ι

886 2396 987 2455 Qui
1024 2398 1182 2460 legitis
1220 2398 1377 2447 flores,

334 2536 352 2562 1
385 2531 562 2563 vocatur
583 2524 626 2562 K
833 2537 858 2562 2
891 2526 996 2576 Imp.
1019 2527 1071 2566 ab
1093 2540 1144 2567 eo
1166 2528 1277 2578 quod
1297 2527 1397 2577 pud.
1419 2526 1461 2565 B
1649 2530 1816 2583 procul]
1836 2530 1962 2583 longe
1983 2533 2025 2572 B

276 2592 300 2628 3
332 2578 584 2628 Inpudicus]
612 2579 821 2630 Inputens
840 2580 887 2618 K
906 2581 1009 2630 (non
1029 2581 1091 2631 A)
1308 2582 1446 2632 potice
1467 2580 1514 2620 K
1530 2581 1634 2634 (non
1656 2583 1720 2635 A>
1739 2599 1747 2624 :
1776 2587 1938 2635 pudore
1957 2587 2028 2627 BI

275 2641 468 2685 putorem
483 2633 614 2672 ACK
626 2648 635 2672 t
665 2636 866 2685 poderem
895 2635 955 2674 T:
987 2638 1190 2687 pudorem
1211 2635 1280 2674 BI
1291 2650 1299 2674 :
1329 2637 1558 2686 paedorem
1578 2637 1703 2678 Arev.
1768 2640 1956 2680 fedorem
1977 2642 2024 2681 K

276 2689 457 2727 dicimus
475 2689 516 2726 A
759 2691 786 2727 6
815 2690 914 2728 facit
936 2689 972 2729 C
1133 2704 1155 2741 7
1188 2690 1418 2730 Infatsator
1442 2691 1606 2744 ζήτει-2)
1637 2691 1697 2732 T:
1726 2693 1956 2735 Insidiator
1973 2697 2015 2735 A

276 2743 520 2793 negotiator
542 2742 684 2796 (—oci-)
706 2743 795 2782 ΒΚ
811 2745 912 2795 (non
932 2745 996 2795 A)
1182 2745 1251 2795 qui
1271 2745 1365 2783 AK
1563 2748 1588 2784 8
1622 2749 1884 2789 mendacium
1905 2750 2014 2791 codd.

276 2799 418 2848 (etiam
440 2797 506 2849 A)
698 2798 896 2848 Inpostor
914 2800 1005 2839 hab.
1029 2799 1173 2839 BCIA
1198 2801 1396 2852 (-terum)
1417 2815 1426 2840 :
1454 2814 1536 2841 om.
1561 2799 1651 2839 ΚΤ
1754 2815 1804 2843 10
1833 2805 2018 2845 insideat

276 2851 312 2890 C
446 2852 634 2891 dolorem
657 2851 702 2890 K
974 2868 1022 2893 12
1053 2855 1284 2904 praecincti
1305 2854 1347 2892 A
1485 2855 1550 2894 for
1571 2855 1656 2908 (sic)
1683 2855 1730 2895 K
1850 2865 1945 2898 uter
1967 2859 2018 2899 Cl

273 2906 480 2956 premittit
508 2905 545 2944 T
736 2919 783 2957 13
816 2908 1012 2948 Investus
1031 2909 1078 2948 K
1273 2922 1322 2958 14
1352 2909 1474 2960 signo
1493 2908 1541 2948 K
1725 2911 1812 2952 esci
1834 2926 1959 2953 causa
1975 2915 2018 2954 Β

276 2974 323 3012 17
346 2962 460 3000 enim
482 2967 548 3000 est
568 2975 651 3002 om,
683 2960 720 2999 T
734 2963 834 3012 (non
853 2963 917 3015 A)
1032 2966 1081 3003 18
1101 2964 1212 3003 sicut
1231 2977 1313 3004 car.
1337 2963 1384 3002 K
1471 2964 1658 3004 Karistia
1677 2967 1924 3007 sacrificium
1945 2968 1992 3006 K
2005 2984 2015 3009 :

271 3029 354 3055 ear.
381 3016 570 3056 Karistia
587 3017 724 3067 gratia
746 3017 780 3056 C
787 3016 835 3054 Τ2
1024 3031 1076 3068 23
1104 3018 1335 3068 praeterita
1356 3019 1522 3059 chebris
1542 3019 1583 3057 B
1766 3033 1817 3070 25
1845 3021 1954 3062 idem
1975 3022 2020 3062 K

271 3071 412 3110 animo
434 3084 483 3110 ex
500 3084 595 3111 amo
626 3071 663 3109 T
819 3084 869 3121 27
898 3072 1054 3122 legitus
1073 3074 1111 3112 ss.
1137 3077 1184 3112 ut
1200 3073 1281 3112 vid.
1314 3071 1361 3111 Tl
1380 3089 1389 3113 :
1419 3074 1526 3123 legis
1547 3074 1586 3115 ss.
1619 3074 1670 3113 Τ2
