2228 3444
1033 157 1305 205 ISIDORI

291 286 521 334 contrarii
543 288 661 346 eius,
683 288 821 350 quod
842 285 1089 345 definitur,
1109 286 1282 335 dicunt
1303 306 1311 336 :
1342 291 1352 312 ‘
1375 288 1571 335 Bonum
1594 295 1679 346 est,
1701 287 1836 349 quod
1858 287 2041 334 malum

292 384 393 416 non
429 377 514 418 est.
592 371 786 418 Iustum
821 377 908 428 est,
937 369 1075 431 quod
1111 367 1347 417 iniustum
1386 385 1489 416 non
1525 370 1628 428 est,'
1655 378 1702 417 et
1737 367 1813 416 his
1851 367 2039 416 similia.

294 452 410 499 Hoc
446 460 613 500 autem
649 468 829 515 genere
865 450 1169 500 definitionis
1202 450 1271 500 uti
1308 452 1563 510 debemus,
1593 467 1706 499 cum
1743 449 2042 499 contrarium

292 542 467 582 notum
495 544 581 595 est,
611 544 663 583 ut
685 554 693 583 :
735 535 813 584 ‘Si
839 535 1029 583 bonum
1056 543 1130 582 est
1163 536 1300 596 quod
1324 535 1526 597 prodest
1552 550 1666 581 cum
1692 535 1963 593 honestate,
1992 533 2043 580 id

207 628 268 662 10
293 618 430 680 quod
461 618 557 666 tale
591 633 691 666 non
728 626 801 665 est
828 618 1013 664 malum
1041 618 1144 664 est.'
1217 618 1365 664 Nona
1399 615 1587 679 species
1621 614 1924 664 definitionis
1953 622 2040 673 est,
2069 638 2089 677 5

293 716 442 762 quam
482 699 658 748 Graeci
699 702 815 749 κατὰ
849 700 1165 757 ὑποτύπωσιν,
1195 698 1358 747 Latini
1395 715 1481 761 per
1519 700 1768 761 quandam
1807 697 2041 760 imagina-

293 782 479 830 tionem
520 782 705 841 dicunt,
744 792 825 831 ut:
871 784 1101 830 ‘Aeneas
1143 790 1215 829 est
1256 782 1466 830 Veneris
1504 790 1552 831 et
1590 782 1842 829 Anchisae
1887 779 2043 828 filius.'

295 867 440 913 Haec
474 882 668 928 semper
702 865 751 913 in
783 864 1051 913 individuis
1086 874 1317 924 versatur,
1346 880 1473 927 quae
1504 862 1682 912 Graeci
1708 866 1859 927 ἄτομα
1883 863 2046 925 appel-

224 960 270 993 11
292 948 407 995 lant.
502 947 711 996 Decima
761 946 950 1010 species
1000 945 1303 994 definitionis
1356 954 1442 1006 est,
1494 962 1643 1008 quarn
1698 944 1873 994 Graeci
1929 946 2045 992 κατὰ

294 1031 567 1096 ἀναλογίαν,
589 1028 751 1077 Latini
778 1030 910 1077 iuxta
930 1030 1171 1077 rationem
1194 1029 1366 1077 dicunt
1384 1047 1397 1089 3
1430 1037 1483 1076 ut
1501 1030 1537 1076 si
1560 1036 1820 1090 quaeratur
1839 1026 1960 1090 quid
1981 1026 2042 1075 sit
2070 1048 2120 1076 10

293 1112 489 1173 animal,
511 1114 869 1175 respondeatur
890 1131 897 1159 :
940 1115 950 1136 ‘
971 1114 1039 1159 Vt
1059 1113 1243 1160 homo.⁷
1307 1113 1433 1159 Rem
1457 1110 1587 1160 enim
1610 1109 1882 1173 quaesitam
1905 1126 2041 1172 prae*

294 1194 482 1243 dictum
511 1194 780 1243 declarabit
796 1196 1093 1256 exemplum.
1170 1196 1287 1242 Hoc
1313 1202 1386 1243 est
1412 1202 1575 1242 autem
1603 1192 1853 1256 proprium
1874 1191 2045 1240 defini-

215 1289 270 1323 12
295 1277 456 1337 tionis,
503 1276 624 1340 quid
674 1276 734 1325 sit
776 1276 899 1325 illud
948 1278 1084 1340 quod
1129 1276 1376 1340 quaeritur
1419 1278 1678 1325 declarare.
1767 1273 2044 1323 Vndecima

296 1362 484 1423 Species
523 1359 827 1408 definitionis
865 1368 952 1419 eSt‚
991 1376 1139 1422 quam
1186 1359 1361 1408 Graeci
1400 1361 1496 1407 κατ’
1536 1360 1746 1409 ἐλλειπὲς
1783 1357 2047 1419 ὁλοκλήρου

296 1444 458 1508 ὁμοίου
493 1445 668 1509 γένους,
698 1442 860 1490 Latini
899 1459 985 1505 per
1023 1442 1347 1504 indigentiam
1386 1441 1518 1505 pleni
1557 1458 1614 1490 ex
1651 1442 1826 1489 eodem
1868 1455 2046 1502 genere
2074 1456 2119 1497 15

297 1527 482 1574 dicunt.
559 1527 626 1573 Vt
647 1526 684 1572 si
707 1533 968 1587 quaeratur
988 1525 1108 1587 quid
1130 1526 1191 1572 sit
1212 1524 1376 1584 triens,
1400 1524 1857 1587 respondeaturque
1881 1541 1890 1570 :
1920 1524 1930 1545 ‘
1953 1520 2047 1570 Cui

218 1623 273 1669 13
298 1608 454 1658 bessis
489 1610 628 1657 deest
659 1618 712 1656 ut
747 1607 807 1655 sit
837 1609 991 1655 assis.'
1066 1607 1380 1657 Duodecima.
1415 1605 1603 1670 species
1630 1603 1933 1655 definitionis
1959 1612 2044 1662 est,

298 1708 446 1755 quam
479 1690 656 1739 Graeci
693 1693 809 1739 κατὰ
842 1692 1042 1750 ἔπαινον,
1072 1689 1122 1738 id
1157 1699 1243 1749 est,
1278 1706 1363 1752 per
1392 1690 1607 1749 laudem,
1641 1695 1694 1735 ut
1727 1686 1919 1734 Tullius
1958 1702 2047 1749 pro

298 1774 532 1824 Cluentio
554 1771 696 1837 (146)
719 1788 727 1817 z
773 1774 903 1821 ‘Lex
937 1782 1009 1821 est
1048 1789 1187 1821 mens
1214 1781 1262 1821 et
1288 1773 1482 1820 animus
1509 1781 1556 1820 et
1581 1770 1840 1819 consilium
1869 1777 1915 1817 et
1943 1784 2048 1816 sen-

299 1855 453 1903 tentia
470 1853 710 1903 civitatis.⁷
763 1857 826 1903 Et
851 1855 991 1903 aliter
1010 1852 1274 1917 (Cic.Phil.
1292 1871 1332 1913 2,
1357 1872 1375 1901 1
1391 1852 1471 1916 13)
1493 1873 1501 1902 ε
1543 1855 1666 1900 ‘Pax
1692 1860 1765 1900 est
1785 1849 2048 1912 tranquilla
2075 1868 2125 1896 20

298 1936 528 1985 libertas.’
603 1937 679 1984 Fit
697 1945 744 1986 et
764 1953 851 1999 per
867 1935 1292 1999 vituperationem,
1313 1952 1462 1998 quam
1483 1933 1660 1984 Graeci
1685 1934 1835 1999 ψόγον
1853 1940 2046 1991 vocant,

299 2026 352 2067 ut
394 2017 589 2083 (ibid.):
647 2017 894 2067 ‘Servitus
935 2026 1007 2066 est
1046 2025 1351 2080 postremum
1391 2018 1632 2064 malorum
1667 2015 1906 2073 omniurn,
1947 2030 2049 2061 non

220 2115 275 2162 14
303 2102 456 2149 modo
475 2100 619 2159 bello,
634 2102 722 2149 sed
741 2108 898 2148 morte
914 2115 1116 2162 quoque
1132 2099 1445 2162 repellenda)
1483 2097 1846 2146 Tertiadecima
1863 2097 2050 2158 species

302 2181 607 2232 definitionis
634 2191 719 2242 est,
749 2199 899 2245 quam
925 2182 1103 2231 Graeci
1130 2183 1247 2230 κατὰ
1270 2182 1323 2229 τὸ
1354 2181 1469 2244 πρός
1497 2203 1552 2239 τι,
1584 2178 1746 2227 Latini
1776 2179 1840 2226 ad
1864 2177 2050 2240 aliquid

302 2275 495 2324 vocant,
520 2275 573 2313 ut
590 2275 663 2314 est
680 2265 802 2313 illud
823 2283 832 2313 :
874 2267 1046 2312 ‘Pater
1063 2272 1149 2322 est,
1169 2264 1247 2311 cui
1266 2272 1339 2311 est
1355 2261 1513 2310 filius‚'
1567 2259 1841 2309 ‘Dominus
1862 2268 1950 2319 est,
1971 2258 2049 2308 cui
2077 2275 2125 2314 25

226 2361 280 2411 15
303 2358 376 2397 est
397 2351 592 2397 servus.'
649 2346 1036 2410 Quartadecima
1055 2347 1243 2409 species
1264 2343 1568 2394 definitionis
1589 2352 1661 2392 est
1683 2345 1799 2392 κατὰ
1822 2344 1902 2391 τὸν
1928 2343 2048 2405 ὅρον,

303 2440 356 2479 ut
374 2431 550 2480 Cicero
578 2430 627 2478 in
646 2429 926 2479 Rhetoricis
946 2430 1074 2494 (Inv.
1095 2448 1131 2489 1,
1146 2428 1255 2493 42):
1295 2429 1486 2476 ‘Genus
1505 2435 1591 2486 est,
1611 2426 1747 2488 quod
1766 2427 1929 2488 plures
1955 2440 2052 2472 am-

219 2518 279 2567 16
304 2515 534 2577 plectitur
554 2515 746 2576 partes.'
801 2515 928 2561 Item
953 2515 1093 2561 ‘Pars
1115 2508 1248 2578 [est],
1269 2526 1395 2573 quae
1416 2509 1584 2557 subest
1603 2509 1799 2571 generi.'
1849 2508 2054 2568 Quinta-

362 2657 378 2682 1
412 2656 495 2693 quo
514 2642 596 2682 def.
620 2642 657 2680 T
766 2655 840 2680 1—2
871 2642 1027 2680 malum
1045 2672 1053 2681 .
1073 2673 1081 2681 .
1097 2671 1107 2682 .
1128 2641 1238 2691 quod
1254 2652 1335 2678 om.
1356 2639 1401 2676 Κ
1509 2651 1533 2675 2
1565 2644 1607 2676 et
1628 2639 1707 2676 hec
1729 2643 1828 2677 sunt
1844 2637 1997 2676 similia
2012 2638 2058 2676 K

303 2713 327 2748 4
349 2698 419 2750 ut]
434 2704 476 2737 et
496 2697 534 2736 T
621 2698 754 2747 prode
776 2703 839 2736 est
861 2697 916 2736 T:
937 2702 1002 2735 est
1019 2697 1193 2746 prodest
1209 2695 1255 2733 K
1362 2696 1389 2732 6
1409 2694 1621 2743 quondam
1638 2692 1679 2730 Β
1770 2694 1795 2730 8
1812 2691 1999 2731 'dividuis
2023 2692 2061 2731 T

303 2766 411 2804 9-17
434 2752 483 2792 de
499 2752 660 2792 turbato
675 2751 817 2790 ordine
831 2752 874 2790 in
891 2751 1001 2790 codd.
1019 2751 1102 2791 vid.
1116 2750 1254 2800 Praef.
1372 2761 1422 2787 10
1441 2754 1593 2787 vocant
1609 2749 1682 2787 lat.
1699 2747 1853 2786 iustam
1870 2748 2052 2786 rationa-

305 2809 387 2848 lem
410 2808 465 2848 di.
488 2806 535 2845 K
666 2819 713 2845 12
743 2807 806 2845 vel
823 2806 1054 2845 declaravit
1188 2817 1236 2853 14
1265 2803 1455 2843 oloclerii
1477 2803 1604 2842 homo
1626 2814 1760 2852 genus
1785 2802 1917 2852 (sim.)
1940 2801 2052 2840 codd.

310 2865 359 2902 16
379 2861 536 2914 triens]
553 2861 680 2900 tresis
693 2860 728 2898 C
740 2861 875 2900 Mon.1
893 2876 902 2900 :
923 2860 1111 2900 thesisB
1123 2860 1245 2898 Rem.
1263 2860 1367 2911 (non
1384 2857 1544 2909 ADM)
1657 2869 1703 2906 17
1723 2855 1788 2895 vel
1797 2857 1873 2894 bes
1890 2870 1899 2895 ε
1919 2857 2053 2895 versis

308 2918 383 2957 M:
422 2918 488 2956 bis
520 2916 797 2956 CWMon.1:
835 2916 930 2954 bilis
967 2916 1027 2955 T:
1065 2916 1129 2954 vis
1157 2914 1268 2953 BD:
1308 2913 1375 2951 his
1405 2912 1495 2950 ΑΚ
1647 2911 1754 2950 arsis
1783 2908 2060 2950 ABDKTW

310 2974 412 3024 (non
442 2972 494 3011 M
520 2970 660 3011 Rem.1
691 2970 848 3019 M0n.1)
1087 2981 1139 3018 23
1178 2967 1423 3019 repellenda
1454 2972 1519 3006 est
1547 2966 1588 3004 Β
1753 2965 1836 3004 def.
1867 2977 1981 3015 spec.
2014 2965 2060 3003 K

309 3038 361 3076 25
393 3032 517 3076 pater
537 3027 604 3065 cui
624 3026 671 3064 K
689 3026 790 3076 (non
811 3024 878 3076 M>
897 3039 905 3063 :
938 3039 979 3076 p.
1002 3025 1120 3064 cuius
1139 3023 1180 3062 B
1292 3022 1405 3061 filius
1425 3035 1507 3062 om.
1530 3022 1577 3060 K
1739 3021 1792 3058 26
1821 3025 1886 3058 est
1906 3019 1989 3059 def.
2012 3019 2059 3057 K

310 3087 552 3121 catatontus
570 3081 617 3119 K
633 3095 642 3120 :
672 3086 918 3120 catatonrus
939 3078 1018 3118 BC
1031 3095 1038 3118 :
1069 3078 1339 3119 cathatonsus
1367 3077 1424 3116 T:
1454 3089 1551 3116 corr.
1575 3075 1668 3115 dett.
1793 3074 1844 3112 28
1874 3080 1939 3113 est
1961 3074 2054 3113 hab.

309 3136 418 3176 BT:
450 3149 530 3175 om.
558 3135 639 3175 CK
