2176 3424
1084 127 1353 177 ISIDORI

343 257 472 304 Nam
518 273 666 304 senex
709 259 842 319 apud
882 258 1098 305 Graecos
1137 275 1237 305 non
1284 258 1549 322 presbyter,
1590 262 1676 308 sed
1713 263 1858 326 γέρων
1900 261 2090 312 dicitur.

341 338 483 399 Quae
508 348 642 386 aetas
672 356 700 386 a
733 339 1144 402 quinquagesimo
1175 356 1305 389 anno
1340 340 1579 404 incipiens
1606 345 1968 405 septuagesimo
2002 352 2090 392 ter-

286 430 314 478 7
340 419 564 469 minatur.
641 422 785 469 Sexta
817 430 951 469 aetas
988 431 1228 482 senectus,
1258 439 1386 484 quae
1421 425 1558 471 nullo
1591 440 1834 473 annorum
1869 435 2091 488 tempore

338 500 533 562 finitur3
578 503 664 550 sed
699 512 809 565 post
847 503 1067 567 quinque
1101 503 1206 551 illas
1243 514 1428 552 aetates
1467 514 1929 571 quantumcumque
1963 506 2091 554 vitae

283 584 312 630 8
337 592 421 640 est,
452 583 694 632 senectuti
728 585 1003 647 deputatur.
1078 585 1280 634 Senium
1313 595 1480 634 autem
1506 604 1617 650 pars
1651 597 1724 635 est
1758 588 1930 636 ultima
1955 605 2090 637 sene-

335 665 494 724 ctutis,
525 664 657 712 dicta
683 668 820 728 quod
847 666 907 714 sit
933 666 1172 715 terminus
1199 676 1363 715 sextae
1397 668 1584 717 aetatis.
1651 669 1710 716 In
1735 669 1811 718 his
1837 669 1980 732 igitur
2006 686 2090 718 sex

335 745 503 809 spatiis
546 747 830 810 philosophi
871 749 1021 795 vitam
1070 747 1423 812 discripserunt
1472 751 1755 810 humanam,
1807 751 1858 799 in
1908 751 2087 814 quibus

334 837 552 877 mutatur
577 839 625 876 et
650 829 796 877 currit
829 839 877 877 et
910 831 974 878 ad
1000 830 1171 878 mortis
1207 831 1471 879 terminum
1507 832 1742 894 pervenit.
1819 836 2087 896 Pergamus

332 926 447 972 ergo
469 910 678 959 breviter
703 929 789 974 per
809 912 1088 974 praedictos
1114 914 1294 976 gradus
1321 923 1551 973 aetatum,
1573 914 1894 978 etymologias
1915 931 2086 964 eorum

272 1005 306 1052 9
330 991 379 1039 in
402 992 604 1041 homine
630 995 1040 1043 demonstrantes.
1096 997 1267 1043 Infans
1294 995 1472 1044 dicitur
1491 997 1645 1045 homo
1671 996 1857 1060 primae
1882 997 2055 1046 aetatis
2074 1016 2087 1058 3

329 1072 490 1122 dictus
528 1084 693 1124 autern
732 1075 892 1124 infans
931 1076 1046 1139 quia
1082 1079 1246 1126 adhuc
1283 1077 1369 1125 fari
1407 1078 1578 1138 nescit,
1615 1078 1666 1126 id
1703 1088 1776 1127 est
1813 1078 1949 1141 loqui
1983 1095 2085 1128 non

327 1165 504 1217 potest.
603 1159 844 1206 Nondum
889 1158 1021 1207 enim
1066 1160 1194 1207 bene
1237 1159 1474 1208 ordinatis
1524 1160 1758 1209 dentibus
1802 1160 1964 1209 minus
2009 1171 2082 1209 est

244 1247 304 1281 10
328 1238 578 1307 sermonis
604 1239 866 1302 expressio.
942 1244 1069 1289 Puer
1104 1258 1131 1290 a
1165 1241 1375 1303 puritate
1410 1251 1629 1302 vocatus,
1659 1242 1772 1304 quia
1808 1259 1959 1304 purus
1993 1252 2078 1301 est,

327 1329 374 1367 et
413 1322 628 1368 necdum
674 1321 958 1384 lanuginem
1001 1324 1274 1386 floremque
1309 1340 1545 1386 genarum
1583 1324 1786 1372 habens.
1860 1323 1931 1371 Hi
1970 1333 2083 1372 sunt

326 1402 521 1464 ephebi,
563 1402 613 1450 id
652 1412 724 1451 est
761 1420 789 1451 a
827 1405 1035 1452 Phoebo
1072 1403 1205 1464 dicti,
1246 1403 1463 1453 necdum
1503 1403 1741 1471 [pronati]
1779 1405 1879 1465 viri,
1921 1407 2083 1455 adole-

257 1497 302 1529 11
325 1483 531 1531 scentuli
559 1486 707 1532 lenes.
764 1487 890 1532 Puer
915 1495 1078 1533 autem
1109 1485 1263 1533 tribus
1291 1486 1452 1535 modis
1479 1487 1670 1548 dicitur,
1698 1505 1787 1551 pro
1813 1487 2078 1547 nativitate,

324 1574 375 1612 ut
399 1565 567 1613 Esaias
590 1566 655 1629 (9,
678 1565 749 1630 6):
783 1568 932 1614 ‘Puer
952 1576 1095 1614 natus
1117 1577 1189 1615 est
1208 1568 1383 1617 nobis.>
1434 1572 1527 1617 Pro
1544 1579 1716 1627 aetate,
1738 1579 1790 1618 ut
1808 1571 2078 1629 octoennis‚

322 1648 573 1695 decennis.
646 1650 795 1696 Vnde
822 1658 894 1696 est
923 1648 1044 1696 illud
1067 1669 1074 1697 :

586 1731 693 1777 Iam
731 1729 916 1793 puerile
956 1730 1125 1793 iugum
1163 1742 1331 1781 tenera
1367 1733 1556 1782 cervice
1593 1735 1805 1796 gerebat.

322 1813 416 1858 Pro
464 1811 708 1874 obsequio
757 1821 805 1860 et
850 1812 965 1860 fidei
1015 1812 1237 1875 puritate,
1286 1825 1337 1862 ut
1385 1815 1631 1863 Dominus
1679 1817 1743 1864 ad
1785 1817 2076 1879 prophetam

319 1893 518 1954 (Ierem.
545 1911 582 1951 Ι,
606 1892 682 1957 7);
724 1898 734 1917 ‘
753 1895 880 1941 Puer
907 1911 1045 1942 meus
1073 1911 1123 1942 es
1151 1904 1216 1953 tu,
1236 1895 1338 1942 noli
1359 1895 1559 1955 timere,'
1587 1898 1707 1944 dum
1728 1897 1825 1945 iam
1845 1897 2077 1946 Ieremias

242 1983 294 2018 12
317 1975 463 2037 longe
501 1976 739 2036 pueritiae
778 1975 1066 2024 excessisset
1103 1992 1273 2024 annos.
1369 1980 1538 2026 Puella
1575 1987 1647 2026 est
1683 1981 1896 2041 parvula,
1937 1979 2075 2042 quasi

316 2057 460 2117 pulla.
535 2057 683 2104 Vnde
720 2066 767 2105 et
805 2057 1021 2120 pupillos
1059 2075 1161 2106 non
1199 2075 1287 2121 pro
1325 2059 1637 2118 condicione,
1665 2062 1752 2108 sed
1790 2077 1878 2123 pro
1914 2070 2073 2110 aetate

314 2137 485 2198 puerili
513 2154 763 2187 vocamuS.
840 2139 1020 2201 Pupilli
1054 2148 1220 2188 autem
1256 2140 1374 2188 dicti
1411 2141 1550 2203 quasi
1587 2141 1635 2189 in
1671 2141 1840 2201 oculis,
1870 2143 1965 2190 hoc
1999 2152 2071 2191 est

312 2235 339 2265 a
366 2218 652 2280 parentibus
690 2219 813 2269 orbi.
914 2222 984 2267 Hi
1022 2230 1188 2269 autem
1226 2239 1337 2270 vere
1374 2222 1547 2285 pupilli
1585 2223 1816 2271 dicuntur
1858 2241 2068 2287 quorum

312 2310 473 2363 patres
499 2310 613 2348 ante
641 2303 961 2350 decesserunt
988 2319 1137 2364 quam
1165 2303 1228 2350 ab
1249 2303 1324 2351 his
1350 2320 1535 2352 nomen
1560 2304 1854 2367 acceperint.
1906 2306 2067 2355 Ceteri

312 2381 419 2428 orbi
439 2391 677 2430 vocantur
703 2385 924 2446 orphani,
947 2383 1078 2432 idem
1107 2383 1191 2447 qui
1212 2394 1259 2433 et
1280 2385 1453 2448 pupilli
1472 2404 1484 2445 3
1520 2384 1642 2434 illud
1663 2386 1794 2434 enim
1821 2387 2067 2435 Graecum

311 2479 495 2512 nomen
538 2473 627 2524 est,
667 2466 763 2512 hoc
808 2465 1057 2513 Latinum.
1157 2468 1288 2514 Nam
1333 2475 1380 2514 et
1422 2466 1473 2513 in
1517 2468 1724 2529 psalmo,
1767 2468 1853 2516 ubi
1895 2468 2070 2532 legitur

368 2607 385 2632 1
420 2594 591 2647 dicitur]
617 2595 756 2633 dictus
777 2595 822 2632 K
932 2608 956 2644 5
989 2596 1159 2634 ultimae
1177 2595 1223 2633 K
1340 2598 1366 2634 6
1399 2596 1445 2633 fit
1466 2595 1511 2633 K
1619 2603 1742 2635 sexta
1770 2596 1807 2635 T
1924 2611 1944 2647 7
1966 2601 2066 2637 scri-

307 2656 483 2698 pserunt
503 2648 538 2688 C
645 2651 670 2687 8
701 2651 848 2688 mortis
867 2663 950 2691 om.
975 2651 1016 2689 Β
1128 2649 1272 2701 term.]
1296 2655 1486 2699 tempore
1507 2650 1553 2687 K
1572 2650 1673 2694 (non
1697 2651 1754 2701 D)
1867 2666 1893 2702 9
1922 2659 2004 2693 aet.
2025 2661 2066 2692 et

308 2710 437 2754 etym.
463 2704 508 2742 K
529 2705 629 2756 (non
651 2704 709 2755 D)
800 2718 942 2743 earum
967 2705 1012 2743 K
1097 2718 1146 2743 10
1176 2705 1515 2744 demonstremus
1536 2705 1696 2756 K(non
1717 2706 1780 2758 D)
1869 2720 1914 2745 11
1945 2708 2065 2760 quia]

306 2761 418 2810 quod
440 2759 485 2797 K
653 2772 700 2797 12
730 2773 812 2798 non
835 2773 903 2800 en.
930 2760 965 2799 C
1085 2773 1194 2809 pene
1215 2758 1262 2796 K
1380 2759 1516 2810 dent.]
1537 2761 1734 2799 sensibus
1755 2761 1795 2799 Β
1964 2775 2010 2810 13
2039 2776 2064 2801 a

311 2815 493 2864 pueritia
517 2814 559 2852 K
578 2813 682 2863 (non
702 2814 764 2865 D)
946 2827 993 2863 15
1024 2814 1189 2865 pronati
1209 2813 1303 2852 lzab.
1328 2814 1518 2853 KB2XD
1538 2815 1635 2865 (pro
1655 2815 1918 2865 nativitatae)
1939 2831 1946 2855 ;
1977 2830 2060 2858 om.

305 2869 403 2907 B1C
411 2869 448 2906 T
572 2870 622 2907 16
650 2868 690 2907 le
712 2884 733 2904 a*
753 2882 774 2907 >iz
792 2885 812 2904 ÷:-
835 2868 891 2906 Β1
916 2870 1052 2919 (leves
1068 2870 1098 2919 2)
1125 2869 1225 2919 (non
1246 2867 1307 2917 D)
1438 2883 1484 2919 17
1516 2882 1593 2919 per
1613 2875 1791 2908 aetatem
1812 2869 1859 2908 K
1876 2869 1978 2922 (non
1999 2872 2058 2923 D)

308 2926 355 2962 18
387 2923 519 2974 unde]
536 2929 580 2962 ut
597 2923 634 2961 Β
750 2936 799 2972 19
818 2923 1018 2972 pueriliT
1090 2923 1265 2972 regebat
1285 2922 1371 2960 BT
1474 2937 1526 2963 20
1546 2937 1622 2973 per
1642 2924 1732 2963 obs.
1754 2923 1800 2961 K
1907 2937 1954 2963 21
1979 2926 2062 2965 iam

303 2992 386 3016 om.
408 2978 449 3016 B
559 2990 611 3015 22
642 2985 888 3017 excesserat
916 2978 963 3017 K
980 2979 1082 3028 (non
1107 2977 1171 3029 D)
1296 2990 1348 3026 23
1378 2978 1500 3030 pup.]
1530 2978 1668 3028 pullos
1700 2977 1748 3016 Cl
1857 2992 1910 3029 24
1940 2982 2060 3030 pueri

304 3046 395 3071 voc.
416 3031 465 3070 Cl
580 3044 630 3081 25
661 3034 966 3082 apparentibus
983 3033 1024 3070 Β
1134 3035 1188 3070 26
1217 3031 1509 3072 discesserunt
1520 3032 1607 3072 ΒΚ
1687 3033 1930 3083 acciperent
1945 3033 2068 3088 BCT

303 3100 353 3136 27
387 3088 442 3126 id.
464 3087 533 3137 qui
552 3100 652 3137 pup.
675 3086 720 3124 K
882 3088 934 3125 28
963 3101 1058 3126 nam
1079 3086 1142 3139 et]
1164 3091 1306 3125 manet
1327 3086 1368 3124 B

2116 1023 2176 1052 109

2109 1430 2167 1471 15!

2105 1840 2165 1867 20›

2097 2246 2176 2285 25..

2151 3055 2176 3118 *ἐ
