2176 3424
446 85 1074 134 ETYMOLOGIARVM
1116 84 1244 130 LIB.
1285 82 1402 128 XII.
1443 78 1455 126 i

82 216 130 264 in
171 216 300 264 bello
337 214 565 273 sentiunt,
611 215 738 263 adeo
781 222 833 261 ut
875 210 1177 261 adversarios
1226 226 1392 259 morsu
1431 215 1630 272 petant:
1668 206 1821 270 aliqui

80 299 226 346 etiam
251 296 472 361 proprios
509 295 740 346 dominos
777 302 1153 359 recognoscunt,
1182 291 1323 342 obliti
1360 289 1754 340 mansuetudinis
1780 290 1818 337 si

81 387 330 428 mutentur
350 395 364 438 3
401 377 552 441 aliqui
592 387 783 441 praeter
825 377 1087 426 dominum
1130 376 1279 423 dorso
1318 374 1510 421 nullum
1542 370 1815 434 recipiunt:

79 459 458 510 interfectisvel
498 459 823 508 morientibus
866 457 1082 507 dominis
1132 455 1272 505 multi
1321 456 1546 504 lacrimas
1586 454 1814 502 fundunt.

15 563 54 607 ,5
79 545 246 594 Solum
275 544 406 591 enim
433 560 616 605 equum
643 550 841 606 propter
865 541 1121 589 hominem
1146 539 1400 587 lacrimare
1426 547 1474 586 et
1500 537 1684 586 doloris
1705 537 1819 584 affe-

79 633 212 672 ctum
239 623 432 673 sentire.
505 625 652 673 Vnde
692 621 785 689 [et]
821 624 873 670 in
906 623 1165 671 Centauris
1203 637 1442 684 equorum
1478 629 1526 668 et
1558 617 1819 667 hominum

79 713 250 754 natura
279 705 516 769 permixta
549 715 634 754 est.
709 706 878 754 Solent
909 702 1057 752 etiam
1092 719 1150 752 ex
1189 719 1429 766 equorum
1465 703 1542 750 vel
1580 699 1823 749 maestitia
1845 715 1912 763 44

78 790 154 836 vel
192 787 439 837 alacritate
482 797 713 836 eventurn
755 788 974 833 futurum
1013 785 1290 834 dimicaturi
1331 783 1572 847 colligere.
1670 785 1821 832 Aetas

79 870 316 932 longaeva
340 868 478 932 equis
506 868 727 927 Persicis,
758 866 1028 927 Hunnicis,
1055 866 1269 929 Epirotis
1307 883 1364 914 ac
1401 865 1577 914 Siculis
1604 864 1654 912 in
1679 864 1821 913 annis

0 969 58 1006 κς)
81 953 204 1000 ultra
246 952 614 1014 quinquaginta,
661 950 853 998 brevior
891 958 1056 997 autern
1103 947 1343 1010 Hispanis
1391 963 1448 995 ac
1497 946 1731 995 Numidis
1774 954 1822 994 et

82 1032 281 1081 Gallicis
324 1034 553 1095 frequens
593 1031 762 1094 opinio
810 1040 896 1079 est.
971 1032 1032 1078 In
1079 1030 1329 1093 generosis
1378 1030 1533 1091 equis,
1585 1038 1638 1077 ut
1685 1029 1824 1077 aiunt
1861 1043 1926 1092 45

80 1124 280 1174 veteres,
342 1124 572 1177 quattuor
621 1121 931 1177 spectantur:
987 1113 1157 1171 forma,
1207 1112 1539 1175 pulchritudo,
1593 1111 1822 1159 meritum

79 1205 227 1259 atque
252 1197 400 1245 color.
476 1198 668 1255 Forma,
696 1203 749 1243 ut
775 1193 835 1242 sit
862 1192 1077 1242 validum
1106 1209 1284 1255 corpus
1319 1202 1367 1241 et
1401 1194 1631 1252 solidum,
1660 1193 1823 1241 robori

80 1280 379 1327 conveniens
434 1277 662 1337 altitudo,
717 1278 842 1324 latus
904 1277 1124 1337 longum,
1174 1273 1463 1323 substrictus
1521 1274 1734 1323 maxime
1777 1283 1825 1323 et

0 1375 61 1432 *³⁸
80 1359 278 1409 rotundi
314 1359 485 1419 clunis,
524 1367 695 1422 pectus
733 1360 829 1406 late
867 1367 1057 1419 patens,
1084 1373 1263 1419 corpus
1301 1373 1451 1405 omne
1484 1358 1822 1405 musculorum

81 1442 324 1490 densitate
371 1443 633 1499 nodosum,
680 1456 765 1503 pes
807 1438 965 1488 siccus
1014 1448 1062 1487 et
1110 1455 1264 1487 cornu
1306 1455 1528 1486 concavo
1567 1439 1820 1487 solidatus.

81 1524 415 1582 Pulchritudo,
444 1532 497 1571 ut
521 1522 581 1571 sit
606 1523 835 1585 exiguum
852 1530 998 1584 caput
1024 1529 1072 1569 et
1091 1522 1291 1580 siccum,
1315 1521 1441 1583 pelle
1458 1537 1611 1584 prope
1631 1521 1824 1569 ossibus
1847 1515 1920 1573 46

84 1606 397 1665 adhaerente,
415 1622 556 1653 aures
577 1605 749 1653 breves
777 1613 824 1652 et
850 1613 1061 1666 argutae,
1086 1601 1216 1651 oculi
1243 1602 1422 1665 magni,
1444 1619 1585 1651 nares
1612 1605 1823 1666 patulae,

85 1696 245 1735 erecta
270 1686 442 1746 cervix,
471 1702 614 1735 corna
640 1687 796 1734 densa
832 1695 879 1733 et
915 1686 1086 1743 cauda,
1116 1686 1407 1747 ungularum
1446 1683 1705 1734 soliditatis
1731 1686 1825 1733 fixa

0 1786 62 1823 ηρ
83 1767 370 1816 rotunditas.
444 1769 696 1828 Meritum,
721 1776 774 1815 ut
807 1768 867 1816 sit
900 1768 1068 1815 animo
1097 1767 1272 1826 audax,
1299 1766 1511 1829 pedibus
1536 1768 1709 1826 alacer,
1738 1776 1824 1816 tre·
1847 1770 1911 1820 47

83 1848 331 1898 mentibus
358 1850 604 1909 membris,
633 1850 769 1912 quod
806 1857 879 1898 est
914 1848 1213 1898 fortitudinis
1250 1847 1518 1898 indicium:
1556 1850 1741 1912 quique
1767 1867 1825 1898 ex

83 1947 275 1979 summa
310 1930 474 1992 quiete
510 1930 651 1979 facile
689 1932 979 1991 concitetur,
1015 1932 1091 1979 vel
1128 1930 1336 1979 excitata
1372 1929 1686 1980 festinatione
1724 1948 1824 1980 non

84 2013 280 2062 difficile
315 2021 554 2061 teneatur.
626 2014 798 2061 Motus
836 2021 1002 2060 autem
1038 2013 1153 2075 equi
1190 2012 1240 2058 in
1276 2010 1476 2061 auribus
1513 2011 1821 2076 intellegitur,

1 2129 7 2162 κγ
44 2131 50 2161 3
82 2093 231 2143 virtus
248 2094 297 2141 in
317 2094 551 2142 membris
571 2093 907 2142 trementibus.
950 2094 1100 2143 Color
1120 2094 1199 2141 hic
1216 2094 1479 2156 praecipue
1496 2095 1794 2156 spectandus
1816 2113 1825 2142 :
1848 2094 1915 2153 48

0 2168 63 2235 βε
84 2175 275 2233 badius,
288 2191 463 2223 aureus
468 2191 672 2236 ,roseus,
692 2184 922 2237 myrteus,
944 2173 1183 2234 cervinus,
1201 2172 1370 2238 gilvus,
1390 2176 1605 2238 glaucus,
1619 2178 1825 2225 scutula-

84 2267 173 2316 ωε,
197 2273 362 2317 canus,
390 2257 646 2316 candidus,
673 2257 828 2315 albus,
850 2265 1081 2319 guttatus,
1105 2258 1257 2320 niger.
1313 2258 1550 2320 Sequenti
1568 2267 1734 2307 autem
1756 2277 1826 2308 or-

82 2338 210 2399 dine,
224 2340 382 2387 varius
399 2356 456 2387 ex
472 2337 610 2401 nigro
631 2338 881 2402 badioque
897 2339 1181 2398 distinctus;
1202 2338 1419 2402 reliquus
1429 2341 1589 2388 varius
1607 2342 1741 2390 color
1750 2343 1826 2390 vel

76 2457 82 2514 s
140 2482 156 2508 1
191 2468 351 2520 morsu]
372 2473 487 2506 motu
518 2467 553 2505 T
727 2482 751 2506 2
782 2467 943 2520 recog]
968 2474 1121 2518 regunt
1141 2468 1201 2507 Κ1
1329 2469 1458 2508 oblita
1478 2472 1826 2512 mansuetudines

83 2523 196 2563 obliti
227 2536 401 2563 mansue
435 2522 580 2573 (delet.)
610 2522 656 2560 K
787 2536 812 2573 3
841 2523 970 2573 aliqui
994 2554 1004 2563 .
1027 2554 1036 2563 .
1061 2553 1069 2562 .
1093 2537 1176 2563 rec.
1199 2537 1283 2563 om.
1318 2524 1364 2561 Tl
1494 2527 1520 2563 6
1550 2533 1591 2565 et
1611 2527 1703 2566 hab.
1728 2527 1824 2567 CT:

83 2591 164 2619 om.
187 2578 275 2616 ΒΚ
434 2591 484 2616 eo
504 2590 683 2627 quorum
704 2577 750 2615 K
882 2580 907 2616 8
938 2578 1063 2616 futuri
1085 2578 1131 2616 K
1291 2593 1317 2629 9
1331 2579 1493 2628 ugnicis
1515 2580 1554 2618 Β
1574 2595 1583 2619 :
1612 2582 1770 2622 uniscis
1799 2583 1827 2620 I

51 2651 56 2678 >
84 2639 124 2671 et
139 2633 285 2684 pirotis
305 2631 432 2671 BlK:
452 2638 493 2671 et
514 2645 580 2682 ep.
604 2632 639 2670 C
729 2644 779 2670 10
800 2633 1000 2671 numidiis
1025 2631 1124 2671 ClT
1217 2646 1259 2670 11
1285 2647 1465 2683 generos
1488 2635 1537 2673 C1
1628 2649 1675 2674 12
1697 2650 1824 2687 expe-

85 2693 247 2727 ctantur
266 2687 395 2725 BKT
410 2687 561 2739 <-atur)
678 2699 726 2735 13
756 2687 831 2738 sit]
853 2687 888 2726 si
916 2687 972 2728 T:
1006 2688 1061 2726 sit
1082 2700 1208 2727 omne
1228 2688 1269 2726 Β
1385 2701 1432 2737 14
1463 2689 1732 2729 substrictum
1756 2691 1826 2730 CG

86 2742 187 2793 (non
222 2741 329 2794 UX)
443 2740 613 2779 maximi
639 2741 673 2779 C
690 2742 794 2793 (non
827 2739 969 2791 GUX)
1130 2754 1176 2791 15
1208 2742 1344 2782 clunis
1362 2742 1427 2783 B:
1461 2744 1607 2783 clunes
1629 2745 1830 2784 CGKTX

7 2830 10 2833 ,
80 2799 136 2842 ,16
156 2797 330 2835 dentate
351 2796 546 2835 nodosim
562 2794 613 2834 C1
724 2809 770 2845 17
794 2802 836 2835 et
853 2797 954 2836 sice.
976 2803 1019 2836 et
1044 2796 1128 2848 pel.
1146 2797 1191 2834 K
1296 2798 1346 2836 18
1365 2811 1490 2837 aures
1505 2828 1514 2838 .
1536 2827 1545 2838 .
1565 2813 1666 2846 arg.
1683 2813 1769 2840 om.
1797 2800 1832 2838 T

85 2858 230 2890 acutae
253 2850 331 2890 CK
484 2863 594 2900 mag.
617 2856 717 2889 nata
736 2850 887 2903 (delet.)
911 2864 1039 2891 nares
1059 2851 1105 2889 K
1299 2865 1348 2901 19
1375 2853 1588 2892 soliditate
1607 2853 1707 2892 B1C
1725 2854 1826 2904 (non

89 2905 142 2955 G)
234 2919 282 2944 21
306 2906 376 2955 qui
389 2918 444 2944 ex
459 2905 564 2943 KTl
585 2906 687 2957 (non
710 2905 765 2956 U)
851 2918 901 2944 22
921 2919 1008 2946 non
1023 2906 1132 2957 diff]
1155 2905 1278 2945 facile
1299 2906 1345 2944 K
1452 2920 1503 2956 23
1523 2907 1634 2959 aun]
1654 2910 1826 2950 naribus

94 2958 131 2998 T
213 2973 263 3009 24
284 2961 572 3010 expectandus
588 2960 725 3012 (exs-)
744 2959 854 3001 codd.
952 2973 1003 3011 25
1027 2973 1234 3000 cervunus
1250 2961 1290 2999 Β
1311 2975 1320 3000 :
1341 2961 1537 3000 ceruleus
1555 2961 1600 3000 K
1679 2964 1825 3011 gelbus

87 3013 132 3053 K
237 3016 290 3053 26
317 3027 470 3054 canus,
491 3045 500 3054 .
518 3042 527 3054 .
542 3019 647 3064 gutt.
670 3027 752 3055 om.
777 3013 822 3052 C¹
938 3029 988 3064 27
1020 3027 1108 3056 var.
1133 3015 1246 3054 color
1269 3015 1422 3068 (delet.)
1442 3029 1495 3054 ex
1526 3015 1562 3053 T
1640 3017 1825 3068 reliquos

88 3068 225 3107 varios
247 3067 409 3108 colores
430 3067 475 3106 K
638 3069 706 3108 vel
727 3071 808 3108 cin.
834 3070 915 3109 det.
941 3082 1023 3110 om.
1050 3069 1095 3107 K
