2176 3424
1067 123 1342 171 ISIDORI

594 249 742 312 Signa
777 266 917 312 pares
953 250 1142 313 aquilas
1180 260 1228 300 et
1264 253 1363 315 pila
1399 252 1638 301 minantia
1673 256 1796 317 pilis.

270 338 299 383 3
328 332 614 379 Draconum
643 332 780 394 signa
803 331 868 379 ab
893 318 1127 394 Apolline
1152 342 1309 382 morte
1331 334 1567 396 Pythonis
1588 335 1826 399 serpentis
1846 335 2078 384 inchoata

325 422 453 461 sunt.
518 412 714 462 Dehinc
739 430 767 460 a
793 413 994 462 Graecis
1021 422 1068 462 et
1096 414 1337 463 Romanis
1365 416 1414 463 in
1440 415 1570 465 bello
1589 418 1764 480 gestari
1790 427 2072 481 coeperunt.

268 511 300 556 4
327 494 482 543 Pilam
520 494 571 542 in
608 494 748 558 signo
783 495 1096 544 constituisse
1134 497 1282 545 fertur
1320 499 1584 560 Augustus,
1617 508 1815 562 propter
1850 499 2076 548 nationes

325 576 419 625 sibi
443 576 493 624 in
520 586 702 625 cuncto
722 577 841 626 orbe
862 576 1123 637 subiectas,
1147 586 1200 626 ut
1226 577 1382 626 maius
1405 581 1607 642 figuram
1628 579 1760 629 orbis
1780 582 2073 630 ostenderet.
2100 596 2122 637 5

271 671 300 718 5
329 659 572 707 Vexillum
603 669 650 707 et
683 660 829 722 ipsud
863 661 1057 722 signum
1092 660 1342 722 bellicum,
1369 670 1578 709 tractum
1613 678 1797 711 nomen
1830 662 2019 711 habens
2049 680 2077 711 a

325 739 418 789 veli
445 739 791 800 diminutione,
820 742 959 804 quasi
985 740 1247 790 velxillum.
1310 742 1412 791 Sub
1441 745 1660 792 Romulo
1685 752 1852 793 autem
1879 744 2076 793 fascicu-

325 823 397 869 los
447 821 546 869 feni
594 839 683 885 pro
731 821 918 871 vexillis
967 821 1145 872 milites
1193 824 1499 873 habuerunt:
1561 825 1676 874 hinc
1733 835 1781 874 et
1837 825 2076 890 manipuli

323 904 633 966 appellantur
651 922 663 964 3
701 904 979 967 manipulos
1006 904 1139 953 enim
1165 904 1376 954 dicimus
1402 907 1557 956 fasces
1583 906 1681 956 feni
1711 908 1848 970 quod
1873 924 2075 956 manum

324 986 556 1048 inpleant.
631 986 809 1036 Cetera
842 985 980 1050 signa
1009 985 1211 1036 diversis
1237 989 1452 1050 praelata
1477 987 1772 1052 imaginibus
1799 991 2075 1039 secundum
2102 1006 2154 1034 10

324 1066 584 1116 militarem
634 1068 1048 1117 consuetudinem
1098 1069 1325 1129 existunt,
1377 1086 1462 1133 per
1510 1086 1632 1134 quas
1681 1070 1919 1120 exercitus
1974 1088 2076 1135 per-

324 1150 612 1198 mixtionem
637 1149 938 1212 proeliorum
963 1150 1258 1214 agnoscitur.

243 1240 299 1279 IV
458 1232 542 1279 DE
585 1246 803 1280 BVCINIS.
893 1234 1084 1281 Bucina
1126 1242 1199 1281 est
1235 1250 1333 1296 qua
1369 1232 1562 1296 signum
1601 1234 1743 1282 datur
1779 1233 1828 1282 in
1865 1236 2072 1295 hostem,

322 1311 453 1361 dicta
479 1330 508 1361 a
532 1329 668 1373 voce,
696 1315 835 1376 quasi
862 1314 1050 1362 vocina.
1115 1317 1244 1363 Nam
1264 1316 1440 1378 pagani
1460 1324 1772 1378 agrestesque
1790 1317 1853 1365 ad
1874 1333 2074 1365 ornnem

322 1410 466 1442 usum
512 1395 692 1443 bucina
734 1397 798 1444 ad
840 1395 1042 1459 conpita
1084 1397 1514 1445 convocabantur:
1575 1398 1769 1460 proprie
1818 1414 1932 1461 ergo
1980 1399 2074 1447 hoc
2101 1414 2148 1455 15

320 1475 591 1538 agrestibus
618 1476 812 1539 signum
839 1477 943 1526 fuit.
1019 1480 1096 1526 De
1123 1494 1223 1540 quo
1251 1478 1531 1540 Propertius
1558 1478 1623 1542 (4,
1650 1496 1687 1538 1,
1714 1478 1794 1543 13)
1819 1497 1828 1527 :

593 1558 783 1606 Bucina
819 1559 1028 1621 cogebat
1066 1559 1249 1622 priscos
1284 1561 1349 1608 ad
1385 1577 1520 1607 arma
1559 1559 1789 1621 Quirites.

266 1651 295 1685 2
323 1638 489 1687 Huius
523 1640 723 1702 clangor
756 1640 994 1688 bucinum
1020 1640 1211 1690 dicitur.
1286 1642 1484 1690 Tubam
1510 1641 1751 1704 Tyrrheni
1776 1641 1918 1705 primi
1945 1642 2072 1691 inve-

320 1729 530 1780 nerunt,
566 1722 700 1769 unde
731 1718 823 1786 [et]
850 1720 1093 1784 Vergilius
1120 1721 1266 1782 (Aen.
1287 1724 1328 1781 8,
1352 1722 1500 1786 526):

490 1804 875 1865 Tyrrhenusque
911 1803 1061 1851 tubae
1099 1804 1286 1866 mugire
1321 1820 1407 1866 per
1442 1805 1641 1852 aethera
1676 1806 1888 1867 clangor.
2095 1830 2147 1861 20

323 1886 471 1931 Hanc
497 1885 629 1932 enim
655 1900 684 1932 a
707 1885 973 1947 Tyrrhenis
999 1884 1333 1947 praedonibus
1359 1884 1697 1947 excogitatam,
1725 1902 1840 1934 curn
1865 1885 2072 1948 dispersi

319 1967 447 2014 circa
472 1964 739 2014 maritimas
760 1982 868 2015 oras
889 1983 993 2014 non
1011 1966 1153 2015 facile
1171 1967 1235 2016 ad
1255 1983 1505 2030 quamque
1525 1968 1736 2030 praedae
1756 1967 2069 2016 occasionem

321 2064 441 2096 voce
477 2057 561 2097 aut
597 2047 779 2097 bucina
820 2058 1170 2108 convocantur,
1217 2058 1366 2098 vento
1408 2051 1699 2111 plerumque
1735 2049 2065 2113 obstrepente.

263 2138 292 2184 3
321 2129 457 2177 Hinc
487 2139 661 2192 postea
693 2129 882 2178 bellicis
913 2129 1264 2179 certaminibus
1294 2129 1519 2180 adhibita
1542 2139 1615 2179 est
1641 2131 1704 2180 ad
1729 2132 2070 2181 denuntianda

319 2210 456 2274 signa
498 2212 755 2271 bellorum,
801 2222 855 2260 ut
901 2212 987 2260 ubi
1035 2211 1253 2262 exaudiri
1300 2228 1478 2275 praeco
1525 2229 1611 2276 per
1659 2215 1925 2262 tumultum
1968 2231 2069 2263 non
2093 2238 2140 2280 25

378 2354 395 2380 1
428 2341 568 2394 signa]
592 2343 723 2392 signis
743 2342 851 2381 B1K
937 2344 1076 2394 aquila
1096 2345 1173 2383 sed
1203 2344 1240 2382 T
1372 2357 1396 2381 2
1427 2343 1655 2395 appollinis
1674 2345 1720 2383 K
1802 2344 1911 2383 inch.
1958 2344 2066 2384 indi-

318 2397 429 2435 cium
450 2402 544 2436 acta
563 2397 653 2435 KN
770 2411 794 2447 3
824 2405 923 2437 sunt
941 2412 991 2438 ex
1010 2412 1107 2439 corr.
1138 2397 1175 2438 T
1279 2399 1322 2450 a]
1346 2411 1369 2436 e
1389 2395 1451 2436 K1
1572 2411 1595 2448 5
1627 2404 1782 2438 cuncto
1801 2397 1882 2437 BC
1939 2414 1946 2438 :
1977 2405 2065 2439 toto

327 2451 365 2489 T
595 2452 729 2491 malus
752 2453 832 2504 (vel
850 2453 1002 2506 maius)
1022 2452 1103 2492 BC
1108 2453 1145 2492 T
1155 2468 1163 2492 ε
1197 2454 1349 2491 malum
1372 2452 1419 2490 K
1435 2468 1443 2492 ε
1473 2453 1620 2492 melius
1640 2453 1682 2492 A
1691 2467 1789 2493 νεῖμε
1819 2454 1950 2503 magis
1970 2454 2061 2494 dett.

319 2506 453 2556 figura
475 2506 631 2545 morbis
659 2506 713 2544 Tl
811 2508 837 2544 6
866 2508 1045 2546 bellicon
1067 2507 1113 2546 K
1200 2521 1221 2557 7
1252 2521 1322 2557 qu.
1344 2508 1570 2546 velixillum
1592 2507 1680 2546 ΒΚ
1697 2523 1705 2547 :
1734 2521 1804 2558 qu.
1825 2508 2064 2547 velexillum

318 2561 518 2599 vexillum
542 2560 615 2599 Cl:
647 2574 715 2610 qu.
737 2563 941 2600 vexillum
969 2561 1007 2600 T
1167 2576 1217 2601 10
1248 2563 1409 2612 prolata
1434 2562 1469 2601 C
1600 2563 1692 2614 im.]
1715 2563 1951 2612 agminibus
1971 2563 2059 2604 dett.

322 2629 366 2653 11
401 2628 478 2665 per
497 2628 606 2665 quae
625 2628 671 2655 se
694 2615 819 2656 Arev.
843 2617 957 2667 (cum
978 2617 1191 2671 agnoscit)
1425 2617 1711 2667 permixtione
1735 2617 1771 2657 C
1787 2618 1906 2667 (fort.
1931 2619 2064 2668 recte):

318 2671 522 2709 mixtione
543 2669 590 2708 K
741 2683 789 2709 12
819 2672 1010 2720 agnoscit
1025 2670 1067 2708 Β
1075 2670 1113 2709 Τ
1263 2684 1311 2721 13
1340 2673 1456 2721 quasi
1479 2672 1558 2721 sig.
1577 2672 1718 2710 datum
1737 2671 1787 2710 Cl
1897 2672 2062 2712 hostem

316 2724 383 2766 B:
416 2731 476 2763 —te
499 2723 622 2763 CKT
786 2739 832 2775 14
864 2727 974 2765 dicta
995 2757 1004 2766 .
1031 2755 1041 2764 .
1066 2757 1074 2765 .
1095 2726 1247 2765 vocina
1268 2739 1350 2766 om.
1381 2725 1536 2776 T(non
1563 2726 1619 2777 U)
1758 2740 1824 2776 qu.
1850 2727 2002 2766 bucina
2023 2726 2063 2764 Β

322 2792 367 2828 17
400 2780 610 2830 cogebant
629 2778 670 2816 Β
835 2781 888 2819 ad
907 2781 1035 2820 verba
1054 2780 1236 2832 Propert.
1490 2795 1538 2831 19
1568 2786 1610 2820 et
1629 2780 1721 2820 hab.
1751 2781 1808 2819 T:
1837 2794 1918 2820 om.
1940 2780 2065 2820 BCK

316 2847 371 2874 20
400 2835 585 2873 tirrenus
606 2834 725 2884 quasi
748 2840 803 2873 tu.
827 2834 869 2872 Β
989 2835 1181 2886 mugiens
1201 2833 1247 2873 K
1401 2848 1450 2874 21
1485 2836 1728 2886 excogitata
1747 2835 1794 2873 K
1799 2836 1837 2875 T
1898 2853 1901 2856 ·
1959 2848 2059 2886 qum

324 2887 382 2928 T:
412 2889 529 2928 cuius
549 2888 596 2927 K
744 2901 796 2926 22
827 2902 922 2929 aras
942 2889 1001 2928 Bl
1126 2891 1326 2940 praedam
1347 2889 1389 2927 Β
1540 2903 1593 2940 23
1621 2889 1713 2941 aut]
1737 2896 1782 2928 ut
1810 2890 1848 2928 T
1962 2903 2059 2929 con-

316 2950 492 2983 vocatur
510 2943 600 2982 ΒΚ
615 2943 704 2994 (vix
721 2945 860 2995 recte>z
892 2950 1226 2985 convocarentur
1253 2944 1291 2982 T
1522 2957 1574 2994 24
1605 2945 1892 2984 denuntianda
1910 2943 2033 2983 BCK
2049 2961 2059 2985 ε

318 2998 579 3048 designanda
605 2999 642 3038 T
819 3011 870 3048 25
901 3005 945 3038 ut
967 3031 975 3040 .
998 3029 1007 3039 .
1031 3029 1040 3039 .
1063 2999 1285 3038 tumultum
1307 3011 1388 3038 om.
1415 2997 1453 3036 T
1589 2997 1653 3050 ut]
1676 3004 1718 3038 et
1737 2998 1843 3038 1311<
1982 3011 2060 3050 per

318 3053 496 3092 tumultu
518 3051 583 3092 K:
615 3065 692 3103 pro
714 3053 891 3092 tumultu
911 3052 953 3091 Β
