2176 3424
1083 115 1354 164 ISIDORI

279 250 316 288 V
478 246 559 291 DE
577 258 936 292 MARM0R1Bvs.
1012 247 1128 293 Post
1153 244 1373 308 lapidum
1398 261 1576 308 genera
1602 246 1855 296 veniemus
1880 249 1944 296 ad
1961 265 2080 295 mar-

338 341 490 373 mora.
562 327 691 374 Nam
729 324 854 375 inter
888 324 1076 389 lapides
1114 335 1162 374 et
1199 343 1442 375 marmora
1479 327 1753 377 differentia
1788 337 1874 377 est.
1949 331 2077 378 Nam

337 423 579 456 marmora
604 406 834 456 dicuntur
859 407 1023 456 eximii
1047 407 1248 472 lapides,
1270 408 1351 472 qui
1380 408 1584 459 maculis
1611 419 1658 459 et
1677 410 1924 460 coloribus
1950 428 2080 460 com·

337 490 646 539 mendantur.
721 492 943 539 Marmor
978 507 1139 539 sermo
1165 492 1383 540 Graecus
1425 500 1498 541 est
1529 508 1558 540 a
1590 491 1832 542 viriditate
1861 501 2078 553 vocatus,

336 581 383 620 et
426 572 650 636 quamvis
691 582 863 637 postea
905 582 952 622 et
988 572 1070 621 alii
1111 572 1287 622 coloris
1329 573 1653 635 inveniantur,
1692 592 1877 624 nomen
1913 584 2078 624 tamen
2105 600 2127 639 5

281 668 312 703 2
335 654 593 718 pristinum
610 672 638 704 a
657 654 900 704 viriditate
921 655 1240 705 retinuerunt.
1304 659 1610 706 Marmorum
1631 659 1820 706 colores
1840 667 1887 706 et
1902 674 2079 721 genera

333 736 712 786 innumerabilia
737 746 864 786 sunt.
940 740 1056 787 Non
1081 748 1247 787 tamen
1281 738 1448 787 omnia
1473 756 1499 788 e
1531 739 1735 802 rupibus
1771 738 2075 800 exciduntur,

334 820 421 868 sed
459 821 612 868 multa
646 820 738 868 sub
768 829 893 868 terra
921 836 1088 882 sparsa
1117 829 1231 868 sunt
1261 829 1309 869 et
1343 820 1678 884 pretiosissimi
1698 820 1919 884 generis,
1951 820 2076 885 sicut

335 901 785 951 Lacedaemonium
806 901 959 951 viride
984 904 1274 966 cunctisque
1294 901 1505 963 hilarius,
1524 912 1771 966 repertum
1797 901 1929 966 prius
1945 905 2079 966 apud

277 998 306 1044 3
331 983 770 1044 Lacedaemonios,
790 985 923 1033 unde
940 993 987 1033 et
1011 985 1309 1033 vocabulum
1325 983 1480 1033 traxit.
1542 984 1752 1048 Ophites
1777 983 2078 1048 serpentium
2109 1009 2155 1037 10

332 1065 536 1115 maculis
563 1065 735 1127 simile,
755 1067 888 1115 unde
914 1076 962 1115 et
986 1067 1283 1115 vocabulum
1304 1066 1526 1130 sumpsit.
1601 1069 1717 1115 Duo
1743 1066 1846 1115 eius
1870 1083 2077 1130 genera:

274 1166 306 1214 4
334 1150 482 1198 molle
515 1148 803 1209 candidum,
828 1150 1019 1212 nigrum
1052 1150 1244 1198 durum.
1317 1151 1627 1213 Augusteum
1658 1158 1706 1199 et
1738 1149 1994 1198 Tiberium
2028 1149 2078 1197 in

331 1234 557 1295 Aegypto
597 1230 807 1294 Augusti
843 1248 900 1279 ac
936 1231 1123 1280 Tiberii
1159 1231 1372 1294 primum
1409 1230 1684 1295 principatu
1722 1240 1911 1294 reperta
1948 1240 2076 1280 sunt.

331 1310 620 1361 Differentia
639 1330 808 1362 eorum
827 1323 900 1362 est
919 1313 982 1362 ab
1002 1314 1184 1378 ophite,
1205 1329 1359 1376 quum
1380 1312 1515 1373 illud,
1535 1321 1588 1361 ut
1613 1312 1955 1376 praediximus,
1985 1330 2078 1362 ser-

327 1392 550 1455 pentium
572 1396 778 1443 maculis
799 1394 859 1443 sit
879 1394 1049 1455 simile,
1068 1396 1191 1443 haec
1209 1396 1426 1443 maculas
1447 1393 1639 1444 diverso
1656 1395 1809 1443 modo
1825 1393 2074 1457 colligunt.
2104 1416 2151 1458 15

328 1477 457 1524 Nam
494 1478 803 1540 Augusteum
842 1476 1068 1526 undatim
1102 1486 1174 1526 est
1207 1476 1421 1540 crispum
1455 1475 1505 1524 in
1543 1476 1778 1538 vertice83
1819 1475 2076 1526 Tiberium

274 1575 303 1624 5
326 1573 505 1620 sparsa,
533 1575 634 1608 non
660 1561 938 1619 convoluta,
967 1558 1162 1607 canitie.
1236 1557 1549 1621 Porphyrites
1579 1557 1630 1606 in
1655 1560 1883 1621 Aegypto
1908 1567 1980 1607 est
2005 1574 2078 1606 ru-

326 1639 462 1700 bens,
503 1642 730 1690 candidis
761 1640 1201 1690 intervenientibus
1238 1640 1450 1704 punctis.
1522 1639 1752 1688 Nominis
1790 1639 1893 1689 eius
1931 1657 2078 1690 causa

266 1728 300 1776 6
326 1723 461 1783 quod
483 1722 655 1771 rubeat
677 1720 780 1789 [ut]
803 1739 1030 1787 purpura.
1093 1721 1347 1772 Basanites
1366 1721 1506 1771 ferrei
1526 1721 1702 1771 coloris
1721 1721 1821 1770 sive
1847 1721 2053 1772 duritiae
2065 1740 2078 1783 3

328 1805 461 1853 unde
487 1813 535 1853 et
560 1821 745 1854 nomen
762 1805 806 1854 ei
831 1807 1002 1855 datum
1021 1815 1094 1854 est
1117 1824 1126 1854 ε
1163 1805 1391 1854 inventus
1411 1804 1462 1852 in
1480 1807 1708 1867 Aegypto
1727 1813 1774 1853 et
1794 1803 2073 1867 Aethiopia.
2101 1827 2152 1854 20

278 1895 306 1945 7
331 1886 654 1936 Alabastrites
697 1887 819 1950 lapis
868 1887 1125 1948 candidus,
1166 1886 1475 1936 intertinctus
1523 1885 1666 1934 variis
1714 1885 1975 1944 coloribus,
2018 1903 2076 1935 ex

327 1983 427 2030 quo
445 1969 729 2032 Evangelici
745 1968 873 2017 illius
894 1968 1133 2032 unguenti
1156 1969 1409 2017 vasculum
1427 1966 1529 2016 fuit.
1587 1968 1778 2017 Cavant
1795 1966 1926 2016 enim
1944 1968 2076 2016 hunc

325 2050 390 2098 ad
414 2066 528 2098 vasa
554 2050 890 2114 unguentaria,
914 2049 1150 2114 quoniam
1178 2052 1365 2113 optime
1382 2065 1571 2098 servare
1587 2049 1866 2112 incorrupta
1883 2048 2073 2098 dicitur.

326 2131 558 2180 Nascitur
589 2132 717 2181 circa
749 2133 951 2181 Thebas
978 2131 1243 2197 Aegyptias
1276 2142 1324 2180 et
1358 2134 1660 2180 Damascum
1698 2130 1874 2194 Syriae,
1903 2130 2075 2180 ceteris

271 2214 300 2261 8
326 2212 597 2274 candidior,
615 2213 989 2278 probatissimus
1016 2231 1132 2263 vero
1157 2214 1207 2262 in
1236 2213 1393 2262 India.
1451 2212 1620 2261 Parius
1646 2212 1872 2262 candoris
1892 2212 2070 2273 eximii,
2099 2235 2147 2275 25

324 2295 550 2358 lygdinus
568 2306 934 2360 cognomento:
970 2298 1050 2345 hic
1079 2297 1213 2360 apud
1243 2298 1405 2345 Paron
1435 2295 1644 2344 insulam
1678 2294 1905 2355 nascitur,
1939 2296 2073 2345 unde

382 2439 399 2465 1
431 2428 651 2467 veniamus
671 2427 717 2465 K
805 2441 828 2465 2
861 2442 956 2468 nam
973 2428 1084 2482 (alt.)
1103 2441 1187 2467 om.
1203 2426 1249 2464 K
1330 2440 1354 2475 3
1385 2440 1493 2476 quae
1512 2426 1631 2478 (que)
1651 2438 1756 2465 mac.
1773 2425 1860 2464 BT
1935 2439 1962 2477 4
1992 2427 2066 2466 Gr.

323 2495 403 2522 ser.
429 2481 465 2520 C
614 2489 808 2522 vocatum
830 2482 876 2520 K
1054 2495 1079 2532 5
1108 2482 1286 2532 quodvis
1306 2481 1348 2519 Β
1500 2481 1652 2520 coloris
1673 2480 1780 2520 BT:
1808 2480 1971 2519 colores
1994 2480 2072 2520 CK

322 2537 483 2589 tamen]
506 2544 648 2576 autem
670 2537 711 2576 B
859 2539 884 2576 8
914 2537 1042 2589 sicut]
1063 2544 1163 2576 sunt
1191 2536 1229 2574 T
1364 2550 1391 2587 9
1419 2536 1616 2575 viridiore
1636 2534 1683 2572 K
1792 2535 1954 2574 cunctis
1977 2549 2066 2586 rep.

325 2593 425 2642 (om.
450 2592 541 2642 hil.)
562 2591 650 2630 ΒΚ
773 2605 817 2631 11
850 2593 1011 2631 similes
1030 2592 1104 2631 K:
1132 2591 1283 2630 similis
1305 2590 1372 2628 B:
1402 2590 1540 2629 simile
1559 2596 1623 2629 est
1646 2588 1682 2627 C
1798 2602 1846 2627 12
1875 2591 2068 2640 Auguste

321 2648 389 2685 vel
410 2653 452 2686 et
473 2646 515 2684 Β
674 2659 721 2696 13
751 2648 925 2697 aegypti
949 2646 998 2686 C1
1095 2646 1166 2698 ac]
1186 2652 1229 2685 et
1252 2645 1288 2685 C
1379 2645 1640 2695 principatus
1661 2643 1701 2682 Β
1841 2656 1890 2693 15
1918 2645 2068 2684 similis

321 2701 432 2741 codd.
573 2702 748 2741 maculis
768 2701 858 2739 ΒΚ
1025 2704 1073 2740 16
1101 2702 1300 2740 undatum
1333 2699 1370 2737 T
1502 2700 1658 2738 vertice
1686 2697 1724 2736 T
1887 2713 1933 2748 17
1964 2711 2064 2738 con-

320 2757 462 2796 volata
485 2756 534 2795 C¹
745 2756 1085 2807 Porphireticum
1105 2755 1174 2795 K:
1205 2753 1443 2805 Purpuritis
1464 2753 1544 2792 BC
1548 2754 1583 2792 T
1790 2753 1854 2806 in]
1877 2767 1932 2792 ex
1951 2752 2031 2792 BC
2035 2753 2072 2791 T

323 2824 383 2850 ru.
407 2817 450 2850 et
471 2812 592 2851 cand.
615 2810 662 2848 K
813 2813 862 2850 18
891 2812 1096 2850 candidus
1115 2810 1226 2849 BT:
1255 2809 1482 2848 candidum
1506 2808 1542 2848 C
1697 2821 1746 2859 19
1775 2813 1819 2846 ut
1838 2808 1932 2847 hab.
1960 2807 2066 2847 CK:

320 2879 404 2906 om.
427 2865 513 2904 BT
736 2865 875 2905 ferreo
896 2865 943 2903 K
1148 2865 1290 2903 colore
1310 2863 1398 2902 ΒΚ
1629 2862 1781 2902 duritia
1803 2862 1923 2914 (·cia)
1945 2861 2068 2901 BCK

319 2934 372 2959 20
401 2921 440 2959 ei
461 2934 618 2960 nomen
640 2919 681 2958 Β
832 2921 1051 2960 inventum
1071 2918 1141 2958 K:
1168 2919 1383 2957 inventurn
1405 2924 1470 2957 est
1494 2918 1530 2957 C
1702 2929 1751 2955 21
1783 2916 2062 2957 Alabastritus

319 2974 424 3013 B1K
441 2990 450 3014 ε
478 2975 718 3014 Alabastris
735 2974 818 3013 CT
1003 2974 1343 3013 inter-instinctus
1363 2972 1432 3013 B:
1462 2971 1786 3012 interextinctus
1808 2969 1972 3022 T(haec
1981 2977 2063 3023 pm

318 3029 628 3078 interstinctus)
730 3042 782 3068 22
802 3030 1024 3079 angelicae
1042 3028 1083 3066 Β
1090 3029 1096 3051 ¹
1117 3031 1131 3079 (
1141 3034 1217 3079 'pro
1233 3028 1536 3077 Evangelicae)
1620 3038 1691 3081 &25
1712 3026 2058 3076 probatissimum

319 3082 365 3120 K
459 3086 499 3124 in
516 3099 604 3124 om.
632 3085 668 3122 T
772 3086 825 3122 26
853 3085 1039 3134 ligdinus
1061 3083 1170 3123 codd.
1676 3106 1702 3118 x
