2176 3424
1079 126 1351 174 ISIDORI

334 252 555 302 iniebant
593 271 826 318 pugnarn,
855 254 1146 304 dimicantes
1180 273 1437 319 quousque
1466 258 1586 305 alter
1616 257 1664 303 in
1701 255 1897 304 alterius
1931 265 2088 304 morte

332 334 588 396 prosiliret,
617 346 668 384 ut
695 336 898 386 haberet
923 336 1007 399 qui
1033 339 1230 387 caderet
1264 354 1448 398 casum,
1473 337 1673 401 gloriam
1700 337 1784 401 qui
1810 339 2084 401 perimeret.

335 417 478 477 Quae
503 427 747 466 armatura
771 418 1024 481 pugnabat
1050 419 1224 468 Martis
1251 419 1435 468 Duellii
1461 437 1619 468 causa.
2161 411 2176 460 2¹³

214 496 310 534 LIV
470 501 554 546 DE
579 515 858 548 RETIARIIS.
923 499 1167 549 Retiarius
1192 501 1256 550 ab
1276 511 1549 550 armaturae
1573 517 1765 565 genere.
1829 503 1890 549 In
1908 500 2088 564 gladia-

331 579 456 628 torio
504 582 624 630 ludo
673 592 844 630 contra
890 584 1098 630 alterurn
1146 592 1449 646 pugnantem
1498 582 1682 632 ferebat
1732 585 1926 632 occulte
1967 593 2082 643 rete,
2107 592 2132 632 5

328 663 464 724 quod
508 661 723 711 iaculum
763 666 1051 727 appellatur,
1103 674 1155 713 ut
1197 664 1529 714 adversarium
1579 664 1786 728 cuspide
1827 664 2083 714 insistente

327 743 551 806 operiret,
580 744 958 809 inplicitumque
990 746 1174 795 viribus
1208 757 1471 810 superaret.
1546 749 1689 808 Quae
1719 756 1968 795 armatura
2001 764 2084 810 pu-

327 826 510 888 gnabat
537 829 774 890 Neptuno
800 827 1024 877 tridentis
1049 845 1210 877 causa.

235 920 308 959 LV
467 911 549 956 DE
575 924 936 959 SECVTORfflvs.
999 913 1204 960 Secutor
1227 910 1291 958 ab
1316 910 1627 973 insequendo
1643 910 1888 959 retiarium
1906 912 2079 959 dictus.

328 989 567 1038 Gestabat
592 990 724 1039 enim
750 991 1008 1054 cuspidem
1035 1002 1082 1041 et
1109 1009 1321 1040 massam
1347 992 1648 1055 plumbeam,
1669 1010 1795 1055 quae
1820 991 2083 1041 adversarii
2111 1010 2157 1037 10

326 1073 539 1119 iaculum
567 1073 823 1136 inpediret,
847 1083 898 1122 ut
923 1083 1190 1137 antequam
1217 1073 1298 1123 ille
1323 1073 1483 1123 feriret
1509 1084 1622 1133 rete,
1645 1073 1736 1123 iste
1756 1084 2081 1137 exsuperaret.

326 1156 469 1202 Haec
515 1164 760 1203 armatura
809 1165 995 1204 sacrata
1043 1165 1144 1204 erat
1192 1157 1434 1204 Vulcano.
1522 1157 1656 1218 Ignis
1706 1157 1836 1204 enim
1887 1172 2081 1219 semper

324 1233 610 1298 insequitur,
648 1235 864 1299 ideoque
900 1254 1014 1285 curn
1052 1236 1246 1285 retiario
1275 1238 1682 1300 componebatur,
1724 1236 1838 1300 quia
1870 1236 1995 1300 ignis
2033 1246 2081 1286 et

324 1333 452 1380 aqua
478 1333 673 1381 semper
696 1317 821 1367 inter
846 1335 898 1367 se
923 1318 1122 1367 inimica
1147 1328 1273 1367 sunt.

210 1410 303 1450 LVI
465 1402 548 1447 DE
587 1415 914 1456 LAQVEARns.
990 1403 1373 1464 Laqueariorum
1416 1418 1581 1465 pugna
1617 1411 1718 1450 erat
1753 1400 1994 1464 fugientes
2031 1402 2081 1450 in
2107 1417 2152 1457 15

327 1483 446 1530 ludo
471 1481 698 1530 homines
725 1482 906 1531 iniecto
937 1485 1114 1546 laqueo
1139 1484 1387 1547 inpeditos
1421 1493 1816 1546 consecutosque
1841 1493 2081 1546 prostrare

325 1564 533 1612 amictos
560 1564 781 1612 umbone
807 1563 1017 1627 pellicio.

186 1655 302 1694 LVII
464 1647 546 1692 DE
573 1661 856 1694 VELITIBvs.
930 1646 1150 1695 Velitum
1176 1664 1340 1710 pugna
1374 1657 1474 1696 erat
1501 1657 1553 1696 ut
1586 1649 1713 1696 ultro
1738 1646 1958 1710 citroque
1983 1648 2080 1695 tela

326 1725 646 1776 obiectarent.
719 1730 837 1776 Erat
879 1727 1011 1776 enim
1061 1746 1232 1777 eorum
1272 1729 1402 1777 varia
1444 1745 1608 1793 pugna
1650 1738 1698 1778 et
1741 1727 2077 1791 spectantibus

323 1807 503 1871 gratior
528 1825 677 1871 quam
703 1808 891 1872 reliqua
915 1830 922 1858 :
980 1810 1149 1859 velites
1179 1821 1344 1859 autem
1379 1819 1690 1874 nuncupatos
1729 1812 1830 1859 sive
1857 1827 1887 1858 a
1912 1809 2078 1859 volita·
2105 1826 2154 1854 20

325 1889 473 1949 tione,
504 1891 604 1939 sive
623 1908 652 1939 a
677 1890 871 1940 civitate
900 1894 1219 1940 Etruscorum
1246 1908 1373 1955 quae
1398 1894 1546 1941 Veles
1571 1892 1851 1941 vocabatur.

160 1984 301 2023 LVIII
462 1973 546 2019 DE
596 1987 782 2020 FERALI
833 1988 1159 2022 CERTAMINE.
1232 1975 1462 2022 Ferarum
1507 1991 1672 2037 pugna
1728 1983 1828 2022 erat
1875 1972 2078 2022 emissas

325 2053 508 2102 bestias
535 2055 735 2103 iuvenes
763 2055 999 2118 excipere,
1028 2072 1246 2119 pugnare
1275 2057 1508 2104 adversus
1533 2072 1629 2116 eas,
1656 2056 1881 2104 ultroneo
1906 2056 2077 2103 funere

327 2144 525 2195 certare,
554 2152 654 2184 non
681 2136 900 2197 crimine,
929 2139 1016 2186 sed
1042 2139 1214 2186 furore.

206 2232 304 2271 LIX
467 2219 548 2264 DE
608 2232 798 2265 HORVM
859 2233 1287 2268 EXERCITATIONE
1347 2234 1614 2267 LVDORVM.
1694 2221 1838 2267 Haec
1895 2218 2079 2282 quippe
2103 2237 2151 2279 25

326 2301 608 2361 spectacula
633 2299 932 2349 crudelitatis
959 2311 1006 2348 et
1039 2299 1282 2363 inspectio
1306 2299 1578 2348 vanitatum
1611 2317 1712 2348 non
1737 2302 1897 2348 solum
1923 2300 2077 2349 homi-

382 2441 398 2466 1
431 2427 593 2466 inibant
615 2427 660 2465 K
676 2433 769 2467 ante
788 2442 886 2468 corr.
1050 2430 1157 2468 alter
1175 2429 1355 2469 alterurn
1378 2443 1457 2470 mo.
1482 2428 1570 2468 KN
1591 2432 1692 2480 (non
1719 2430 1780 2479 U)
1895 2436 2073 2470 mortem

322 2481 369 2519 K
385 2482 488 2534 (non
514 2482 572 2533 U)
689 2496 714 2532 3
743 2482 871 2523 Marti
894 2484 1022 2522 duelli
1043 2484 1170 2523 Arev.
1298 2499 1322 2533 4
1351 2490 1559 2524 armatura
1579 2484 1664 2523 BT
1782 2496 1806 2535 5
1837 2491 1970 2524 retem
1991 2486 2077 2525 BT

321 2539 347 2575 6
375 2537 614 2587 appellatus
635 2542 683 2576 ut
700 2537 780 2577 vid.
808 2539 846 2577 T
1060 2539 1288 2579 insistente
1310 2538 1356 2578 K
1375 2554 1383 2578 :
1413 2540 1609 2578 insistere
1629 2539 1668 2577 Β
1688 2553 1698 2578 2
1727 2540 1982 2589 insequente
2009 2540 2071 2580 T:

310 2593 416 2641 fort.
438 2598 541 2630 -tem
701 2605 721 2641 7
754 2599 965 2632 armaturo
987 2592 1034 2631 K
1184 2596 1210 2632 8
1226 2594 1329 2643 fort.
1356 2594 1543 2643 Neptuni
1700 2608 1726 2644 9
1756 2594 1850 2633 Sec.
1875 2601 1941 2634 est
1961 2594 2013 2633 ab
2033 2594 2074 2632 Β

325 2647 427 2695 (non
449 2646 510 2695 U)
667 2659 717 2685 10
745 2648 937 2697 gestabat
956 2648 1041 2685 BT
1042 2648 1084 2686 U
1094 2663 1102 2687 :
1132 2649 1324 2699 portabat
1340 2647 1429 2686 KN
1566 2661 1610 2686 11
1644 2648 1706 2700 ut]
1732 2654 1774 2688 et
1796 2649 1834 2688 T
1938 2655 2071 2688 retem

330 2701 367 2739 T
474 2707 751 2750 exsuperaret
778 2702 858 2741 TU
873 2717 882 2742 ε
911 2708 954 2741 et
973 2708 1195 2752 superaret
1214 2703 1256 2742 B
1273 2718 1281 2742 :
1309 2709 1532 2753 superaret
1551 2702 1642 2742 KN
1779 2715 1827 2741 12
1857 2709 2070 2747 sacratura

323 2762 414 2794 erat
441 2756 484 2794 U
499 2758 599 2806 (non
624 2754 665 2792 V
665 2759 703 2806 ):
733 2764 1008 2796 sacraverunt
1027 2756 1074 2795 K
1089 2771 1098 2796 :
1125 2770 1392 2796 sacraverum
1414 2757 1460 2795 N
1692 2759 1915 2797 vulcanum
1939 2758 2066 2809 (-ga-)
2166 2786 2176 2823 3

321 2809 411 2847 NV
518 2813 566 2849 18
595 2810 790 2849 Veletum
810 2812 895 2850 ΒΤ
1005 2825 1053 2861 19
1083 2812 1406 2862 expectantibus
1422 2812 1463 2851 Β
1570 2825 1624 2851 20
1652 2813 1812 2851 veletes
1833 2812 1888 2850 T:
1919 2813 2072 2851 veletis
2166 2830 2176 2862 5

322 2863 363 2902 Β
554 2864 816 2904 volutatione
843 2866 902 2905 T:
931 2867 1190 2905 vocitatione
1210 2866 1251 2904 Β
1481 2879 1530 2905 21
1564 2867 1676 2919 Etr.]
1699 2873 1741 2906 et
1761 2867 2010 2906 rusticorum
2038 2867 2076 2906 T

322 2919 439 2958 veles
467 2920 525 2958 T:
555 2933 684 2958 vssees
702 2919 760 2958 Β1
777 2934 784 2959 :
817 2921 966 2960 velites
986 2920 1033 2959 K
1136 2922 1396 2960 vocabantur
1416 2920 1461 2959 K
1478 2925 1571 2960 ante
1589 2934 1687 2961 corr.
1820 2933 1872 2959 22
1907 2921 2070 2961 Feralis

324 2972 414 3011 KN
591 2987 644 3023 23
673 2975 841 3014 besteas
860 2975 907 3013 K
913 2975 950 3013 T
1127 2976 1236 3015 ultro
1254 2988 1311 3014 ne
1332 2989 1384 3015 eo
1404 2976 1460 3015 Β1
1641 2978 1694 3014 26
1722 2975 2010 3026 spectaculum
2038 2976 2076 3015 T

321 3026 574 3078 inspectatio
593 3029 633 3066 Β
