2176 3424
415 140 1047 189 ETYMOLOGIARVM
1089 140 1217 186 LIB.
1257 139 1406 187 XIII.
1449 155 1489 197 x,
1532 136 1575 183 xi

125 272 238 320 hinc
264 270 380 320 inde
403 278 663 319 ventorum
693 268 903 332 spirituS.
977 268 1283 316 Subsolanus
1315 283 1344 315 a
1374 268 1523 315 latere
1548 267 1720 314 dextro
1747 266 1868 312 Vul-
1893 278 1923 324 3

118 363 318 402 turnum
343 352 505 411 habet,
535 368 563 399 a
581 352 721 399 laevo
749 352 965 398 Eurum:
1004 351 1184 397 Auster
1216 365 1244 396 a
1273 347 1453 397 dextris
1489 349 1859 405 Euroaustrum,

118 452 147 484 a
174 434 374 483 sinistris
402 433 789 483 Austroafricum
814 452 824 480 ι
861 431 1109 480 Favonius
1143 448 1172 479 a
1205 440 1341 494 parte
1374 431 1544 479 dextra
1570 428 1807 488 Africum,
1835 445 1863 476 a

120 519 256 566 laeva
293 517 509 565 Corum:
546 532 692 580 porro
729 512 1008 576 Septentrio
1044 529 1073 561 a
1109 511 1290 561 dextris
1325 511 1557 570 Circium,
1599 526 1627 558 a
1658 509 1863 558 sinistris

75 620 98 662 5
120 598 433 662 Aquilonem.
511 596 583 644 Hi
620 594 886 645 duodecim
923 594 1055 643 venti
1092 594 1266 643 mundi
1301 593 1507 657 globum
1545 591 1742 640 flatibus
1780 593 1865 638 cir-

120 688 400 742 cumagunt.
474 680 699 740 Quorum
725 676 928 726 nomina
951 676 1157 740 propriis
1185 675 1343 724 causis
1370 677 1560 738 signata
1575 683 1717 722 sunt:
1745 689 1859 720 nam
1886 691 1919 737 4

119 761 424 809 Subsolanus
449 769 650 808 vocatus
678 776 738 808 eo
764 760 900 821 quod
927 759 1019 806 sub
1046 767 1154 806 ortu
1182 757 1296 806 solis
1325 766 1582 817 nascatur,
1620 758 1782 804 Eurus
1804 773 1864 804 eo

120 844 256 904 quod
296 841 359 890 ab
401 845 466 905 ἠῶ
505 842 635 900 fluat,
675 841 726 889 id
765 849 838 888 est
885 841 948 888 ab
991 839 1209 900 oriente3
1264 848 1335 887 est
1385 841 1517 887 enim
1567 838 1861 887 coniunctus

119 924 428 983 Subsolano3
464 925 750 980 Vulturnus,
798 923 932 986 quod
972 924 1068 970 alte
1112 930 1262 970 tonat.
1341 923 1419 969 De
1463 937 1562 984 quo
1605 921 1862 969 Lucretius
1892 942 1922 990 5

50 1033 99 1062 10
123 1005 188 1067 (5,
212 1005 359 1069 745)=

288 1088 569 1135 Altitonans
605 1087 879 1134 Vulturnus
917 1094 965 1134 et
1001 1088 1182 1134 Auster
1218 1084 1424 1133 fulmine
1459 1086 1684 1148 pollens3

121 1171 299 1217 Auster
340 1170 403 1217 ab
441 1168 679 1217 auriendo
716 1185 868 1231 aquas
904 1176 1119 1226 vocatus,
1162 1168 1296 1215 unde
1345 1176 1392 1216 et
1435 1183 1653 1215 crassum
1697 1182 1860 1215 aerem
1889 1177 1924 1224 6

120 1250 234 1298 facit
272 1260 319 1299 et
357 1250 526 1298 nubila
559 1249 723 1298 nutrit.
797 1251 898 1298 Hic
938 1250 1127 1298 Graece
1170 1251 1300 1300 νότος
1333 1250 1622 1312 appellatur,
1670 1258 1869 1312 propter

121 1334 257 1395 quod
299 1332 545 1380 interdum
584 1341 865 1395 corrumpat
912 1348 1089 1380 aerem.
1165 1333 1296 1379 Nam
1345 1330 1692 1393 pestilentiam,
1737 1348 1866 1393 quae

43 1421 98 1479 ³¹5
122 1431 179 1462 ex
222 1424 450 1477 corrupto
489 1431 599 1463 aere
642 1415 870 1472 nascitur,
913 1416 1092 1461 Auster
1131 1414 1253 1461 flans
1297 1412 1347 1460 in
1386 1414 1597 1475 reliquas
1642 1411 1867 1475 regiones

121 1496 434 1557 transmittit3
471 1497 558 1545 sed
598 1495 723 1543 sicut
767 1498 947 1544 Auster
988 1494 1319 1559 pestilentiam
1363 1493 1530 1557 gignit,
1572 1493 1640 1542 sic
1684 1493 1869 1556 Aquilo

122 1578 325 1640 repellit.
399 1580 698 1627 Euroauster
723 1578 884 1627 dictus
911 1579 1048 1640 quod
1073 1594 1132 1626 ex
1158 1594 1255 1625 una
1281 1585 1417 1640 parte
1443 1576 1624 1624 habeat
1663 1578 1866 1635 Eurum,

125 1677 183 1708 ex
221 1662 371 1708 altera
402 1663 652 1709 Austrum.
726 1659 1104 1718 Austroafricus,
1148 1660 1285 1721 quod
1325 1657 1521 1706 iunctus
1565 1659 1626 1705 sit
1665 1657 1781 1706 hinc
1825 1667 1873 1706 et
1899 1675 1928 1723 7

126 1741 239 1789 inde
270 1745 451 1790 Austro
485 1751 532 1790 et
570 1743 750 1790 Africo.
827 1744 941 1804 Ipse
975 1751 1022 1790 et
1058 1741 1350 1800 Libonotus‚
1385 1741 1521 1802 quod
1565 1739 1626 1787 sit
1666 1741 1709 1788 ei
1752 1739 1871 1787 Libs

50 1840 101 1870 20
127 1818 240 1867 hinc
274 1829 322 1868 et
355 1820 471 1868 inde
504 1822 677 1868 Notus.
753 1818 1024 1886 [Favonius
1068 1827 1383 1882 nuncupatus
1424 1834 1484 1867 eo
1529 1819 1665 1880 quod
1708 1820 1871 1866 foveat
1898 1823 1927 1869 8

123 1902 281 1964 fruges
307 1918 364 1949 ac
389 1903 546 1950 flores.
622 1901 722 1950 Hic
759 1903 947 1950 Graece
984 1903 1250 1965 Zephyrus,
1280 1902 1396 1964 quia
1429 1902 1722 1963 plerumque
1760 1917 1872 1948 vere

124 1984 207 2031 flat
229 2002 241 2043 3
277 1984 410 2032 unde
436 1992 508 2032 est
534 1983 655 2032 illud
681 1983 834 2048 (Virg.
853 1984 1032 2046 Georg.
1060 2002 1100 2041 1,
1121 1982 1205 2046 44)
1228 2002 1236 2030 :

461 2068 524 2114 Et
562 2067 784 2128 Zephyro
821 2066 974 2128 putris
1012 2082 1062 2113 se
1098 2065 1242 2127 gleba
1279 2062 1513 2128 resolvit]

124 2148 375 2210 Zephyrus
402 2147 594 2195 Graeco
618 2146 822 2194 nomine
847 2148 1121 2209 appellatus
1148 2163 1207 2195 eo
1235 2146 1371 2208 quod
1405 2147 1553 2194 flores
1579 2155 1628 2193 et
1651 2147 1872 2208 germina

50 2251 100 2293 25
127 2231 230 2278 eius
273 2230 390 2277 flatu
429 2228 747 2277 vivificentur.
826 2229 926 2276 Hic
967 2227 1142 2276 Latine
1179 2228 1426 2276 Favonius
1460 2226 1639 2275 dicitur
1671 2237 1871 2291 propter

124 2312 261 2374 quod
298 2312 459 2359 foveat
495 2327 621 2373 quae
657 2319 936 2359 nascuntur.
1011 2313 1193 2358 Austro
1227 2318 1392 2358 autem
1424 2310 1566 2357 flores
1598 2311 1867 2369 solvuntur,

123 2410 151 2441 a
176 2394 398 2455 Zephyro
424 2393 560 2440 fiunt.
635 2391 828 2440 Africus
853 2409 882 2440 a
906 2391 1102 2455 propria
1127 2391 1326 2454 regione
1350 2400 1554 2440 vocatus
1574 2409 1586 2451 3
1624 2393 1674 2438 in
1700 2393 1867 2441 Africa
1895 2404 1929 2449 9

125 2473 256 2521 enim
282 2473 473 2521 initium
500 2474 650 2522 flandi
677 2473 840 2522 sumit.
914 2475 1071 2523 Corus
1098 2483 1170 2522 est
1195 2473 1279 2536 qui
1306 2472 1370 2521 ab
1396 2472 1656 2521 occidente
1683 2473 1868 2522 aestivo
1897 2488 1955 2523 10

180 2616 205 2652 3
235 2603 333 2643 Fav.
357 2632 366 2642 .
389 2633 397 2641 .
422 2635 429 2642 .
450 2602 538 2643 Afr.
570 2617 648 2643 om.
688 2602 738 2642 C1
877 2604 972 2642 dex.
1006 2616 1095 2653 par.
1130 2604 1172 2642 B
1378 2617 1403 2652 4
1435 2603 1613 2655 Corum]
1651 2617 1797 2643 eurum
1830 2605 1872 2642 Β

52 2652 60 2674 ³
125 2657 264 2708 Aquil.
288 2671 312 2696 a
331 2658 411 2698 sin.
429 2657 470 2695 Β
651 2661 677 2697 6
707 2658 818 2710 cau.]
837 2671 892 2696 ex
911 2672 1001 2698 cau·
1024 2657 1130 2697 BC:
1159 2671 1239 2708 pro
1260 2671 1348 2697 cau.
1373 2658 1445 2696 K:
1474 2671 1555 2698 om.
1587 2659 1626 2696 T
1747 2660 1870 2708 signa

126 2712 182 2750 Β1
366 2715 391 2751 8
421 2713 478 2761 ἠῶ
494 2713 577 2759 (vel
594 2713 664 2760 ἠοῖ
668 2713 705 2765 )]
728 2727 779 2752 eo
800 2713 910 2753 codd.
939 2713 1082 2763 (etiam
1106 2711 1192 2751 ΟΧ
1218 2712 1364 2763 Phill.)
1387 2727 1395 2751 ε
1426 2713 1516 2752 Eoo
1537 2715 1630 2753 dett.
1769 2715 1870 2753 fluat

127 2765 230 2805 B¹K
245 2766 366 2806 Phill.
393 2767 430 2806 O
451 2781 460 2806 :
490 2768 561 2806 ssat
583 2766 661 2804 ΤΧ
767 2773 834 2806 est
852 2780 914 2808 or.
938 2766 1119 2806 Kth'll.
1235 2781 1262 2818 9
1292 2767 1425 2820 quod]
1448 2769 1548 2817 quia
1567 2768 1608 2806 Β
1723 2781 1767 2806 11
1793 2768 1869 2807 ful-

129 2821 267 2860 mineo
296 2822 332 2859 T
490 2827 658 2860 terrens
679 2823 723 2860 K
739 2824 849 2874 (teste
862 2821 1042 2871 Klez'm‘o)
1069 2822 1170 2875 (non
1187 2821 1251 2873 N)
1466 2835 1514 2872 13
1541 2822 1658 2873 facit]
1683 2822 1812 2861 habet
1833 2822 1874 2861 Β

128 2883 268 2926 propt.
300 2877 375 2916 int.
402 2874 441 2914 T
548 2878 597 2914 16
626 2877 889 2926 pestilentias
910 2878 993 2927 gig.
1014 2876 1061 2914 K
1183 2877 1231 2914 18
1259 2876 1311 2914 ab
1332 2876 1401 2916 alt.
1426 2877 1471 2915 K
1579 2876 1704 2916 Aust.
1729 2890 1779 2916 eo
1801 2891 1868 2927 qu.

134 2928 173 2967 T
331 2943 379 2980 19
407 2931 496 2981 ipse
519 2931 607 2970 Lib.
625 2930 671 2968 K
795 2931 834 2970 ei
853 2932 954 2983 libs]
973 2930 1079 2982 elips
1094 2930 1246 2969 BKO:
1273 2931 1356 2981 lips
1374 2930 1422 2968 X
1581 2945 1636 2970 20
1667 2931 1765 2972 Fav.
1790 2961 1801 2972 .
1825 2962 1835 2972 .
1857 2963 1867 2973 .

130 2984 302 3031 resolvit
321 2985 413 3026 hab.
435 2984 537 3025 CT:
566 2999 650 3025 om.
670 2985 757 3024 ΒΚ
919 2999 966 3025 21
1000 2986 1099 3024 hinc
1127 2985 1164 3023 T
1277 2987 1444 3024 zaffirus
1471 2984 1530 3024 T:
1547 2985 1650 3035 fort.
1673 2986 1866 3026 scribend.

130 3051 304 3078 zeverus
322 3045 401 3082 aut
417 3039 580 3080 zeferus
603 3041 740 3093 (aliter
759 3038 904 3091 Sade'e,
925 3054 965 3091 p.
988 3040 1058 3091 24)
1173 3053 1223 3089 27
1252 3039 1419 3080 Africas
1442 3039 1491 3078 C1

959 3129 1044 3164 G2
