2176 3424
483 110 1112 157 ETYMOLOGIARVM
1155 108 1283 154 LIB.
1324 108 1413 153 XI.
1454 105 1468 151 i

106 240 265 300 sentit,
284 257 454 289 sensus
479 249 565 288 est.
618 242 747 287 Nam
774 239 890 288 inde
913 238 1107 286 animus
1126 254 1298 286 sensus
1323 235 1501 285 dicitur
1517 252 1605 298 pro
1630 234 1705 282 his
1723 251 1851 297 quae

106 321 266 382 sentit,
293 322 425 370 unde
464 330 511 369 et
553 320 797 371 sententia
835 336 1019 368 nomen
1052 318 1258 381 accepit.
1330 318 1523 380 Corpus
1561 315 1749 364 dictum
1790 333 1850 364 eo
1875 328 1928 374 14

105 405 241 465 quod
280 412 563 465 corruptum
595 402 733 466 perit.
808 401 1027 450 Solubile
1066 400 1199 449 enim
1238 408 1387 462 atque
1429 399 1633 446 mortale
1676 406 1762 456 est,
1803 407 1850 445 et

105 478 373 547 aliquando
403 486 710 533 solvendum.
785 484 913 533 Caro
951 492 1116 530 autem
1156 499 1185 529 a
1221 481 1436 529 creando
1475 488 1548 528 est
1587 480 1846 541 appellata.
1875 490 1931 538 15

59 579 81 619 5
106 566 426 616 Crementum
467 565 599 614 enim
639 582 808 613 semen
843 574 916 612 est
950 563 1167 623 masculi,
1201 563 1335 610 unde
1364 560 1651 608 animalium
1683 569 1732 607 et
1765 561 1850 608 ho-

106 648 295 695 minum
322 664 527 710 corpora
553 646 909 708 concipiuntur.
983 644 1120 693 Hinc
1155 653 1203 692 et
1235 652 1462 706 parentes
1493 650 1736 690 creatores
1769 659 1849 690 vo-

103 737 290 776 cantur.
341 730 470 778 Caro
494 737 658 776 autem
686 745 744 776 ex
769 736 1000 790 quattuor
1025 725 1281 775 elementis
1307 732 1548 787 conpacta
1574 732 1660 772 est.
1717 724 1847 771 Nam
1875 707 1934 753 16

103 820 227 858 terra
241 811 290 858 in
308 827 452 859 carne
469 819 554 869 est,
574 826 656 858 aer
674 809 725 857 in
741 809 908 868 halitu,
929 810 1107 857 humor
1126 808 1176 856 in
1197 806 1447 870 sanguine,
1467 805 1592 868 ignis
1618 804 1673 852 in.
1686 806 1848 853 calore

101 890 246 939 vitali.
322 891 528 940 Habent
553 891 686 940 enim
712 891 763 938 in
789 890 933 939 nobis
959 893 1204 939 elementa
1229 905 1368 937 suam
1394 903 1623 950 quaeque
1639 896 1842 950 partem,

32 982 79 1010 10
102 972 239 1020 cuius
273 971 393 1035 quid
426 973 633 1021 debetur
663 990 885 1036 conpage
917 975 1145 1021 resoluta.
1231 973 1359 1021 Caro
1385 978 1551 1018 autem
1592 977 1640 1016 et
1669 984 1847 1031 corpus
1874 971 1927 1020 17

101 1053 291 1102 diversa
316 1052 604 1115 significant.
679 1056 738 1102 In
782 1071 928 1102 carne
965 1071 1158 1116 semper
1194 1069 1371 1114 corpus
1402 1060 1489 1110 est,
1516 1067 1617 1099 non
1655 1066 1848 1112 semper

102 1136 150 1181 in
209 1151 414 1197 corpore
484 1152 608 1184 caro.
722 1138 851 1184 Nam
917 1153 1030 1184 caro
1102 1144 1175 1183 est
1226 1151 1352 1197 quae
1411 1132 1541 1191 vivit,
1604 1131 1738 1179 idem
1799 1140 1847 1178 et

100 1233 291 1279 corpus.
386 1217 595 1280 Corpus,
647 1219 782 1280 quod
833 1235 933 1266 non
984 1217 1114 1276 vivit,
1156 1217 1289 1265 idem
1339 1232 1440 1263 non
1490 1231 1618 1262 caro.
1713 1214 1843 1260 Nam

101 1315 277 1360 corpus
334 1298 433 1346 dici
488 1309 572 1347 aut
619 1301 755 1362 quod
804 1310 914 1362 post
968 1299 1118 1347 vitam
1156 1308 1229 1346 est
1282 1307 1546 1356 mortuum,
1598 1304 1682 1343 aut
1741 1293 1846 1342 sine

31 1386 77 1426 15
101 1378 197 1427 vita
223 1389 296 1428 est
322 1380 592 1429 conditum.
669 1382 926 1430 Interdum
954 1390 1001 1429 et
1031 1397 1143 1428 cum
1171 1380 1269 1428 vita
1293 1395 1486 1441 corpus,
1514 1387 1561 1426 et
1587 1394 1688 1424 non
1714 1392 1842 1433 caro,

103 1470 154 1509 ut
192 1461 343 1510 herba
379 1472 426 1510 et
463 1462 665 1525 lignum.
746 1465 928 1512 Sensus
972 1461 1188 1525 corporis
1232 1461 1452 1523 quinque
1497 1470 1638 1508 sunt:
1697 1457 1841 1515 visus,
1869 1447 1923 1493 18

99 1543 308 1603 auditus,
332 1545 578 1602 odoratus,
600 1554 783 1607 gustus,
813 1554 860 1593 et
885 1553 1056 1593 tactus.
1134 1547 1206 1591 Ex
1231 1542 1411 1606 quibus
1437 1544 1538 1590 duo
1562 1539 1846 1604 aperiuntur

101 1634 149 1672 et
181 1626 487 1683 clauduntur,
517 1627 617 1674 duo
658 1643 850 1688 semper
883 1635 1106 1688 patentes
1144 1635 1271 1673 sunt.
1346 1627 1528 1672 Sensus
1562 1621 1693 1680 dicti,
1732 1619 1846 1683 quia
1870 1620 1929 1666 Ι9

102 1723 187 1768 per
211 1723 295 1755 eos
319 1706 484 1754 anima
508 1707 825 1755 subtilissime
849 1717 1006 1756 totum
1029 1724 1206 1770 corpus
1231 1706 1379 1769 agitat
1396 1705 1560 1768 vigore
1586 1701 1844 1752 sentiendi.

29 1793 79 1820 ²0
102 1789 249 1836 Vnde
275 1798 322 1836 et
347 1791 622 1851 praesentia
647 1799 1008 1852 nuncupantur,
1029 1790 1165 1851 quod
1183 1788 1278 1837 sint
1300 1805 1414 1850 prae
1435 1785 1661 1835 sensibus
1681 1803 1693 1845 3
1721 1783 1847 1832 sicut

101 1887 214 1932 prae
239 1870 407 1929 oculis,
437 1888 564 1933 quae
588 1880 782 1934 praesto
808 1880 920 1919 sunt
958 1869 1126 1918 oculis.
1200 1869 1348 1917 Visus
1375 1878 1448 1916 est
1473 1867 1558 1930 qui
1582 1884 1610 1914 a
1635 1865 1849 1929 philoso-
1872 1862 1939 1895 20

101 1952 208 2015 phis
234 1953 412 1999 humor
440 1951 620 2000 vitreus
656 1954 939 2015 appellatur.
1014 1951 1189 1999 Visum
1215 1960 1382 1998 autem
1409 1949 1511 1998 fieri
1538 1948 1739 2011 quidam
1766 1946 1848 1993 ad-

100 2042 322 2082 severant
355 2042 438 2081 aut
471 2042 670 2081 externa
701 2034 930 2082 aetherea
962 2034 1085 2091 luce,
1125 2041 1208 2080 aut
1242 2031 1435 2079 interno
1473 2030 1644 2094 spiritu
1674 2027 1842 2076 lucido

100 2132 186 2177 per
209 2124 382 2163 tenues
407 2114 508 2162 vias
533 2131 562 2162 a
587 2115 788 2163 cerebro
822 2116 1088 2174 venientes,
1114 2123 1263 2176 atque
1293 2112 1558 2175 penetratis
1590 2110 1769 2160 tunicis
1795 2109 1844 2156 in

31 2204 79 2245 ²5
100 2213 262 2244 aerem
303 2205 551 2254 exeuntes,
590 2205 637 2244 et
680 2205 798 2243 tunc
832 2194 1168 2243 conmixtione
1206 2194 1377 2243 similis
1418 2195 1649 2243 materiae
1685 2192 1843 2240 visum

102 2281 288 2328 dantes.
361 2277 510 2326 Visus
544 2277 716 2336 dictus,
758 2279 894 2340 quod
935 2276 1146 2325 vivacior
1188 2276 1249 2324 sit
1297 2275 1470 2325 ceteris
1519 2274 1744 2324 sensibus
1787 2290 1845 2321 ac
1869 2275 1922 2309 21

101 2359 421 2422 praestantior
446 2359 546 2408 sive
572 2358 797 2418 velocior,
821 2359 1132 2421 ampliusque
1152 2357 1324 2421 vigeat,
1347 2366 1587 2420 quantum
1608 2355 1846 2405 memoria

155 2502 178 2526 2
209 2495 251 2528 et
271 2489 406 2527 sentia
426 2488 526 2526 KTl
548 2502 556 2525 :
588 2489 772 2527 essentia
800 2488 852 2527 T2
992 2489 1071 2527 dic.
1095 2493 1160 2526 est
1182 2501 1234 2526 eo
1258 2487 1292 2526 C
1446 2501 1470 2537 5
1503 2501 1570 2526 un.
1593 2493 1636 2526 et
1657 2501 1725 2528 an.
1748 2495 1790 2527 et
1813 2487 1850 2525 T

100 2547 126 2582 6
154 2544 220 2582 hic
242 2543 283 2580 Β
445 2556 472 2590 9
501 2543 542 2582 in
564 2543 685 2582 nobis
706 2557 788 2582 om.
813 2543 860 2580 K
971 2556 1004 2582 s.
1027 2555 1236 2591 quamque
1257 2555 1295 2592 p.
1319 2540 1410 2580 ΒΕ]
1434 2556 1442 2580 :
1471 2555 1547 2581 sua
1568 2556 1638 2592 qu.
1659 2548 1779 2591 parte
1801 2543 1847 2580 K

104 2611 152 2637 10
181 2598 322 2649 cuius]
344 2597 410 2637 cui
435 2597 509 2635 CF
644 2610 690 2635 12
722 2599 764 2635 in
788 2611 907 2646 corp.
929 2611 986 2637 ca.
1013 2602 1077 2635 est
1099 2610 1195 2635 nam
1221 2597 1256 2636 C
1338 2604 1401 2635 est
1422 2610 1592 2647 semper
1612 2597 1681 2646 qui
1702 2597 1785 2636 viv.
1813 2597 1850 2634 T

101 2652 154 2692 id.
175 2658 217 2690 et
236 2665 299 2692 co.
322 2666 394 2701 qu.
417 2665 502 2690 non
518 2652 570 2690 vi.
595 2664 750 2701 corpus
765 2652 820 2690 id.
843 2651 884 2688 B
1080 2653 1129 2689 16
1159 2650 1223 2702 ut]
1247 2657 1290 2689 et
1305 2651 1351 2688 K
1543 2652 1665 2690 Sens.
1689 2664 1842 2700 corpus

111 2706 147 2743 T
307 2719 351 2755 17
384 2707 450 2746 od.
474 2707 569 2744 aud.
591 2705 637 2743 K
654 2707 756 2756 (non
778 2706 837 2756 D)
1010 2707 1058 2743 18
1088 2706 1338 2744 claudentur
1358 2705 1403 2742 K
1423 2706 1525 2755 (non
1546 2705 1611 2750 D)
1723 2706 1839 2754 quia]

101 2762 213 2810 quod
237 2761 271 2799 C
382 2774 430 2811 19
460 2761 647 2810 exagitat
669 2760 709 2797 Β
831 2774 884 2798 2ο
912 2761 1010 2809 quia
1029 2761 1183 2798 suntB
1306 2773 1353 2797 21
1388 2763 1548 2814 ρει-ξος,
1579 2759 1629 2797 T¹
1744 2761 1842 2809 quia

105 2815 193 2866 (sic)
213 2829 275 2866 pr.
297 2823 394 2855 sunt
415 2829 476 2854 oe.
502 2829 585 2854 om.
609 2815 676 2862 131,
708 2815 802 2854 add.
824 2818 934 2866 (post
952 2816 1267 2865 nuncupantur)
1282 2814 1339 2852 Β2
1504 2829 1555 2853 22
1586 2815 1678 2852 fieri
1700 2827 1782 2854 om.
1797 2813 1844 2852 K

106 2871 208 2920 (non
227 2870 289 2919 D)
400 2875 674 2909 asseruerunt
695 2869 741 2907 K
758 2874 860 2919 (non
881 2870 943 2920 D)
1054 2883 1104 2918 23
1125 2870 1216 2920 aut]
1242 2874 1283 2907 ut
1311 2869 1348 2906 T
1453 2876 1539 2907 ext.
1557 2875 1599 2908 et
1619 2882 1746 2907 aerea
1767 2869 1813 2906 K
1832 2883 1840 2908 :

106 2929 294 2964 extrema
310 2925 420 2964 aeth.
436 2924 547 2964 BD:
568 2930 759 2963 extrema
776 2931 818 2964 et
835 2925 946 2963 aeth.
969 2924 1004 2962 C
1111 2937 1161 2972 24
1184 2930 1334 2963 tenuas
1352 2924 1404 2962 vi.
1420 2937 1506 2963 cer.
1528 2923 1564 2961 T
1638 2924 1839 2962 veniente

138 3007 147 3017 .
173 3008 181 3017 .
206 2985 390 3018 exeunte
407 3009 415 3018 .
443 3010 451 3019 .
475 3011 482 3019 .
506 2981 632 3018 dante
653 2978 848 3018 Schwarz
982 2984 1257 3029 penetrantes
1277 2978 1368 3017 DK
1528 2990 1579 3026 25
1609 2991 1707 3016 aere
1727 2977 1838 3018 codd.

104 3032 373 3072 comixtionis
394 3033 438 3071 K
458 3035 559 3082 (non
580 3033 640 3083 D)
836 3047 884 3083 27
917 3034 1005 3072 sive
1030 3047 1111 3072 om.
1142 3032 1179 3070 T
1299 3033 1456 3082 vegitat
1478 3032 1576 3069 ΒΚ1
1716 3045 1836 3081 quam

105 3100 228 3127 mem.
251 3085 297 3126 K
314 3087 414 3138 (non
437 3088 494 3139 D)
