2176 3424
960 88 1232 136 ISIDORI

279 217 547 280 amplectit.
621 219 757 266 Hinc
784 217 916 266 enim
943 226 1166 265 exortum
1193 227 1265 266 est
1285 233 1469 266 nomen
1488 219 1612 281 patri
1633 218 1854 267 familias.
1929 221 2029 282 Qui

279 308 447 348 autem
472 299 641 363 inique
667 301 986 349 dominantur
1009 298 1060 347 in
1085 300 1248 359 servis,
1276 300 1373 348 hoc
1398 315 1450 347 se
1478 299 1681 349 nomine
1714 316 2028 365 nequaquam

228 388 259 434 8
281 389 509 444 reputent
534 382 782 445 appellari.
846 379 1272 429 Matremfamilias
1296 380 1414 430 inde
1431 381 1607 441 vocari,
1631 381 1745 444 quia
1770 398 1856 445 per
1880 399 2030 445 quan-

280 464 396 512 dam
433 462 549 511 iuris
587 462 969 512 sollemnitatem
1002 464 1054 511 in
1085 464 1322 511 familiam
1359 463 1530 511 transit
1562 462 1733 512 mariti.
1806 464 2030 513 Tabulae

279 544 412 593 enim
450 544 835 594 matrimoniales
872 544 1199 593 instrumenta
1236 544 1500 607 emptionis
1541 561 1658 594 suae
1693 555 1820 594 sunt.
1894 545 2029 594 Alias
2053 562 2074 601 5

280 626 406 675 sicut
432 636 656 676 matrona
681 636 754 676 est
780 637 936 675 mater
961 625 1105 689 primi
1130 626 1282 690 pueri,
1306 627 1357 674 id
1383 636 1457 676 est
1482 628 1622 690 quasi
1647 637 1803 676 mater
1827 626 1942 687 nati,
1966 628 2031 675 ita

279 708 644 757 materfamilias
679 709 760 757 illa
794 718 867 757 est
904 725 1032 771 quae
1065 710 1228 771 plures
1258 710 1401 757 enixa
1434 717 1519 756 est.
1593 710 1724 757 Nam
1757 708 1939 756 familia
1973 726 2031 758 ex

223 804 258 849 9
281 791 478 839 duobus
504 807 610 840 esse
644 790 829 853 incipit.
903 794 1039 838 Avus
1070 791 1217 852 patris
1252 798 1390 852 pater
1418 800 1504 849 est,
1532 790 1595 838 ab
1624 807 1746 839 aevo
1777 790 1953 850 dictus,
1981 790 2031 838 id

281 882 353 919 est
389 873 452 920 ab
489 871 796 934 antiquitate.
871 875 1087 920 Proavus
1117 872 1192 919 avi
1223 881 1360 934 pater
1390 881 1476 931 est,
1510 872 1648 934 quasi
1681 889 1833 935 prope
1868 890 2030 921 avum.

281 952 484 1002 Abavus
521 953 689 1017 proavi
726 963 863 1016 pater
901 951 1032 1019 [est],
1070 953 1167 1002 iam
1205 955 1350 1016 longe
1386 953 1449 1002 ab
1486 970 1592 1002 avo.
1666 956 1853 1002 Atavus
1889 954 2032 1003 abavi
2058 970 2105 998 10

199 1052 256 1087 10
280 1045 429 1098 pater.
503 1035 730 1084 Tritavus
756 1035 882 1084 atavi
908 1045 1058 1099 pater,
1086 1036 1226 1099 quasi
1251 1045 1476 1095 tetravus,
1499 1035 1550 1084 id
1575 1045 1648 1084 est
1667 1045 1867 1099 quartus
1888 1053 2034 1100 super

279 1134 440 1165 avum.
516 1119 614 1166 Sed
639 1117 840 1166 tritavus
866 1117 1095 1166 ultimum
1122 1117 1429 1181 cognationis
1455 1134 1640 1166 nomen
1666 1127 1753 1166 est.
1826 1118 2032 1167 Familia

209 1219 256 1253 11
281 1200 414 1249 enim
453 1200 604 1248 oritur
642 1217 669 1248 a
709 1210 859 1262 patre,
902 1200 1191 1249 terminatur
1233 1200 1283 1247 in
1324 1199 1512 1248 tritavo.
1586 1198 1737 1248 Filius
1778 1207 1826 1248 et
1868 1199 1966 1247 filia
2003 1217 2033 1248 a

281 1281 464 1330 familia
485 1281 604 1330 dicti
625 1291 739 1330 sunt
758 1300 769 1341 3
795 1282 886 1345 ipsi
904 1282 1036 1331 enim
1054 1282 1198 1345 primi
1218 1282 1268 1329 in
1286 1281 1458 1330 ordine
1474 1281 1784 1330 nascentium
1805 1281 2031 1330 existunt.

281 1361 431 1409 Vnde
469 1370 516 1408 et
555 1359 789 1410 Cornelia
826 1360 1010 1409 familia
1047 1361 1190 1424 stirps
1228 1361 1333 1424 ipsa
1380 1359 1541 1408 omnis
1576 1376 1605 1408 a
1643 1359 1875 1410 Cornelio
1911 1369 2030 1409 orta.
2057 1379 2103 1420 15

204 1459 257 1494 12
283 1442 488 1491 Familia
514 1452 679 1491 autem
706 1460 735 1490 a
760 1445 959 1492 femore.
1034 1446 1074 1491 F
1076 1459 1243 1492 emore
1277 1442 1409 1491 enim
1441 1459 1597 1505 genus
1635 1451 1682 1490 et
1707 1441 1850 1504 stirps
1875 1451 2033 1491 osten-

281 1523 427 1572 ditur.
502 1525 631 1572 Nam
670 1524 854 1572 familia
890 1541 979 1588 pro
1018 1525 1166 1574 servis
1202 1524 1419 1584 abusive,
1459 1540 1561 1571 non
1609 1522 1803 1586 proprie
1838 1522 2030 1574 dicitur.

202 1627 257 1672 13
282 1605 435 1668 Stirps
466 1623 523 1654 ex
560 1607 707 1669 longa
736 1606 927 1669 generis
966 1606 1321 1669 significatione
1354 1615 1568 1654 vocatur.
1642 1606 1835 1653 Gnatus
1872 1604 2032 1654 dictus

283 1686 399 1749 quia
440 1697 716 1749 generatus.
790 1689 939 1737 Vnde
975 1698 1023 1736 et
1054 1705 1139 1751 per
1169 1689 1215 1737 G
1246 1687 1484 1736 scribitur.
1559 1687 1768 1735 Suboles
1803 1703 1863 1735 eo
1895 1688 2032 1750 quod

202 1791 258 1837 14
282 1768 568 1818 substitutio
595 1769 654 1817 sit
679 1769 883 1831 generis.
949 1769 1346 1833 Quadripertitus
1366 1778 1440 1818 est
1462 1779 1630 1817 autem
1655 1770 1778 1818 ordo
1803 1768 2028 1829 filiorum,
2057 1790 2107 1818 20

282 1850 375 1899 ita:
427 1850 724 1912 unigenitus,
774 1850 1143 1914 primogenitus,
1195 1850 1401 1909 medius,
1452 1850 1762 1899 novissimus.
1848 1849 2033 1898 Primo-

281 1931 492 1995 genitus,
531 1940 646 1980 ante
694 1949 843 1994 quem
892 1934 1070 1981 nullus.
1156 1931 1466 1995 Vnigenitus,
1506 1941 1618 1995 post
1655 1949 1804 1994 quem
1852 1934 2031 1981 nullus.

284 2014 501 2074 Medius,
541 2013 667 2063 inter
708 2031 896 2063 omnes.
983 2013 1311 2073 Novissimus,
1359 2023 1471 2076 post
1519 2030 1707 2062 omnes.
1792 2015 1935 2062 Idem
1985 2025 2033 2063 et

283 2096 532 2155 minimus,
561 2113 589 2143 a
615 2098 844 2144 monade.
920 2096 1232 2145 Novissimus
1263 2104 1431 2143 autem
1461 2104 1659 2159 propter
1692 2097 1828 2158 quod
1856 2112 2029 2157 novus,

209 2196 260 2244 15
284 2177 399 2240 quia
424 2177 573 2226 ceteri
598 2179 947 2240 praecedendo
972 2176 1275 2240 antiquiores
1302 2176 1528 2225 existunt.
1603 2177 1850 2237 Quattuor
1882 2177 2030 2226 etiam
2056 2203 2074 2229 2
2083 2202 2103 2241 5

283 2258 445 2307 modis
470 2258 556 2306 filii
571 2260 881 2322 appellantur
903 2278 912 2306 ;
950 2267 1135 2317 natura,
1166 2257 1454 2316 imitatione,
1480 2257 1764 2320 adoptione,
1791 2258 2027 2308 doctrina.

341 2401 361 2427 1
394 2388 660 2438 amplectitur
679 2386 720 2425 Β
740 2402 748 2426 :
777 2388 1058 2437 amplectatur
1078 2387 1125 2425 K
1266 2384 1400 2436 enim]
1422 2392 1559 2425 autem
1581 2386 1643 2425 B:
1674 2400 1756 2425 om.
1779 2386 1825 2424 K
1845 2386 1944 2437 (non
1965 2387 2030 2437 A)

285 2450 351 2483 est
372 2456 440 2482 ex.
464 2456 576 2482 nom.
601 2441 647 2480 K
664 2442 767 2493 (non
788 2442 853 2493 A)
968 2441 1291 2492 patrisfamiliae
1312 2440 1359 2479 K
1501 2454 1525 2478 2
1555 2442 1597 2479 in
1619 2454 1704 2480 om.
1725 2441 1766 2479 Β
1929 2455 1954 2491 3
1983 2455 2031 2481 se

284 2504 436 2548 putent
454 2497 503 2535 Cl
521 2511 529 2536 ι
552 2502 707 2547 putent
722 2496 840 2536 BC2:
874 2501 1071 2547 repetent
1089 2496 1142 2536 T1
1344 2510 1368 2544 4
1400 2495 1523 2546 iuris]
1542 2496 1655 2534 auris
1670 2495 1718 2534 K
1850 2498 2028 2536 maritim

289 2553 340 2592 Cl
422 2551 562 2590 tabola
583 2565 650 2590 en.
675 2551 998 2591 matrimonialis
1019 2550 1066 2589 K
1169 2563 1193 2599 5
1213 2550 1294 2588 alia
1318 2550 1366 2588 Cl
1476 2552 1502 2588 6
1522 2556 1588 2589 est
1609 2557 1651 2588 et
1672 2563 1749 2590 ma.
1775 2550 1810 2589 C
1889 2553 1914 2590 8
1935 2565 2031 2591 esse

288 2621 371 2647 om.
402 2606 440 2644 T
545 2613 666 2651 pater
687 2607 819 2656 patris
842 2605 888 2644 K
1038 2619 1064 2655 9
1095 2619 1229 2655 prope
1248 2617 1392 2644 savum
1422 2604 1459 2642 T
1593 2617 1642 2643 10
1670 2605 1839 2657 proavi]
1861 2607 1972 2644 atavi
1999 2606 2038 2644 T

287 2669 353 2701 est
373 2661 466 2700 hab.
494 2660 599 2699 CK:
629 2675 711 2699 om.
735 2660 822 2698 BT
1060 2660 1130 2700 At.
1155 2660 1218 2698 ab.
1241 2672 1306 2709 pa.
1329 2672 1410 2698 om.
1442 2659 1493 2697 Tl
1760 2672 1803 2698 11
1836 2660 1957 2699 abavi
1979 2660 2031 2699 Cl

284 2723 473 2756 tertavus
502 2714 581 2754 le
612 2721 800 2754 tretavus
823 2714 956 2753 01²2:
989 2715 1171 2753 tritavus
1191 2713 1238 2752 K
1316 2726 1448 2763 supra
1466 2719 1634 2752 atavum
1661 2714 1699 2752 T
1807 2727 1855 2752 12
1870 2715 2031 2754 triavus

291 2771 330 2810 T
437 2768 668 2809 ultimusK
778 2783 826 2819 13
856 2783 880 2808 a
896 2770 1001 2820 (pr.)
1018 2783 1101 2808 om.
1126 2769 1164 2808 T
1272 2779 1320 2817 15
1347 2769 1494 2818 stirpis
1510 2767 1620 2808 codd.
1635 2767 1778 2817 (etiam
1793 2769 1856 2819 A)
1970 2769 2027 2820 ip.

286 2832 339 2866 st.
363 2825 404 2862 A
523 2827 572 2863 16
601 2824 737 2863 femur
757 2838 823 2864 en.
848 2823 960 2864 codd.
984 2837 995 2863 ε
1025 2837 1122 2863 corr.
1146 2823 1270 2861 Arev.
1485 2828 1528 2861 et
1548 2835 1598 2860 ex
1617 2827 1681 2861 est
1702 2827 1751 2860 ut
1767 2821 1846 2862 vid.
1875 2822 1931 2860 T:
1964 2829 2028 2862 est

287 2887 329 2919 et
350 2879 420 2918 K:
450 2893 505 2918 ex
525 2879 566 2918 Β
803 2878 948 2929 stirpis
969 2878 1078 2918 codd.
1269 2878 1318 2915 18
1349 2876 1506 2927 Stirpis
1525 2876 1611 2915 ΒΤ
1805 2889 1860 2914 ex
1881 2890 1963 2917 om.
1996 2879 2035 2917 T

287 2935 453 2974 teneris
475 2934 522 2972 Cl
706 2946 759 2972 20
790 2939 855 2972 est
876 2938 911 2971 et
928 2935 1032 2972 ordo
1053 2946 1134 2973 om.
1166 2932 1219 2971 Tl
1237 2932 1340 2980 (non
1366 2931 1426 2982 U)
1448 2946 1457 2971 ε
1485 2937 1625 2971 autem
1648 2931 1791 2982 (eraS.)
1813 2936 1876 2970 est
1897 2945 1958 2971 or.
1983 2932 2024 2969 Α

286 3002 338 3027 22
367 2995 592 3038 antequam
614 2986 701 3025 BT
921 2988 1037 3036 unig.
1061 3016 1071 3026 .
1096 3016 1107 3025 .
1133 3017 1142 3026 .
1166 2985 1265 3025 null.
1291 2999 1375 3026 om.
1397 2984 1510 3024 A1K
1688 2990 1908 3034 postquam
1929 2985 2034 3026 BlT

287 3056 340 3092 23
370 3043 502 3094 idem]
526 3042 623 3081 ideo
645 3040 693 3079 K
751 3062 754 3065 ⁴
798 3057 850 3092 24
879 3041 1067 3080 menimu
1087 3040 1135 3079 K
1238 3051 1288 3090 25
1319 3041 1474 3080 ceteris
1500 3039 1538 3079 T
1641 3038 1898 3090 precidendo
1926 3040 1965 3079 T
