2176 3424
1095 137 1366 185 ISIDORI

306 279 338 326 4
362 274 573 327 apertus,
649 267 805 314 Ianua
828 283 858 313 a
884 267 1009 314 Iano
1042 267 1261 328 quodam
1292 268 1581 330 appellatur,
1609 266 1687 315 cui
1720 265 1926 330 gentiles
1957 283 2106 314 omne

361 343 615 394 introitum
642 348 718 395 vel
744 346 927 396 exitum
955 356 1282 398 sacraverunt.
1355 349 1504 397 Vnde
1531 350 1761 396 Lucanus
1789 347 1855 412 (1,
1877 346 1961 412 62)
1983 366 1992 396 :

680 431 856 478 Ferrea
893 428 1111 492 belligeri
1148 438 1415 492 conpescat
1452 428 1621 478 limina
1661 428 1784 478 Iani.

368 511 456 557 Est
484 518 648 559 autem
677 510 861 574 primus
892 512 1071 560 domus
1092 509 1368 575 ingressus3
1404 519 1565 560 cetera
1598 510 1723 560 intra
1752 510 1950 559 ianuam
1985 508 2109 558 ostia

366 600 602 640 vocantur
627 592 928 655 generaliter.
1004 592 1199 643 Ostium
1228 602 1300 642 est
1330 610 1415 655 per
1441 594 1575 656 quod
1608 593 1672 641 ab
1700 592 1865 655 aliquo
1889 607 2111 641 arcemur
2136 615 2159 654 5

363 671 597 737 ingreSSU‚
626 675 690 724 ab
716 677 931 725 ostando
958 675 1146 724 dictum
1175 673 1297 740 [sive
1323 674 1522 736 ostium,
1543 674 1656 737 quia
1683 673 1900 724 ostendit
1924 672 2110 737 aliquid

364 755 535 822 intus]
609 757 707 805 Alii
744 757 883 806 aiunt
921 757 1103 806 ostium
1139 758 1372 820 appellari
1411 757 1528 820 quia
1563 766 1721 806 ostem
1759 765 2005 816 moratur3
2042 754 2111 804 ibi

366 837 497 886 enim
535 840 821 888 adversariis
859 857 950 889 nos
982 838 1259 888 obicimus:
1296 838 1412 887 hinc
1451 848 1498 888 et
1536 838 1676 888 Ostia
1712 837 1960 897 Tiberina,
1997 835 2112 900 quia

367 919 556 970 ostibus
583 931 697 970 sunt
723 922 963 985 opposita.
1018 924 1167 971 Fores
1194 930 1241 970 et
1267 922 1435 970 valvae
1459 923 1669 970 claustra
1694 930 1808 969 sunt
1827 940 1839 981 3
1871 921 1959 969 sed
1985 921 2112 967 fores

367 1002 599 1051 dicuntur
624 1020 750 1066 quae
776 1005 917 1063 foras,
947 1006 1128 1064 valvae,
1157 1020 1283 1066 quae
1309 1002 1439 1051 intus
1464 1005 1789 1061 revolvuntur,
1820 1012 1867 1051 et
1891 1001 2113 1064 duplices
2140 1022 2176 1052 1<

369 1084 822 1148 conplicabilesque
871 1094 998 1135 sunt.
1086 1087 1186 1135 Sed
1232 1085 1521 1149 generaliter
1569 1102 1684 1134 usus
1737 1085 1979 1134 vocabula
2024 1083 2115 1131 ista

237 1177 285 1226 5,
312 1167 347 1214 6
370 1168 597 1229 corrupit.
674 1169 899 1217 Claustra
933 1168 997 1216 ab
1034 1184 1095 1216 eo
1132 1169 1268 1230 quod
1305 1168 1596 1216 claudantur
1632 1167 1777 1216 dicta.
1852 1168 2116 1214 Fenestrae

370 1258 483 1297 sunt
509 1249 688 1312 quibus
715 1266 825 1313 pars
846 1249 1053 1299 exterior
1072 1258 1280 1312 angusta
1296 1258 1343 1297 et
1363 1248 1562 1298 interior
1587 1248 1763 1299 diffusa
1790 1244 1926 1315 [est],
1949 1249 2117 1311 quales

370 1331 421 1379 in
447 1330 631 1380 horreis
657 1330 898 1391 videmus,
927 1331 1090 1381 dictae
1123 1348 1183 1380 eo
1219 1333 1356 1394 quod
1394 1333 1555 1381 lucem
1590 1333 1839 1380 fenerent:
1879 1332 1961 1378 lux
1985 1328 2117 1378 enim

370 1415 560 1462 Graece
586 1418 685 1476 φῶς
709 1413 888 1464 dicitur
909 1434 917 1463 :
955 1416 1031 1463 vel
1057 1413 1176 1477 quia
1200 1431 1285 1478 per
1311 1421 1392 1463 eas
1419 1413 1549 1462 intus
1575 1413 1763 1476 positus
1789 1414 1942 1462 homo
1967 1411 2117 1460 videt.
2146 1429 2176 1470 ιιγ

371 1494 469 1543 Alii
495 1495 757 1544 fenestram
785 1504 960 1558 putant
986 1495 1170 1545 dictam
1208 1512 1268 1544 eo
1295 1497 1431 1558 quod
1464 1494 1636 1544 domui
1662 1496 1823 1543 lucem
1850 1493 2116 1552 minestret,

372 1576 687 1640 conpositum
714 1595 899 1627 nomen
930 1595 988 1627 ex
1026 1579 1218 1626 Graeco
1256 1577 1533 1640 Latinoque
1567 1593 1793 1626 sermone
1812 1594 1825 1637 3
1861 1580 1959 1638 φῶς
1988 1573 2119 1623 enim

321 1669 349 1718 7
373 1660 563 1709 Graece
601 1661 684 1707 lux
723 1669 808 1709 est.
886 1660 1051 1710 Cardo
1094 1670 1168 1709 est
1207 1661 1345 1709 locus
1385 1659 1436 1707 in
1478 1676 1578 1722 quo
1613 1658 1795 1708 ostium
1837 1657 2037 1707 vertitur
2073 1665 2120 1705 et

375 1757 569 1805 semper
603 1751 840 1802 movetur,
875 1741 1036 1790 dictus
1070 1743 1164 1790 ἀπὸ
1193 1745 1275 1805 τῆς
1305 1742 1503 1805 καρδίας,
1531 1743 1667 1804 quod
1693 1739 1833 1804 quasi
1857 1757 1941 1789 cor
1966 1732 2120 1787 homi-

375 1841 491 1872 nem
517 1834 690 1884 totum,
720 1826 786 1872 ita
811 1824 892 1873 ille
921 1841 1108 1873 cuneus
1140 1824 1338 1872 ianuam
1370 1833 1502 1887 regat
1533 1841 1590 1872 ac
1616 1833 1826 1872 moveat.
1898 1823 2047 1870 Vnde
2073 1829 2119 1869 et
2145 1841 2176 1869 2ae

324 1906 683 1970 8proverbiale
725 1916 831 1955 est:
886 1907 980 1954 ‘In
1019 1905 1220 1956 cardine
1263 1923 1365 1955 rem
1414 1907 1552 1955 esse.'
1647 1905 1843 1953 Limina
1879 1905 2118 1953 ostiorum

378 1988 511 2037 dicta
536 2006 596 2038 eo
622 1990 760 2052 quod
786 1998 1060 2037 transversa
1093 1987 1190 2037 sint
1215 1996 1268 2037 ut
1306 1987 1460 2047 limes,
1490 1997 1538 2036 et
1564 2003 1651 2051 per
1682 2003 1739 2035 ea
1770 1986 1895 2035 sicut
1924 1985 1974 2033 in
2004 2001 2120 2048 agro

320 2080 355 2127 9
378 2080 462 2121 aut
498 2070 766 2119 introeatur
803 2079 887 2118 aut
918 2069 1034 2119 foris
1072 2079 1219 2119 eatur.
1296 2072 1469 2119 Postes
1503 2078 1551 2119 et
1585 2077 1730 2118 antae
1764 2067 1902 2131 quasi
1933 2077 2044 2131 post
2074 2076 2122 2115 et

377 2164 492 2204 ante
513 2173 521 2202 :
560 2162 608 2202 et
627 2163 772 2201 antae
798 2151 913 2215 quia
937 2162 1052 2202 ante
1078 2162 1221 2213 stant,
1245 2154 1320 2201 vel
1346 2151 1462 2215 quia
1480 2160 1626 2200 antea
1643 2151 1707 2200 ad
1732 2167 1813 2199 eas
1838 2148 2121 2198 accedimus

376 2235 508 2299 prius
535 2252 683 2298 quam
719 2236 926 2283 domum
956 2233 1288 2298 ingrediamur
1304 2252 1317 2295 3
1353 2243 1517 2298 postes
1550 2250 1610 2283 eo
1635 2234 1771 2296 quod
1801 2241 1912 2295 post
1941 2230 2122 2281 ostium
2148 2248 2176 2277 αι

378 2325 521 2366 stent.

439 2458 455 2482 1
488 2450 636 2495 aperta
659 2444 693 2482 C
833 2456 857 2481 2
889 2456 958 2483 un.
983 2449 1025 2482 et
1049 2443 1148 2483 Luc.
1172 2443 1218 2481 K
1357 2456 1383 2492 3
1413 2441 1576 2493 limina]
1600 2442 1737 2480 menia
1758 2439 1826 2479 K:
1857 2441 2061 2480 menicam
2081 2439 2127 2479 N

381 2514 404 2549 4
435 2500 558 2538 ianua
579 2511 638 2538 os.
660 2503 835 2538 vocatur
854 2497 900 2535 K
1035 2510 1060 2547 5
1091 2498 1177 2549 est]
1196 2503 1335 2537 autem
1353 2497 1398 2535 K
1505 2502 1672 2535 arcetur
1691 2495 1736 2533 K
1882 2497 1909 2533 6
1934 2495 2022 2534 sive
2045 2527 2053 2536 .
2077 2525 2087 2534 .
2111 2525 2120 2535 .

382 2557 493 2594 intus
513 2554 604 2593 hab.
627 2553 662 2592 C
667 2551 790 2592 TUX
806 2566 814 2591 :
843 2566 926 2592 om.
949 2552 1077 2592 BKO
1095 2552 1220 2592 Harl.
1241 2556 1339 2592 extr.
1455 2553 1481 2590 8
1511 2564 1589 2590 nos
1608 2552 1703 2592 adV.
1725 2550 1957 2590 obiciumus
1980 2550 2070 2602 (sic)
2095 2548 2132 2587 T

382 2609 489 2649 ostie
510 2609 690 2648 tiberine
719 2606 756 2645 T
856 2620 906 2647 10
935 2607 1061 2660 quae]
1085 2607 1179 2657 quia
1199 2606 1246 2644 K
1320 2607 1376 2646 so.
1400 2611 1498 2645 sunt
1518 2605 1598 2646 val.
1627 2605 1664 2644 T
1763 2617 1811 2643 12
1841 2604 2125 2654 corrumpitB

386 2677 434 2714 13
465 2669 531 2703 est
550 2663 642 2703 hab.
668 2660 766 2701 CT:
796 2675 878 2702 om.
901 2661 989 2701 ΒΚ
1073 2675 1120 2711 14
1151 2661 1262 2701 dicta
1288 2660 1325 2699 T
1375 2675 1427 2701 eo
1448 2673 1530 2700 om.
1556 2660 1591 2699 C
1648 2660 1806 2699 ferrent
1834 2659 1871 2698 T
1952 2672 2000 2710 15
2030 2658 2123 2710 eas]

383 2733 433 2758 ea
452 2719 493 2758 B
512 2732 522 2758 ε
551 2730 644 2757 eam
673 2716 711 2754 T
962 2718 1030 2758 ho.
1053 2716 1158 2756 soris
1179 2717 1281 2756 fidet
1303 2716 1338 2756 C
1356 2730 1365 2755 ε
1393 2729 1449 2755 an
1469 2716 1538 2754 ho.
1562 2720 1682 2756 extra
1703 2714 1856 2765 (estra)
1876 2714 1991 2753 videt
2012 2713 2125 2766 (fi.)2

389 2776 438 2813 16
467 2774 547 2813 dic.
570 2778 656 2824 put.
680 2771 715 2811 C
883 2772 1092 2811 ministrat
1114 2770 1192 2810 CT
1381 2783 1428 2820 17
1458 2769 1539 2821 φῶς
1561 2800 1569 2809 .
1595 2801 1604 2810 .
1623 2799 1634 2810 .
1655 2775 1720 2809 est
1740 2782 1822 2809 om.
1847 2768 1894 2806 K
1911 2783 1920 2807 ε
1936 2769 2039 2819 fort.
2063 2768 2129 2806 hic

384 2827 666 2868 substituenda
687 2826 756 2866 illa
771 2828 912 2877 priora
931 2827 1005 2865 lux
1026 2857 1034 2865 .
1059 2857 1068 2865 .
1092 2856 1102 2866 .
1129 2826 1279 2865 dicitur
1433 2838 1482 2875 19
1511 2830 1654 2865 movet
1673 2822 1720 2862 K
1838 2822 1930 2874 τῆς]
1950 2828 1994 2862 to
2013 2822 2125 2862 codd.

387 2885 490 2935 (pro
512 2882 628 2932 τοῦὲ)
769 2882 897 2933 quod]
920 2882 1014 2932 quia
1031 2881 1073 2920 Β
1234 2894 1288 2921 20
1315 2885 1445 2919 totum
1466 2893 1550 2920 om.
1572 2877 1618 2917 K
1779 2891 1830 2916 22
1859 2883 2128 2918 transversae

387 2940 493 2988 (-se)
512 2936 623 2977 codd.
775 2949 827 2985 23
858 2936 934 2975 Po.
958 2942 1001 2975 et
1021 2940 1144 2975 antes
1163 2934 1209 2973 K
1225 2949 1233 2974 :
1264 2935 1338 2974 Po.
1366 2936 1402 2975 C
1548 2947 1600 2983 24
1630 2939 1674 2972 et
1691 2938 1816 2971 antae
1840 2932 1858 2984 ]
1877 2937 2040 2972 stantes
2059 2931 2106 2970 K
2121 2946 2130 2971 :

387 2992 588 3032 stantium
620 2991 688 3031 B:
728 3004 810 3030 om.
851 2990 974 3029 CDT
1122 2991 1203 3029 iam
1237 2995 1335 3028 ante
1366 2995 1507 3029 stante
1538 2989 1604 3028 D:
1650 3000 1732 3026 om.
1766 2984 1839 3026 K:
1879 2999 1944 3036 qu.
1975 3001 2043 3027 an.
2075 2993 2127 3027 st.

388 3047 454 3086 vel
477 3061 560 3087 om.
582 3046 635 3084 B¹
758 3045 823 3084 vel
847 3058 924 3095 qua
945 3046 988 3083 D
1108 3045 1252 3096 antea]
1276 3051 1375 3084 ante
1400 3045 1435 3084 C
1451 3047 1555 3096 (non
1574 3042 1634 3094 D)
1750 3042 2014 3082 ascendimus
2035 3040 2130 3081 C¹D

390 3115 442 3151 25
473 3102 587 3152 prius
605 3114 689 3139 om.
711 3099 755 3139 K
863 3113 928 3149 qu.
952 3100 1134 3150 postium
1155 3100 1241 3139 sint
1259 3097 1306 3137 K
