2176 3424
446 122 1074 171 ETYMOLOGIARVM
1114 122 1244 169 LIB.
1284 121 1395 170 XX.
1433 119 1478 179 ii,
1518 119 1566 167 iii

134 253 606 316 inveniebanturque
652 252 699 300 in
758 252 1054 300 arundinum
1114 250 1256 299 foliis.
1346 251 1494 298 Vnde
1541 258 1589 298 et
1636 247 1878 311 Vergilius

134 334 336 400 (Georg.
353 352 397 395 4,
422 334 467 399 1)
489 354 498 384 :

481 418 740 465 Hactenus
775 414 889 464 aerii
929 413 1086 462 mellis
1124 411 1354 462 caelestia
1390 414 1538 461 dona.

135 499 390 562 Siquidem
426 499 682 559 hucusque
719 497 769 545 in
808 495 954 544 India
996 504 1044 543 et
1080 495 1264 543 Arabia
1302 493 1602 556 conligatum
1645 491 1881 556 reperitur

84 604 107 643 5
134 580 278 630 ramis
299 566 557 628 inhaerens
578 580 626 626 in
648 577 1018 626 similitudinem
1041 578 1166 624 salis.
1223 577 1389 625 Omne
1408 584 1572 624 autem
1593 576 1691 624 mel
1711 575 1878 623 dulce:

134 663 341 712 Sardum
377 677 596 709 amarum
635 669 708 708 est
737 658 971 707 absinthii
1005 674 1165 718 causa,
1193 656 1330 706 cuius
1362 659 1505 719 copia
1539 656 1642 706 eius
1667 656 1879 720 regionis

133 760 250 807 apes
295 741 585 791 nutriuntur.
619 764 622 766 ·
658 742 843 788 Favum
885 742 1045 788 vocari
1079 738 1193 801 quia
1228 738 1504 787 comeditur
1533 738 1687 802 magis
1730 755 1878 801 quam
1904 752 1966 801 37

133 825 346 885 bibitur3
377 826 544 889 φαγεῖν
569 822 699 870 enim
728 820 905 870 Graeci
931 822 1192 869 comedere
1216 821 1480 882 appellant.
1532 820 1688 868 Aiunt
1713 829 1877 868 autem

134 906 327 966 medici,
356 914 404 954 et
428 903 513 967 qui
539 905 602 952 de
627 905 957 951 humanorum
980 918 1240 964 corporum
1269 902 1505 964 scripsere
1528 901 1729 962 naturis,
1746 918 1879 966 prae-

61 1009 110 1037 10
133 991 374 1052 cipueque
413 982 705 1052 Gal[i]enus
748 984 798 1032 in
841 984 975 1032 libris
1019 1000 1227 1046 quorum
1272 983 1441 1031 titulus
1483 991 1556 1032 est
1590 991 1792 1047 †7rep‹ne
1830 983 1879 1031 in

132 1078 287 1134 quo†‚
310 1085 570 1133 puerorum
597 1076 645 1116 et
670 1066 904 1115 iuvenum
924 1083 982 1114 ac
1003 1067 1247 1129 perfectae
1272 1065 1444 1114 aetatis
1470 1067 1683 1115 virorum
1710 1066 1880 1115 mulie-

131 1169 337 1215 rumque
357 1167 562 1214 corpora
579 1148 726 1198 insito
746 1150 906 1197 calore
922 1150 1122 1208 fervere,
1140 1156 1190 1196 et
1214 1147 1387 1196 noxios
1408 1164 1515 1196 esse
1541 1147 1616 1196 his
1635 1148 1878 1196 aetatibus

131 1233 268 1282 cibos
299 1234 380 1295 qui
416 1233 628 1280 calorem
654 1239 878 1293 augeant,
909 1229 1203 1292 sanitatique
1233 1230 1514 1278 conducere
1539 1228 1712 1292 frigida
1736 1246 1881 1292 quae-

131 1332 227 1379 que
263 1315 312 1362 in
350 1330 487 1363 esum
520 1329 746 1372 sumere3
785 1311 909 1360 sicut
946 1309 1018 1378 [e]
1053 1310 1298 1360 contrario
1332 1311 1551 1372 senibus,
1585 1311 1668 1373 qui
1706 1311 1880 1374 pituita

60 1415 104 1454 15
128 1395 353 1444 laborant
379 1404 427 1444 et
452 1394 640 1458 frigore,
669 1393 856 1442 calidos
883 1392 1021 1441 cibos
1048 1402 1096 1441 et
1121 1394 1234 1441 vina
1258 1402 1422 1441 vetera
1446 1393 1694 1455 prodesse.

265 1479 347 1524 DE
375 1491 519 1525 PoTv.
595 1475 738 1525 Potio
762 1492 790 1523 a
817 1476 1005 1524 Graeca
1030 1474 1332 1523 derivatione
1358 1485 1531 1523 vocata
1552 1493 1564 1535 3
1590 1477 1719 1523 hanc
1746 1475 1876 1523 enim
1904 1478 1966 1517 III

129 1559 195 1606 illi
237 1560 378 1610 πότος
419 1558 604 1608 dicunt.
679 1560 825 1620 Aqua
863 1557 1153 1619 generaliter
1195 1566 1382 1615 vocata,
1422 1558 1558 1620 quod
1595 1556 1877 1620 superficies

129 1640 232 1689 eius
264 1639 482 1704 aequalis
509 1641 598 1689 sit:
636 1639 751 1688 hinc
778 1648 825 1688 et
850 1655 1078 1701 aequora.
1152 1641 1317 1700 Quam
1345 1638 1461 1687 inde
1486 1649 1735 1688 recentem
1762 1639 1879 1689 dici-

130 1740 236 1771 mus
263 1723 378 1786 quia
402 1740 502 1771 non
530 1731 602 1771 est
629 1721 758 1770 utilis
783 1730 987 1780 vetusta,
1012 1730 1064 1769 ut
1090 1720 1274 1781 vinum,
1293 1722 1379 1769 sed
1407 1720 1570 1769 statim
1597 1721 1789 1770 sublata
1813 1723 1878 1770 de

56 1825 105 1851 20
127 1803 329 1853 flumine
355 1812 403 1853 et
428 1806 563 1852 fonte
589 1805 664 1852 vel
690 1812 840 1865 puteo
860 1821 872 1862 ;
908 1801 1098 1850 fetescit
1124 1801 1256 1851 enim
1283 1811 1488 1851 vetusta.
1546 1802 1731 1851 Vinum
1759 1804 1876 1852 inde
1902 1814 1931 1848 2

127 1885 314 1934 dictum
340 1886 475 1948 quod
502 1885 605 1933 eius
631 1893 777 1947 potus
798 1901 947 1932 venas
974 1883 1212 1946 sanguine
1238 1883 1336 1932 cito
1362 1886 1559 1947 repleat.
1635 1886 1751 1932 Hoc
1777 1884 1873 1945 alii,

127 1968 262 2029 quod
288 1983 378 2015 nos
404 1983 520 2015 cura
545 1968 714 2026 solvat,
745 1968 962 2029 Lyaeum
988 1967 1252 2029 appellant.
1292 1968 1516 2030 *eVeteres
1542 1965 1711 2014 vinum
1733 1983 1876 2015 vene-

126 2066 246 2096 num
272 2048 517 2097 vocabant
537 2067 549 2108 3
588 2050 675 2097 sed
701 2058 964 2111 postquam
991 2047 1220 2097 inventus
1247 2057 1320 2096 est
1346 2049 1474 2096 virus
1513 2047 1686 2096 letiferi
1713 2065 1873 2108 sucus,

125 2133 220 2179 hoc
246 2133 415 2179 vinum
441 2139 685 2189 vocatum,
714 2129 836 2178 illud
874 2146 1134 2178 venenum.
1208 2130 1356 2178 Vnde
1382 2139 1430 2178 et
1462 2129 1799 2193 Hieronymus
1825 2130 1874 2178 in

54 2232 100 2271 25
125 2213 250 2261 libro
287 2229 434 2275 quem
466 2214 529 2261 de
559 2211 833 2275 virginitate
867 2213 1106 2260 servanda
1143 2210 1367 2274 scripsit:
1408 2213 1874 2261 ‘Adolescentulas'

127 2293 285 2357 inquit
322 2295 415 2342 ‘ita
452 2293 619 2342 vinum
658 2293 841 2341 debere
878 2294 1043 2355 fugere
1082 2302 1135 2341 ut
1173 2308 1436 2352 venenum,
1478 2310 1540 2341 ne
1577 2310 1666 2357 pro
1703 2293 1875 2343 aetatis

180 2437 210 2474 3
235 2425 348 2464 aerei
368 2423 533 2463 melleis
553 2423 598 2460 K
678 2437 701 2473 4
732 2422 1001 2472 repperiatur
1020 2421 1061 2459 Β
1158 2436 1181 2472 5
1213 2422 1490 2462 similitudine
1510 2422 1556 2460 K
1647 2425 1673 2461 6
1703 2424 1875 2463 absintii

129 2479 246 2520 OT:
275 2478 455 2518 absentii
474 2477 562 2516 ΒΚ
763 2477 862 2526 opia
887 2476 924 2515 T
1154 2490 1174 2526 7
1207 2490 1359 2516 vocare
1382 2476 1417 2516 C
1605 2478 1721 2530 quia]
1744 2479 1815 2528 qui
1835 2478 1876 2516 Β

125 2536 151 2572 8
179 2533 302 2584 ‹pa-y]
326 2533 465 2582 fagere
487 2532 597 2571 codd.
757 2538 895 2571 autem
921 2545 1005 2571 om.
1028 2531 1070 2569 B
1260 2531 1407 2583 9—qui]
1428 2532 1526 2582 quia
1548 2532 1598 2571 C1
1754 2546 1876 2583 prae·

125 2589 338 2639 cipietque
354 2586 444 2624 KN
460 2589 562 2639 (non
585 2587 645 2639 U>
736 2599 785 2624 10
814 2587 1007 2637 tiepiscie
1025 2586 1066 2624 in
1082 2599 1130 2625 co
1150 2585 1214 2625 U:
1245 2587 1421 2636 tepiscie
1438 2587 1480 2625 in
1499 2600 1582 2637 quo
1603 2586 1661 2626 T:
1693 2602 1875 2638 περεινσο

128 2643 162 2682 C
181 2644 283 2695 (non
303 2641 366 2694 Ν)
553 2654 596 2678 11
630 2653 807 2691 puerum
836 2640 873 2678 T
1054 2654 1102 2679 12
1133 2641 1175 2679 in
1197 2654 1275 2679 suo
1296 2641 1370 2680 cal.
1394 2640 1440 2678 K
1613 2643 1767 2682 noxius
1789 2642 1878 2681 ΒΚ

129 2709 177 2746 13
209 2697 326 2736 cibus
346 2695 392 2732 K
564 2696 663 2745 quia
683 2709 743 2734 ca.
767 2694 855 2732 ΒΚ
1029 2695 1336 2745 sanitatemque
1357 2694 1404 2733 K
1587 2709 1635 2745 14
1666 2709 1785 2735 esum
1812 2697 1874 2736 T:

127 2764 247 2790 usum
270 2748 393 2789 BCK
528 2763 551 2788 e
571 2750 664 2790 lzab.
698 2749 807 2788 BT:
837 2763 920 2789 om.
956 2749 1035 2788 CK
1198 2762 1245 2799 15
1275 2750 1454 2800 frigores
1484 2750 1521 2788 T
1654 2751 1704 2792 ei.
1736 2764 1800 2791 ca.
1831 2750 1877 2789 K

130 2808 179 2844 16
207 2818 231 2844 a
251 2819 331 2845 om.
354 2803 400 2841 K
555 2805 604 2842 18
632 2817 756 2854 quem
786 2803 842 2843 T:
872 2806 984 2854 quod
1006 2805 1047 2842 B
1206 2817 1254 2855 19
1283 2805 1380 2844 vina
1409 2805 1447 2843 T
1597 2806 1649 2844 de
1669 2807 1708 2845 ss.
1730 2805 1784 2846 fo.
1805 2807 1873 2845 vel

127 2872 195 2910 pu.
220 2859 279 2899 C:
309 2865 350 2898 et
365 2859 418 2898 de
440 2860 478 2898 ss.
496 2859 549 2898 fo.
569 2859 637 2897 vel
658 2872 727 2910 pu.
751 2858 858 2898 BF:
887 2860 940 2898 de
958 2861 996 2899 ss.
1015 2865 1198 2910 puteove
1219 2864 1261 2897 et
1282 2859 1465 2899 fontibus
1485 2858 1552 2898 K:
1585 2861 1637 2900 de
1653 2861 1692 2899 ss.
1713 2873 1784 2910 pu.
1805 2862 1872 2900 vel

127 2919 171 2953 et
202 2913 388 2954 sontibus
426 2913 473 2951 N
490 2927 499 2953 :
542 2914 594 2952 de
630 2914 670 2954 ss.
706 2912 773 2953 vel
810 2913 862 2952 de
894 2927 962 2964 pu.
1009 2913 1088 2952 TU
1220 2927 1272 2953 20
1302 2914 1471 2954 futescit
1509 2912 1556 2951 K
1572 2928 1581 2954 ε
1610 2915 1794 2967 ¹,fatescit
1832 2915 1880 2954 N

128 2968 239 3007 enim
260 2981 342 3008 om.
365 2967 455 3005 KN
470 2969 571 3018 (non
599 2968 657 3020 U)
858 2982 907 3007 21
940 2968 1042 3020 hoc]
1065 2969 1175 3007 hunc
1203 2968 1241 3006 T
1430 2982 1484 3007 22
1514 2975 1593 3009 vet.
1620 2970 1732 3008 enim
1754 2970 1808 3010 vi.
1830 2969 1877 3008 K

126 3035 177 3072 23
207 3023 423 3061 inventum
445 3022 486 3060 Β
595 3034 646 3071 25
676 3024 882 3062 servanda
901 3023 1032 3061 BKN
1047 3037 1056 3061 τ
1086 3025 1371 3063 conservanda
1394 3023 1429 3062 C
1434 3022 1472 3061 T
1473 3023 1514 3061 U
1674 3024 1819 3063 scribit
1843 3024 1878 3062 C

127 3080 180 3115 26
209 3076 384 3126 fungere
409 3076 471 3115 U:
501 3090 582 3117 om.
607 3076 652 3113 K
671 3079 771 3130 (non
791 3077 854 3128 N>
966 3077 1063 3129 pro]
1086 3091 1162 3127 per
1182 3078 1222 3116 Β
