2176 3424
272 350 300 398 7

1072 126 1342 174 ISIDORI

326 266 533 317 sextum,
561 255 793 319 congium
819 256 1010 304 reddit:
1048 272 1163 303 nam
1195 255 1399 319 congius
1434 272 1517 304 sex
1555 256 1751 305 metitur
1781 257 2012 317 sextariis,
2041 274 2071 307 a

327 355 428 401 quo
454 346 502 386 et
526 336 719 386 sextarii
744 353 930 386 nomen
949 338 1208 387 dederunt.
1281 339 1527 401 Congium
1544 347 1710 387 autem
1729 355 1757 387 a
1773 338 2072 402 congiendo,

327 420 378 469 id
415 430 488 469 est
524 437 610 483 per
645 429 968 483 augmentum
1004 421 1287 479 crescendo,
1316 429 1529 469 vocatur.
1603 422 1751 470 Vnde
1778 419 1871 487 [et]
1899 430 2072 485 postea

327 501 539 566 pecunia
563 501 792 551 beneficii
817 503 968 565 gratia
994 501 1097 550 dari
1119 511 1293 565 coepta
1313 501 1615 566 congiarium
1641 505 1942 566 appellatum
1968 513 2041 553 est
2062 523 2071 551 ε

327 585 669 647 unusquisque
707 585 838 632 enim
877 583 951 632 sui
984 583 1218 647 temporis
1252 583 1515 647 imperator
1545 586 1761 633 favorem
1794 585 1964 649 populi
1998 602 2073 634 ca·
2095 601 2116 641 5

273 673 303 719 8
332 675 475 728 ptans
492 665 754 724 adiciebat,
775 675 828 714 ut
847 665 1022 728 largior
1038 665 1284 715 videretur
1303 666 1354 714 in
1374 668 1533 716 donis.
1572 667 1887 731 Congiarium
1905 677 2070 717 autem

268 844 301 890 9

246 1579 304 1613 10

328 747 602 811 specialiter
627 764 857 796 mensura
882 757 954 796 est
979 747 1293 811 liquidorum,
1318 748 1455 797 cuius
1473 758 1521 797 et
1536 765 1639 798 rem
1660 748 1804 797 simul
1825 758 1872 798 et
1889 766 2071 799 nomen

326 847 355 878 a
382 829 623 878 Romanis
649 829 918 892 inpositum
946 829 1237 889 invenimus.
1315 833 1534 878 Metrum
1571 840 1643 879 est
1678 847 1906 879 mensura
1935 830 2074 894 liqui-

326 913 503 960 dorum
529 931 537 959 z
576 913 698 960 haec
722 928 750 959 a
776 928 1005 960 mensura
1037 911 1228 975 accepit
1261 928 1447 960 nomen
1470 930 1481 972 3
1516 914 1684 976 μέτρον
1713 912 1846 961 enirn
1880 929 2074 961 mensu-

326 1010 428 1041 ram
454 992 627 1042 dicunt
654 992 843 1041 Graeci.
919 995 983 1040 Et
1010 992 1125 1042 inde
1150 994 1394 1056 appellata
1420 1002 1638 1053 metreta,
1667 993 1780 1043 licet
1806 1004 1854 1043 et
1878 1011 2000 1043 urna
2025 1003 2074 1043 et
2098 1009 2147 1036 10

326 1077 566 1138 amphora
602 1084 649 1124 et
679 1077 867 1138 reliqua
891 1074 1177 1124 huiusmodi
1214 1075 1418 1124 nomina
1452 1092 1789 1124 mensurarum
1817 1086 1930 1125 sunt
1948 1095 1962 1137 3
2010 1086 2073 1124 ta-

329 1175 443 1207 men
486 1157 576 1206 ista
619 1158 714 1205 hoc
763 1173 949 1206 nomen
988 1174 1017 1205 a
1055 1157 1243 1206 denarii
1291 1157 1483 1206 numeri
1525 1157 1827 1220 perfectione
1866 1158 2072 1222 accepit.

330 1243 548 1289 Metrum
574 1242 638 1288 ad
664 1256 865 1289 omnem
893 1256 1173 1288 mensuram
1200 1239 1410 1302 pertinet
1429 1258 1441 1300 3
1478 1250 1688 1288 metrum
1715 1240 1846 1290 enim
1869 1241 2072 1300 Graece,

330 1323 504 1371 Latine
531 1338 761 1370 mensura
791 1321 982 1370 dicitur.
1057 1323 1187 1370 Nam
1222 1331 1270 1370 et
1304 1331 1499 1385 cyatum
1531 1339 1760 1371 mensura
1789 1332 1877 1383 est,
1905 1333 1952 1372 et
1977 1340 2076 1371 am-

328 1405 481 1466 phora
519 1420 747 1452 mensura
785 1413 870 1463 est,
908 1413 956 1452 et
993 1403 1239 1466 quidquid
1276 1392 1385 1467 plus
1424 1405 1647 1452 minusve
1681 1403 1811 1467 capit
1849 1421 2076 1452 mensura
2103 1419 2148 1457 15

329 1495 417 1534 est.
489 1487 588 1534 Sed
627 1487 739 1535 ideo
777 1487 873 1533 hoc
910 1502 1096 1534 nomen
1133 1486 1410 1548 specialiter
1440 1485 1533 1535 sibi
1565 1486 1820 1547 adsumsit,
1849 1487 1986 1549 quod
2016 1485 2077 1534 sit

329 1585 559 1617 mensura
583 1567 786 1631 perfecti
811 1567 1018 1627 numeri,
1048 1569 1099 1617 id
1125 1578 1197 1616 est
1228 1569 1434 1616 denarii.
1510 1567 1716 1617 Modius
1742 1568 1902 1616 dictus
1927 1569 1991 1616 ab
2017 1585 2076 1617 eo

330 1651 466 1713 quod
504 1649 564 1698 sit
603 1667 693 1699 suo
733 1651 885 1698 modo
925 1651 1184 1712 perfectus.
1256 1652 1345 1698 Est
1378 1659 1544 1699 autem
1579 1666 1808 1699 mensura
1845 1649 2075 1698 librarum

330 1733 654 1795 quadraginta
679 1739 923 1794 quattuor,
947 1731 998 1780 id
1023 1741 1096 1780 est
1121 1731 1441 1781 sextariorum
1458 1731 1631 1795 viginti
1656 1733 1881 1781 duorum.
1921 1731 2076 1782 Cuius

331 1814 522 1863 numeri
547 1831 695 1862 causa
721 1815 837 1862 inde
862 1822 1015 1862 tracta
1041 1823 1127 1874 est,
1157 1831 1216 1863 eo
1242 1815 1379 1877 quod
1405 1815 1455 1861 in
1484 1813 1727 1876 principio
1749 1816 1886 1862 Deus
1907 1812 2077 1876 viginti
2104 1826 2154 1854 20

330 1899 431 1946 duo
456 1914 606 1960 opera
630 1898 812 1945 fecerit.
885 1898 1016 1945 Nam
1043 1895 1199 1959 prima
1232 1895 1313 1945 die
1345 1905 1532 1959 septem
1566 1911 1715 1958 opera
1745 1894 1888 1944 fecit:
1927 1894 1979 1943 id
2004 1905 2078 1943 est

332 1979 585 2028 materiam
621 1980 896 2039 informem,
924 1979 1138 2041 angelos,
1167 1980 1342 2037 lucem,
1372 1980 1534 2026 caelos
1571 1976 1856 2039 superiores,
1886 1986 2075 2038 terram,

331 2075 511 2121 aquam
537 2067 685 2120 atque
710 2073 887 2106 aerem.
963 2058 1193 2105 Secunda
1219 2056 1300 2105 die
1325 2057 1690 2104 firmamentum
1718 2057 1894 2103 solum.
1965 2059 2081 2104 Ter-

331 2139 397 2188 tia
444 2139 524 2189 die
573 2149 830 2202 quattuor:
892 2141 1059 2198 maria,
1110 2137 1313 2197 semina,
1364 2137 1580 2186 sationes
1628 2146 1776 2199 atque
1823 2136 2075 2199 plantaria.

333 2223 522 2283 Quarta
564 2222 644 2271 die
687 2223 806 2271 tria:
856 2223 1025 2280 solem,
1064 2223 1231 2269 lunam
1273 2230 1321 2269 et
1363 2221 1542 2269 stellas.
1616 2219 1803 2281 Quinta
1842 2218 1922 2268 die
1961 2219 2080 2267 tria:
2106 2232 2153 2272 25

332 2304 491 2367 pisces
532 2313 579 2353 et
617 2303 807 2367 reptilia
845 2319 1083 2366 aquarum
1122 2311 1170 2350 et
1211 2301 1441 2351 volatilia.
1515 2303 1661 2350 Sexta
1701 2300 1781 2350 die
1820 2310 2080 2364 quattuor:

333 2385 527 2444 bestias,
568 2386 799 2448 pecudes,
839 2383 1029 2448 reptilia
1064 2393 1219 2433 terrae
1256 2393 1303 2432 et
1339 2383 1610 2432 hominem.
1694 2385 1758 2431 Et
1799 2384 1927 2432 facta
1968 2392 2081 2431 sunt

334 2467 501 2516 omnia
525 2467 694 2530 viginti
721 2468 822 2516 duo
847 2482 1026 2530 genera
1050 2464 1100 2514 in
1128 2466 1306 2516 diebus
1329 2481 1424 2514 sex.
1500 2467 1565 2513 Et
1591 2463 1761 2527 viginti
1787 2465 1915 2514 duae
1939 2480 2084 2526 gene-

392 2609 409 2634 1
442 2596 609 2646 cogium
630 2596 740 2635 redit
767 2594 804 2632 T
911 2597 1057 2645 cogius
1085 2595 1121 2632 T
1253 2607 1278 2632 2
1308 2595 1485 2644 Cogium
1515 2594 1551 2632 T
1657 2594 1896 2643 congiendo
1916 2593 1962 2631 K
1983 2593 2083 2632 Col.:

335 2652 528 2700 cogendo
548 2650 654 2690 BT:
686 2664 743 2690 an
764 2651 971 2700 cogiendo
994 2651 1084 2701 (i.e.
1106 2650 1340 2698 cogendofl
1359 2666 1366 2689 :
1396 2649 1468 2688 vix
1486 2648 1790 2698 congliscendo
1903 2660 1928 2697 3
1959 2661 2083 2698 argu-

336 2711 523 2746 mentum
551 2705 588 2743 T
719 2711 896 2744 vocatus
917 2705 958 2742 Β
1096 2710 1139 2744 et
1157 2704 1250 2743 hab.
1278 2703 1332 2743 T:
1364 2717 1446 2743 om.
1469 2702 1558 2741 ΒΚ
1722 2716 1747 2751 4
1778 2703 2022 2753 congiarum
2044 2701 2085 2740 Β

335 2773 359 2811 5
398 2762 630 2811 imperatur
667 2759 734 2798 B:
783 2773 864 2800 om.
913 2759 950 2797 T
1146 2759 1332 2798 faborem
1378 2758 1437 2797 T:
1485 2758 1673 2797 laborem
1715 2757 1762 2796 K
1957 2759 1984 2795 6
2019 2756 2085 2808 in]

336 2829 391 2854 ex
409 2815 456 2854 K
555 2817 581 2854 8
610 2814 794 2854 Metreta
814 2814 906 2854 dett.
1011 2828 1037 2864 9
1065 2813 1177 2865 μετ.]
1197 2819 1330 2853 metro
1349 2812 1442 2851 ΒΚ
1457 2827 1465 2852 :
1497 2818 1679 2852 metrum
1710 2812 1749 2852 T
1852 2824 1902 2851 10
1932 2811 2086 2850 Graeci

336 2884 420 2910 om.
447 2870 485 2910 T
660 2869 726 2910 lic.
748 2882 810 2908 ur.
839 2868 877 2907 T
1085 2881 1130 2907 11
1163 2868 1419 2907 huiusmodo
1438 2867 1480 2906 Β
1667 2867 1754 2906 sint
1773 2865 1862 2904 ΒΚ
1867 2865 1904 2905 Τ
1916 2879 1966 2905 ex
1982 2879 2084 2906 corr.

341 2938 389 2974 13
418 2925 482 2966 vel
497 2923 641 2975 μέτρον
765 2936 813 2974 14
843 2925 997 2963 ciatum
1019 2923 1105 2962 BT
1255 2934 1302 2973 15
1332 2923 1425 2974 plus
1446 2935 1530 2962 om.
1559 2920 1609 2960 Τι
1715 2919 1846 2972 capit]
1865 2922 2030 2971 accepit
2057 2920 2094 2959 T

341 2993 388 3029 17
419 2980 606 3019 numeris
632 2979 669 3017 T
831 2992 879 3017 21
911 2992 1000 3029 sep.
1026 2990 1182 3029 operas
1202 2976 1248 3015 K
1383 2977 1530 3017 fecerit
1557 2976 1593 3015 T
1770 2977 1823 3014 26
1852 2981 1894 3014 et
1915 2982 2024 3026 rept.
2045 2980 2088 3014 et

338 3048 403 3084 aq.
425 3035 471 3074 K
488 3039 581 3074 ante
599 3047 697 3075 corr.
812 3046 861 3083 27
893 3047 1050 3083 pecora
1073 3033 1151 3073 CK
