2228 3444
337 235 353 246 ,
392 197 448 239 ix.

411 812 455 856 ii.

392 958 450 1003 iii.

400 1647 457 1691 vi.

382 1868 456 1912 vii.

366 2015 457 2059 viii.

396 2161 452 2204 ix.

1042 71 1316 119 ISIDORI

475 198 562 240 De·
579 195 840 243 differentia
871 193 1130 238 arithmeti-

535 284 617 313 cae
655 277 700 312 et
742 267 1052 325 geometricae
1087 274 1130 310 et
1174 322 1176 327 Ι

535 341 741 386 musicae
765 341 891 385 artis.

443 417 601 473 .Quot
643 414 822 460 numeri
857 413 1020 458 infiniti
1055 428 1130 457 ex—

535 489 691 534 istunt.

647 592 717 634 III
747 593 782 634 B

442 667 551 709 ‚De
583 663 898 708 inventoribus
943 675 1131 718 geome·
1176 686 1177 714 i

536 738 650 782 triae
672 746 718 781 et
741 736 969 781 vocabulo
991 734 1102 779 eius.

481 814 554 856 De
563 809 896 869 quadripertita
906 809 1133 853 divisione
1176 844 1179 866 ὲ

537 884 835 942 geometriae.

477 960 551 1002 De
573 957 730 1014 figuris
752 954 1044 1012 geometriae.

645 1061 716 1102 III
746 1060 781 1102 C

444 1167 453 1177 .
479 1136 553 1177 De
580 1132 769 1176 nomine
796 1130 1015 1175 musicae.

412 1222 453 1251 11.

392 1281 451 1324 iii.

394 1354 450 1398 iv·

478 1209 552 1251 De
574 1204 890 1251 inventoribus
913 1204 1025 1248 eius.

478 1279 601 1338 Quid
624 1278 772 1336 possit
796 1277 987 1322 musica.

478 1355 551 1397 De
602 1352 747 1397 tribus
792 1350 999 1408 partibus
1044 1364 1135 1392 mu·
1180 1408 1181 1412 Ἰ

542 1426 677 1470 sicae.

445 1533 452 1542 .
480 1501 553 1544 De
575 1499 780 1543 triforme
798 1496 1002 1541 musicae
1020 1495 1136 1539 divi-

541 1573 681 1617 sione.

486 1648 558 1691 De
590 1644 740 1703 prima
771 1643 998 1688 divisione
1036 1656 1136 1685 mu·
1181 1634 1182 1638 ¹

543 1720 666 1764 sicae
716 1732 835 1776 quae
893 1714 1139 1760 harmonia

543 1792 724 1837 dicitur.

484 1869 555 1911 De
567 1865 771 1911 secunda
782 1863 1006 1907 divisione
1017 1875 1137 1919 quae

542 1937 759 1995 organica
780 1944 983 1980 vocatur.

487 2016 559 2058 De
581 2011 718 2056 tertia
736 2026 854 2068 quae
877 2008 1138 2066 rhythmica
1181 1991 1183 2016 ³

542 2092 847 2142 nuncupatur.

479 2161 552 2203 De
575 2157 778 2202 numeris
803 2155 1008 2200 musicis.

656 2253 726 2295 III
755 2253 797 2293 D

436 2328 462 2370 i.
488 2329 560 2370 De
583 2324 894 2369 astronomiae
915 2322 1118 2367 nomine.

419 2401 461 2444 ii.

487 2402 561 2443 De
625 2397 939 2441 inventoribus
997 2404 1139 2440 astro-

545 2471 744 2515 nomiae.

406 2545 465 2589 iii.
490 2546 565 2588 De
608 2541 943 2587 institutoribus
992 2549 1141 2584 astro-

368 2734 430 2774 111
455 2732 489 2771 Β
512 2744 592 2770 om.
618 2729 706 2768 ΒΚ

311 2790 382 2828 vii.
398 2787 514 2838 voe.]
538 2789 808 2835 nuncupatur
829 2781 864 2821 C

312 2841 571 2884 astronomia
592 2839 627 2878 C

548 2616 746 2660 nomiae.

789 2729 844 2767 iii.
869 2739 1006 2777 geom.
1031 2739 1112 2764 om.
1138 2724 1173 2763 C

1174 192 1178 245 Ι
1310 192 1368 237 iv.

1330 354 1370 382 v.

1314 411 1372 455 vi.

1293 558 1368 602 vii.

1276 632 1369 676 viii.

1319 706 1374 749 ix.

1314 867 1370 896 xL

1299 998 1373 1044 xii.

1281 1143 1370 1188 xiii.

1284 1219 1371 1264 xiv.

1304 1308 1375 1336 xv.

1271 1437 1377 1482 xvii.

1254 1584 1373 1628 xviii.

1291 1658 1377 1701 xix.

1309 1747 1377 1774 xx.

1292 1877 1376 1920 xxi.

1274 1950 1374 1994 xxii.

1259 2024 1378 2068 xxiii.

1261 2097 1375 2141 xxiV.

1276 2186 1375 2214 xxv.

1259 2243 1374 2288 xxvi

1246 2317 1378 2361 xxvii.

1227 2391 1378 2435 xxviii.

1267 2465 1381 2508 xxix.

1256 2722 1317 2761 111
1341 2723 1374 2761 C
1398 2723 1451 2761 iv.
1474 2721 1568 2760 trib.
1592 2719 1722 2771 part.]

997 2781 1082 2819 viii.
1101 2777 1310 2830 rhythm.]
1332 2776 1596 2816 arithmetica
1622 2774 1659 2812 T

788 2837 843 2877 iii.
868 2835 1132 2875 instituribus
1159 2833 1217 2872 T1
1239 2847 1248 2872 ε
1276 2831 1554 2882 scriptoribus
1571 2829 1652 2869 BC

1293 1365 1380 1409 xvi.

1286 2552 1384 2580 XXX·

1393 193 1467 236 De
1520 192 1781 237 differentia
1837 200 2046 237 astrono-

1454 266 1575 310 miae
1598 275 1643 311 et
1665 266 1959 322 astrologiae.

1396 340 1468 383 De
1491 338 1801 384 astronomiae
1824 337 2014 383 ratione.

1396 413 1478 471 Der
1521 412 1698 456 mundo
1742 419 1787 456 et
1820 451 1822 453 .
1855 411 2043 455 nomine

1455 484 1564 529 eius.

1394 560 1467 603 De
1488 559 1638 603 forma
1659 558 1834 602 mundi.

1394 634 1469 676 De
1491 633 1620 677 caelo
1643 632 1831 690 eiusque
1847 632 2048 676 nomine.

1400 707 1474 750 De
1486 705 1696 750 caelestis
1708 706 1934 762 sphaerae
1945 705 2048 750 situ.

1367 811 1374 821 .
1399 780 1472 823 De
1495 787 1677 836 septem
1697 778 1896 835 planetis
1919 778 2048 823 caeli.

1397 853 1471 896 De
1541 851 1750 896 eiusdem
1827 853 2053 909 sphaerae

1456 933 1595 969 motu.

1399 1001 1472 1043 De
1520 1027 1530 1032 1*
1549 997 1755 1042 eiusdem
1827 998 2052 1055 sphaerae

1459 1085 1608 1115 cursu.

1398 1146 1471 1189 De
1493 1143 1727 1188 celeritate
1750 1143 1878 1187 caeli.

1398 1221 1471 1262 De
1493 1232 1577 1262 axe
1600 1217 1728 1262 caeli.

1401 1294 1475 1335 De
1498 1290 1773 1335 caelestibus
1796 1290 1928 1347 polis.

1403 1366 1476 1408 De
1499 1363 1764 1407 cardinibus
1787 1363 1913 1407 caeli.

1403 1439 1475 1481 De
1505 1435 1721 1480 convexis
1755 1436 1884 1491 caeli,
1911 1436 1956 1479 id
1984 1442 2052 1479 est

1457 1511 1662 1554 artubus.

1400 1585 1472 1627 De
1497 1580 1717 1640 [duabus]
1742 1580 1890 1625 ianuis
1913 1581 2043 1625 caeli.

1403 1659 1476 1701 De
1497 1655 1684 1712 gemina
1705 1655 1822 1700 facie
1845 1655 1975 1699 caeli.

1405 1731 1476 1773 De
1552 1736 1768 1785 quattuor
1846 1726 2055 1785 partibus

1458 1802 1587 1846 caeli.

1403 1878 1475 1920 De
1497 1873 1868 1931 hemisphaeriis.

1400 1951 1474 1993 De
1497 1948 1700 2006 quinque
1722 1946 1903 1991 circulis
1927 1946 2055 1991 caeli.

1405 2025 1478 2067 De
1500 2021 1688 2065 zodiaco
1709 2020 1892 2064 circulo.

1403 2098 1475 2140 De
1498 2094 1700 2139 candido
1723 2093 1907 2138 circulo.

1402 2171 1476 2213 De
1499 2166 1819 2224 magnitudine
1843 2167 1966 2210 solis.

1402 2245 1474 2286 De
1491 2238 1812 2296 magnitudine
1835 2240 1984 2283 lunae.

1404 2318 1476 2360 De
1498 2322 1664 2358 natura
1686 2313 1809 2357 solis.

1404 2391 1477 2432 De
1505 2402 1640 2432 cursu
1668 2386 1793 2431 solis.

1407 2465 1481 2506 De
1502 2461 1669 2506 effectu
1693 2459 1814 2503 solis.

1411 2537 1484 2579 De
1517 2533 1677 2578 itinere
1708 2531 1843 2586 solis;
1895 2530 1960 2588 [id
1989 2538 2057 2575 est

1466 2605 1600 2662 locis]
1625 2607 1669 2650 in
1693 2605 1857 2662 quibus
1881 2602 2031 2647 currit.

1744 2724 1852 2770 part.
1874 2717 1999 2756 huius
2027 2716 2063 2755 T

1809 2772 1871 2811 III
1890 2773 1927 2810 D
1946 2772 1972 2812 i.
1993 2771 2057 2810 De

1812 2841 1853 2866 x.
1875 2840 1956 2866 om.
1982 2826 2062 2865 CK

312 2897 414 2938 xvii.
430 2893 734 2936 conexionibus
753 2891 807 2930 Tl
825 2893 998 2942 (conve-
1015 2889 1052 2928 T
1057 2890 1091 2942 2)
1150 2889 1192 2928 id
1207 2893 1271 2927 est
1283 2892 1360 2926 art.
1381 2887 1470 2938 (pro
1482 2887 1610 2936 arc-3)
1626 2896 1710 2923 om.
1722 2881 1768 2921 K
1819 2881 1936 2921 xviii.
1955 2881 2059 2920 duo-

313 2954 391 2992 bus
411 2951 503 3003 (sic)
525 2951 619 2990 hab.
640 2949 727 2988 ΒΚ
748 2962 756 2986 :
786 2960 866 2985 om.
892 2944 968 2984 CT

316 3007 422 3058 cycli
439 3007 473 3055 2)

585 3004 700 3043 xxix.
727 3003 789 3040 De
810 3002 975 3039 defectu
998 3012 1060 3038 so.
1085 2999 1128 3036 K

1107 2944 1195 2984 xix,
1221 2956 1306 2982 cae.
1329 2941 1407 2980 fac.
1434 2940 1510 2980 CT

1641 2937 1742 2987 xxii.
1765 2935 1882 2976 ciceli
1903 2940 1947 2977 K
1965 2935 2058 2987 (pro

1238 3011 1338 3036 xxx.
1359 2995 1400 3034 id
1421 3000 1486 3035 est
1506 2993 1612 3034 locis
1632 2992 1722 3032 hab.
1746 2990 1841 3030 CT:
1871 3003 1954 3030 om.
1973 2990 2061 3028 ΒΚ
