2176 3424
356 121 985 172 ETYMOLOGIARVM
1026 119 1152 165 LIB.
1194 117 1343 164 XIII.
1385 114 1478 174 xiii,
1519 113 1595 161 xiv

115 263 175 309 In
213 253 509 318 Trogodytis
551 255 684 302 lacus
725 260 829 311 est,
875 258 948 298 ter
992 246 1084 315 [in]
1125 247 1205 296 die
1249 247 1301 294 fit
1340 261 1534 293 amarus
1574 252 1622 292 et
1665 241 1847 291 deinde
1874 261 1908 308 9

108 339 287 390 totiens
312 335 482 386 dulcis.
557 336 688 382 Fons
714 332 846 382 Siloa
870 333 935 380 ad
955 332 1171 380 radicem
1191 329 1373 377 montis
1400 326 1519 375 Sion
1537 342 1637 374 non
1654 323 1848 388 iugibus

107 421 260 486 aquis,
290 420 376 468 sed
411 419 459 465 in
496 417 639 466 certis
665 414 797 464 horis
823 413 1099 476 diebusque
1125 410 1312 461 ebullit.
1387 411 1447 457 In
1479 408 1664 457 Iudaea
1697 423 1850 469 quon-

108 506 223 554 dam
262 500 389 549 rivus
429 498 646 548 sabbatis
685 496 916 546 omnibus
956 495 1242 544 siccabatur.
1330 494 1391 540 In
1429 488 1653 539 Sardinia
1690 490 1850 537 fontes
1877 505 1934 540 10

59 609 81 649 5
108 581 252 631 calidi
278 580 432 630 oculis
458 581 731 639 medentur,
760 581 888 626 fures
921 586 1130 639 arguunt
1151 594 1164 636 3
1202 590 1316 623 narn
1346 572 1581 621 caecitate
1611 570 1853 634 detegitur

108 680 277 714 eorum
304 662 506 727 facinus.
580 664 641 711 In
667 659 819 724 Epiro
846 676 952 708 esse
977 660 1165 707 fontem
1191 656 1242 704 in
1267 672 1366 719 quo
1392 656 1523 703 faces
1541 652 1853 716 extinguntur

107 759 345 791 accensae
370 750 418 790 et
441 741 780 789 accenduntur
806 737 1062 787 extinctae.
1135 736 1287 798 Apud
1313 735 1636 783 Garamantes
1661 733 1848 780 fontem

108 841 212 873 esse
237 823 303 872 ita
327 825 571 887 algentem
598 821 678 870 die
703 831 756 869 ut
781 837 882 869 non
908 819 1116 877 bibatur,
1146 817 1212 865 ita
1235 817 1493 865 ardentem
1512 823 1659 862 nocte
1678 821 1731 861 ut
1747 830 1849 861 non

108 915 345 969 tangatur.
418 904 523 952 Iam
562 921 677 953 vero
716 903 766 951 in
806 900 971 950 multis
1011 899 1131 949 locis
1173 914 1332 962 aquae
1372 906 1573 945 manant
1611 894 1851 959 perpetim
1879 908 1925 942 11

38 1012 85 1042 10
108 989 360 1046 ferventeS,
389 995 524 1036 tanta
547 986 593 1034 vi
619 995 672 1033 ut
698 985 876 1033 balnea
895 981 1197 1032 calefaciant.
1273 980 1534 1042 Quaedam
1552 979 1684 1027 enim
1701 986 1855 1026 terrae

107 1078 221 1117 sunt
246 1084 372 1131 quae
406 1069 615 1115 multum
652 1065 896 1129 sulphuris
928 1074 975 1113 et
1000 1062 1230 1112 aluminis
1260 1061 1460 1110 habent.
1538 1061 1715 1122 Itaque
1742 1076 1856 1107 cum

110 1167 194 1213 per
230 1166 379 1198 venas
416 1150 632 1197 calentes
669 1164 798 1210 aqua
833 1145 1006 1209 frigida
1042 1143 1188 1203 venit,
1217 1142 1379 1192 vicino
1416 1140 1661 1204 sulphuris
1695 1142 1857 1189 calore

109 1240 336 1280 contacta
361 1230 686 1289 excandescit,
716 1245 806 1276 nec
823 1227 931 1276 talis
957 1227 1020 1275 ab
1047 1225 1232 1289 origine
1252 1223 1416 1283 effluit,
1440 1224 1528 1273 sed
1552 1232 1856 1286 permutatur

108 1314 226 1362 duni
267 1311 412 1361 venit.
485 1312 699 1374 Sulphur
738 1308 869 1358 enim
908 1310 1208 1370 alumenque
1257 1323 1424 1355 secum
1466 1307 1628 1354 ferunt
1666 1321 1855 1368 aquae,

3 1407 82 1465 205
110 1403 367 1456 utramque
395 1391 648 1440 materiam
688 1393 798 1454 igne
836 1393 1032 1454 plenam
1072 1388 1389 1451 minimisque
1427 1388 1643 1436 motibus
1682 1387 1856 1434 incale-

109 1483 343 1524 scentem.

246 1559 328 1604 DE
367 1571 513 1603 MARI.
590 1557 728 1602 Mare
755 1563 827 1602 est
853 1570 1088 1616 aquarum
1108 1553 1345 1616 generalis
1363 1549 1602 1599 collectio.
1678 1547 1854 1599 Omnis
1881 1557 1985 1597 XIV

113 1638 244 1687 enim
270 1636 583 1700 congregatio
610 1653 864 1699 aquarum,
893 1634 994 1683 sive
1019 1635 1175 1682 salsae
1201 1632 1296 1681 sint
1323 1634 1423 1681 sive
1450 1633 1633 1691 dulces,
1656 1629 1858 1679 abusive

115 1718 263 1767 maria
299 1725 661 1780 nuncupantur,
700 1716 831 1765 iuxta
870 1715 990 1763 illud
1029 1715 1231 1779 (Genes.
1261 1714 1432 1777 1‚10):
1474 1714 1563 1761 ‘Et
1599 1729 1860 1775 congrega—

39 1822 93 1851 20
117 1802 275 1849 tiones
313 1816 551 1862 aquarum
590 1798 781 1847 vocavit
825 1797 1006 1845 maria.'
1077 1795 1277 1859 Proprie
1319 1804 1484 1844 autem
1526 1812 1657 1843 mare
1693 1795 1857 1857 appel-

114 1883 265 1930 latum
287 1898 347 1930 eo
367 1882 503 1944 quod
522 1897 680 1943 aquae
701 1879 803 1928 eius
824 1896 1017 1928 amarae
1038 1880 1149 1927 sint.
1222 1881 1424 1941 Aequor
1443 1887 1608 1926 autem
1626 1886 1855 1925 vocatum
1880 1888 1910 1921 2

114 1964 229 2027 quia
253 1963 522 2027 aequaliter
547 1980 737 2011 sursum
765 1971 837 2011 est
859 1980 872 2022 3
907 1971 955 2010 et
981 1960 1204 2024 quamvis
1230 1976 1387 2023 aquae
1413 1961 1706 2008 fluctuantes
1727 1960 1859 2008 velut

112 2055 306 2095 montes
349 2045 605 2108 erigantur,
648 2044 829 2093 sedatis
872 2060 1033 2091 rursus
1081 2042 1456 2106 tempestatibus
1503 2043 1855 2105 adaequantur.

114 2127 341 2176 Altitudo
381 2126 510 2175 enim
552 2125 696 2174 maris
741 2125 933 2174 diversa
971 2134 1057 2184 est,
1094 2124 1357 2173 indiscreta
1386 2133 1552 2173 tamen
1586 2124 1718 2173 dorsi
1751 2124 1855 2173 eius

41 2227 90 2267 25
113 2208 397 2272 aequalitas.
470 2209 593 2257 Ideo
618 2216 783 2256 autem
821 2224 953 2255 mare
990 2206 1350 2255 incrementum
1387 2223 1489 2254 non
1525 2223 1714 2269 capere,
1740 2223 1854 2254 curn
1879 2220 1908 2265 3

117 2290 285 2340 omnia
310 2289 526 2349 flumina,
557 2306 730 2338 omnes
756 2290 916 2337 fontes
953 2287 1167 2350 recipiat,
1197 2289 1319 2336 haec
1356 2303 1503 2336 causa
1540 2298 1641 2336 est:
1679 2287 1855 2351 partim

115 2374 251 2436 quod
276 2372 536 2420 influentes
557 2372 714 2419 undas
734 2370 839 2433 ipsa
859 2369 1148 2433 magnitudo
1168 2369 1272 2418 eius
1291 2386 1392 2418 non
1414 2369 1590 2418 sentiat
1610 2390 1618 2419 :
1658 2370 1853 2428 deinde,

115 2455 251 2517 quod
283 2470 448 2502 amara
488 2469 617 2516 aqua
655 2453 800 2502 dulce
839 2453 1079 2500 fluentum
1114 2460 1372 2499 consumat
1390 2469 1403 2512 5
1438 2453 1515 2500 vel
1553 2452 1690 2514 quod
1726 2451 1860 2514 ipsae

116 2535 275 2586 nubes
323 2537 533 2584 multum
576 2551 814 2598 aquarum
857 2535 920 2583 ad
969 2550 1021 2583 se
1068 2534 1347 2594 attrahant,
1401 2532 1501 2582 sive
1543 2534 1679 2596 quod
1722 2532 1857 2580 illum

174 2679 191 2703 1
223 2664 448 2714 trogoditis
469 2663 611 2703 BCT:
640 2664 861 2704 trocoditis
880 2663 925 2702 K
1034 2664 1076 2701 in
1097 2664 1190 2703 hab.
1207 2662 1356 2702 BKT:
1385 2677 1466 2702 om.
1489 2662 1524 2702 C
1647 2677 1673 2714 3
1703 2663 1851 2703 diebus

117 2720 180 2760 eb.
202 2719 248 2758 K
371 2732 396 2768 4
425 2719 617 2758 omnibus
637 2732 719 2758 om.
742 2718 800 2757 Bl
941 2731 961 2768 7
992 2730 1168 2757 accensa
1186 2717 1232 2755 K
1359 2720 1384 2756 8
1413 2719 1578 2757 bibatur
1598 2748 1607 2758 .
1631 2749 1640 2758 .
1663 2748 1673 2758 .
1698 2725 1743 2757 ut
1764 2731 1849 2757 non

117 2788 199 2815 om.
223 2773 271 2813 C¹
454 2787 480 2823 9
509 2779 737 2823 tangantur
757 2773 808 2812 Cl
944 2778 1115 2812 manent
1139 2772 1188 2811 Cl
1354 2786 1399 2812 11
1432 2773 1593 2824 sulph.]
1616 2773 1791 2823 fulgoris
1810 2773 1852 2811 Β

121 2841 168 2867 12
196 2829 362 2868 vicinus
382 2828 421 2866 Β
532 2827 693 2879 sulph.]
715 2829 888 2877 fulgoris
908 2827 948 2866 Β
1084 2840 1131 2876 13
1160 2828 1399 2867 scandescit
1427 2827 1483 2867 T:
1513 2828 1674 2866 caliscit
1697 2826 1852 2867 KOP:

120 2883 335 2923 candescit
352 2883 393 2922 Β
531 2884 621 2922 fluit
640 2882 686 2921 K
868 2896 916 2932 14
948 2881 1147 2933 sulphur]
1167 2883 1322 2921 flumen
1342 2882 1382 2920 Β
1519 2882 1683 2934 secum]
1705 2895 1854 2921 sexum

119 2937 177 2978 F:
208 2951 291 2978 om.
312 2937 353 2976 Β
482 2950 529 2988 15
559 2937 758 2987 mirisque
779 2937 824 2975 K
827 2937 906 2976 ΟΡ
1034 2939 1081 2975 18
1111 2937 1280 2988 congr.]
1303 2938 1524 2987 generatio
1544 2936 1585 2975 Β
1695 2937 1793 2976 salsi
1814 2938 1860 2976 K

120 3005 167 3031 21
199 2992 365 3042 aquaK
473 3006 524 3031 22
554 3005 718 3031 rursum
740 2991 818 3030 CK
925 3004 976 3041 25
1007 3006 1088 3031 non
1109 3006 1190 3032 om.
1209 2991 1268 3030 Β1
1379 2994 1431 3030 26
1459 3004 1690 3041 omnesque
1712 2992 1796 3032 fon.
1812 2991 1859 3031 K

121 3059 169 3095 27
201 3046 361 3100 magn.]
382 3046 604 3087 multitudo
619 3047 663 3087 K
770 3049 822 3086 28
851 3046 949 3097 quia
968 3060 1049 3087 am.
1065 3047 1111 3085 K
1216 3047 1414 3087 fluentem
1434 3045 1484 3086 C1
1591 3054 1856 3086 consummat

122 3101 167 3140 K
273 3114 326 3151 29
353 3101 520 3141 trahant
541 3100 576 3140 C
699 3101 813 3141 illum
834 3101 919 3140 ΒΤ
921 3100 935 3126 1
958 3107 1006 3141 ut
1023 3101 1100 3142 vid.
1125 3115 1134 3140 :
1166 3101 1264 3142 illud
1280 3102 1325 3140 Κ
1331 3101 1367 3141 T
1370 3101 1385 3126 ²
1407 3107 1452 3140 ut
1470 3101 1548 3142 vid.
1569 3114 1576 3140 :
1609 3101 1720 3141 illam
1744 3102 1778 3141 C
