<?xml version="1.0" encoding="UTF-8"?>
<!DOCTYPE html PUBLIC "-//W3C//DTD XHTML 1.0 Transitional//EN"
    "http://www.w3.org/TR/xhtml1/DTD/xhtml1-transitional.dtd">
<html xmlns="http://www.w3.org/1999/xhtml" xml:lang="en" lang="en">
 <head>
  <title>
</title>
<meta http-equiv="Content-Type" content="text/html;charset=utf-8" />
  <meta name='ocr-system' content='tesseract 3.04.00' />
  <meta name='ocr-capabilities' content='ocr_page ocr_carea ocr_par ocr_line ocrx_word'/>
</head>
<body>
  <div class='ocr_page' id='page_1' title='image "./isidori01isiduoft/isidori01isiduoft_0172.png"; bbox 0 0 2228 3444; ppageno 0'>
   <div class='ocr_carea' id='block_1_1' title="bbox 1053 177 1326 226">
    <p class='ocr_par' dir='ltr' id='par_1_1' title="bbox 1053 177 1326 226">
     <span class='ocr_line' id='line_1_1' title="bbox 1053 177 1326 226; baseline 0 -1"><span class='ocrx_word' id='word_1_1' title='bbox 1053 177 1326 226; x_wconf 76' lang='lat' dir='ltr'>ISIDORI</span> 
     </span>
    </p>
   </div>
   <div class='ocr_carea' id='block_1_2' title="bbox 221 305 2147 2498">
    <p class='ocr_par' dir='ltr' id='par_1_2' title="bbox 221 305 2147 2498">
     <span class='ocr_line' id='line_1_2' title="bbox 314 305 2067 371; baseline 0.002 -18"><span class='ocrx_word' id='word_1_2' title='bbox 314 322 420 353; x_wconf 89' lang='lat' dir='ltr'>rurn</span> <span class='ocrx_word' id='word_1_3' title='bbox 460 307 708 354; x_wconf 82' lang='lat' dir='ltr'>stellarum</span> <span class='ocrx_word' id='word_1_4' title='bbox 745 306 959 369; x_wconf 86' lang='lat' dir='ltr'>speciem</span> <span class='ocrx_word' id='word_1_5' title='bbox 996 306 1213 370; x_wconf 86' lang='lat' dir='ltr'>corporis</span> <span class='ocrx_word' id='word_1_6' title='bbox 1245 305 1580 371; x_wconf 87' lang='lat' dir='ltr'>superstitiosa</span> <span class='ocrx_word' id='word_1_7' title='bbox 1611 307 1823 357; x_wconf 88' lang='lat' dir='ltr'>vanitate</span> <span class='ocrx_word' id='word_1_8' title='bbox 1856 309 2067 371; x_wconf 89' lang='lat' dir='ltr'>permoti</span> 
     </span>
     <span class='ocr_line' id='line_1_3' title="bbox 317 388 2067 453; baseline 0.002 -18"><span class='ocrx_word' id='word_1_9' title='bbox 317 388 574 449; x_wconf 84' lang='lat' dir='ltr'>finxerunt,</span> <span class='ocrx_word' id='word_1_10' title='bbox 613 404 671 436; x_wconf 83' lang='lat' dir='ltr'>ex</span> <span class='ocrx_word' id='word_1_11' title='bbox 713 389 872 436; x_wconf 87' lang='lat' dir='ltr'>causis</span> <span class='ocrx_word' id='word_1_12' title='bbox 909 389 1208 451; x_wconf 87' lang='lat' dir='ltr'>quibusdam</span> <span class='ocrx_word' id='word_1_13' title='bbox 1248 388 1454 438; x_wconf 88' lang='lat' dir='ltr'>deorum</span> <span class='ocrx_word' id='word_1_14' title='bbox 1498 406 1695 438; x_wconf 89' lang='lat' dir='ltr'>suorum</span> <span class='ocrx_word' id='word_1_15' title='bbox 1741 400 1788 439; x_wconf 92' lang='lat' dir='ltr'>et</span> <span class='ocrx_word' id='word_1_16' title='bbox 1831 389 2067 453; x_wconf 81' lang='lat' dir='ltr'>imagines</span> 
     </span>
     <span class='ocr_line' id='line_1_4' title="bbox 229 462 2065 535; baseline 0.001 -18"><span class='ocrx_word' id='word_1_17' title='bbox 229 462 363 530; x_wconf 47' lang='lat' dir='ltr'>&amp;get</span> <span class='ocrx_word' id='word_1_18' title='bbox 392 470 597 518; x_wconf 83' lang='lat' dir='ltr'>nomina</span> <span class='ocrx_word' id='word_1_19' title='bbox 622 471 1003 519; x_wconf 81' lang='lat' dir='ltr'>conformantes.</span> <span class='ocrx_word' id='word_1_20' title='bbox 1078 472 1209 520; x_wconf 88' lang='lat' dir='ltr'>Nam</span> <span class='ocrx_word' id='word_1_21' title='bbox 1237 470 1455 520; x_wconf 82' lang='lat' dir='ltr'><strong>Arietem</strong></span> <span class='ocrx_word' id='word_1_22' title='bbox 1488 471 1701 534; x_wconf 89' lang='lat' dir='ltr'>primum</span> <span class='ocrx_word' id='word_1_23' title='bbox 1735 471 1944 535; x_wconf 89' lang='lat' dir='ltr'>signum,</span> <span class='ocrx_word' id='word_1_24' title='bbox 1972 471 2065 532; x_wconf 88' lang='lat' dir='ltr'>cui,</span> 
     </span>
     <span class='ocr_line' id='line_1_5' title="bbox 315 550 2067 617; baseline 0.002 -18"><span class='ocrx_word' id='word_1_25' title='bbox 315 561 367 600; x_wconf 93' lang='lat' dir='ltr'>ut</span> <span class='ocrx_word' id='word_1_26' title='bbox 393 550 586 611; x_wconf 82' lang='lat' dir='ltr'>Librae,</span> <span class='ocrx_word' id='word_1_27' title='bbox 619 551 835 600; x_wconf 89' lang='lat' dir='ltr'>mediam</span> <span class='ocrx_word' id='word_1_28' title='bbox 873 552 1048 601; x_wconf 88' lang='lat' dir='ltr'>mundi</span> <span class='ocrx_word' id='word_1_29' title='bbox 1084 554 1266 602; x_wconf 91' lang='lat' dir='ltr'>lineam</span> <span class='ocrx_word' id='word_1_30' title='bbox 1303 555 1517 613; x_wconf 90' lang='lat' dir='ltr'>tradunt,</span> <span class='ocrx_word' id='word_1_31' title='bbox 1544 562 1741 617; x_wconf 90' lang='lat' dir='ltr'>propter</span> <span class='ocrx_word' id='word_1_32' title='bbox 1765 556 2067 603; x_wconf 87' lang='lat' dir='ltr'>Ammonem</span> 
     </span>
     <span class='ocr_line' id='line_1_6' title="bbox 317 633 2114 699; baseline 0.002 -18"><span class='ocrx_word' id='word_1_33' title='bbox 317 635 489 682; x_wconf 90' lang='lat' dir='ltr'>Iovem</span> <span class='ocrx_word' id='word_1_34' title='bbox 521 633 637 683; x_wconf 89' lang='lat' dir='ltr'>ideo</span> <span class='ocrx_word' id='word_1_35' title='bbox 663 644 974 694; x_wconf 89' lang='lat' dir='ltr'>vocaverunt,</span> <span class='ocrx_word' id='word_1_36' title='bbox 1004 634 1054 682; x_wconf 91' lang='lat' dir='ltr'>in</span> <span class='ocrx_word' id='word_1_37' title='bbox 1084 634 1223 683; x_wconf 88' lang='lat' dir='ltr'>cuius</span> <span class='ocrx_word' id='word_1_38' title='bbox 1256 637 1429 699; x_wconf 88' lang='lat' dir='ltr'>capite,</span> <span class='ocrx_word' id='word_1_39' title='bbox 1460 637 1544 698; x_wconf 88' lang='lat' dir='ltr'>qui</span> <span class='ocrx_word' id='word_1_40' title='bbox 1577 636 1836 684; x_wconf 89' lang='lat' dir='ltr'>simulacra</span> <span class='ocrx_word' id='word_1_41' title='bbox 1866 636 2065 697; x_wconf 89' lang='lat' dir='ltr'>faciunt,</span> <span class='ocrx_word' id='word_1_42' title='bbox 2092 653 2114 693; x_wconf 85' lang='lat'>5</span> 
     </span>
     <span class='ocr_line' id='line_1_7' title="bbox 226 715 2070 781; baseline 0 -18"><span class='ocrx_word' id='word_1_43' title='bbox 226 726 290 774; x_wconf 84' lang='lat'>24</span> <span class='ocrx_word' id='word_1_44' title='bbox 314 715 477 764; x_wconf 89' lang='lat' dir='ltr'>arietis</span> <span class='ocrx_word' id='word_1_45' title='bbox 503 732 690 764; x_wconf 89' lang='lat' dir='ltr'>cornua</span> <span class='ocrx_word' id='word_1_46' title='bbox 715 717 920 779; x_wconf 90' lang='lat' dir='ltr'>fingunt.</span> <span class='ocrx_word' id='word_1_47' title='bbox 986 718 1140 778; x_wconf 86' lang='lat' dir='ltr'>Quod</span> <span class='ocrx_word' id='word_1_48' title='bbox 1165 717 1357 780; x_wconf 88' lang='lat' dir='ltr'>signum</span> <span class='ocrx_word' id='word_1_49' title='bbox 1384 719 1591 781; x_wconf 86' lang='lat' dir='ltr'>gentiles</span> <span class='ocrx_word' id='word_1_50' title='bbox 1625 718 1740 767; x_wconf 89' lang='lat' dir='ltr'>ideo</span> <span class='ocrx_word' id='word_1_51' title='bbox 1773 717 1898 766; x_wconf 90' lang='lat' dir='ltr'>inter</span> <span class='ocrx_word' id='word_1_52' title='bbox 1930 715 2070 779; x_wconf 89' lang='lat' dir='ltr'>signa</span> 
     </span>
     <span class='ocr_line' id='line_1_8' title="bbox 314 797 2069 863; baseline -0.001 -17"><span class='ocrx_word' id='word_1_53' title='bbox 314 797 527 862; x_wconf 89' lang='lat' dir='ltr'>primum</span> <span class='ocrx_word' id='word_1_54' title='bbox 554 797 931 859; x_wconf 90' lang='lat' dir='ltr'>constituerunt,</span> <span class='ocrx_word' id='word_1_55' title='bbox 955 798 1071 861; x_wconf 87' lang='lat' dir='ltr'>quia</span> <span class='ocrx_word' id='word_1_56' title='bbox 1096 798 1146 847; x_wconf 92' lang='lat' dir='ltr'>in</span> <span class='ocrx_word' id='word_1_57' title='bbox 1173 798 1357 848; x_wconf 90' lang='lat' dir='ltr'>Martio</span> <span class='ocrx_word' id='word_1_58' title='bbox 1384 815 1566 859; x_wconf 88' lang='lat' dir='ltr'>mense,</span> <span class='ocrx_word' id='word_1_59' title='bbox 1596 799 1680 863; x_wconf 90' lang='lat' dir='ltr'>qui</span> <span class='ocrx_word' id='word_1_60' title='bbox 1706 808 1778 848; x_wconf 91' lang='lat' dir='ltr'>est</span> <span class='ocrx_word' id='word_1_61' title='bbox 1803 797 1920 847; x_wconf 88' lang='lat' dir='ltr'>anni</span> <span class='ocrx_word' id='word_1_62' title='bbox 1943 799 2069 861; x_wconf 86' lang='lat' dir='ltr'>prin-</span> 
     </span>
     <span class='ocr_line' id='line_1_9' title="bbox 314 878 2069 944; baseline 0 -17"><span class='ocrx_word' id='word_1_63' title='bbox 314 881 512 943; x_wconf 90' lang='lat' dir='ltr'>cipium,</span> <span class='ocrx_word' id='word_1_64' title='bbox 542 881 698 928; x_wconf 91' lang='lat' dir='ltr'>solem</span> <span class='ocrx_word' id='word_1_65' title='bbox 734 878 783 927; x_wconf 91' lang='lat' dir='ltr'>in</span> <span class='ocrx_word' id='word_1_66' title='bbox 811 896 872 928; x_wconf 92' lang='lat' dir='ltr'>eo</span> <span class='ocrx_word' id='word_1_67' title='bbox 898 879 1038 943; x_wconf 87' lang='lat' dir='ltr'>signo</span> <span class='ocrx_word' id='word_1_68' title='bbox 1063 896 1260 928; x_wconf 90' lang='lat' dir='ltr'>cursum</span> <span class='ocrx_word' id='word_1_69' title='bbox 1294 897 1439 929; x_wconf 86' lang='lat' dir='ltr'>suurn</span> <span class='ocrx_word' id='word_1_70' title='bbox 1471 897 1614 944; x_wconf 89' lang='lat' dir='ltr'>agere</span> <span class='ocrx_word' id='word_1_71' title='bbox 1640 880 1824 929; x_wconf 88' lang='lat' dir='ltr'>dicunt.</span> <span class='ocrx_word' id='word_1_72' title='bbox 1898 881 1995 929; x_wconf 89' lang='lat' dir='ltr'>Sed</span> <span class='ocrx_word' id='word_1_73' title='bbox 2021 888 2069 928; x_wconf 85' lang='lat' dir='ltr'>et</span> 
     </span>
     <span class='ocr_line' id='line_1_10' title="bbox 314 960 2069 1026; baseline -0.001 -17"><span class='ocrx_word' id='word_1_74' title='bbox 314 964 537 1010; x_wconf 84' lang='lat' dir='ltr'>Taurum</span> <span class='ocrx_word' id='word_1_75' title='bbox 571 960 699 1009; x_wconf 90' lang='lat' dir='ltr'>inter</span> <span class='ocrx_word' id='word_1_76' title='bbox 724 960 885 1010; x_wconf 89' lang='lat' dir='ltr'>sidera</span> <span class='ocrx_word' id='word_1_77' title='bbox 910 963 1189 1021; x_wconf 91' lang='lat' dir='ltr'>conlocant,</span> <span class='ocrx_word' id='word_1_78' title='bbox 1219 972 1267 1011; x_wconf 93' lang='lat' dir='ltr'>et</span> <span class='ocrx_word' id='word_1_79' title='bbox 1300 962 1463 1026; x_wconf 90' lang='lat' dir='ltr'>ipsum</span> <span class='ocrx_word' id='word_1_80' title='bbox 1489 962 1539 1011; x_wconf 89' lang='lat' dir='ltr'>in</span> <span class='ocrx_word' id='word_1_81' title='bbox 1565 964 1805 1011; x_wconf 89' lang='lat' dir='ltr'>honorem</span> <span class='ocrx_word' id='word_1_82' title='bbox 1833 963 1980 1020; x_wconf 86' lang='lat' dir='ltr'>Iovis,</span> <span class='ocrx_word' id='word_1_83' title='bbox 2009 977 2069 1009; x_wconf 91' lang='lat' dir='ltr'>eo</span> 
     </span>
     <span class='ocr_line' id='line_1_11' title="bbox 314 1042 2144 1107; baseline -0.001 -15"><span class='ocrx_word' id='word_1_84' title='bbox 314 1044 451 1107; x_wconf 89' lang='lat' dir='ltr'>quod</span> <span class='ocrx_word' id='word_1_85' title='bbox 477 1044 527 1091; x_wconf 90' lang='lat' dir='ltr'>in</span> <span class='ocrx_word' id='word_1_86' title='bbox 554 1042 734 1092; x_wconf 89' lang='lat' dir='ltr'>bovem</span> <span class='ocrx_word' id='word_1_87' title='bbox 761 1042 822 1091; x_wconf 91' lang='lat' dir='ltr'>sit</span> <span class='ocrx_word' id='word_1_88' title='bbox 848 1043 1073 1092; x_wconf 84' lang='lat' dir='ltr'>fabulose</span> <span class='ocrx_word' id='word_1_89' title='bbox 1098 1060 1378 1104; x_wconf 89' lang='lat' dir='ltr'>conversus,</span> <span class='ocrx_word' id='word_1_90' title='bbox 1408 1046 1609 1107; x_wconf 89' lang='lat' dir='ltr'>quando</span> <span class='ocrx_word' id='word_1_91' title='bbox 1635 1046 1886 1107; x_wconf 84' lang='lat' dir='ltr'>Europam</span> <span class='ocrx_word' id='word_1_92' title='bbox 1920 1053 2069 1092; x_wconf 89' lang='lat' dir='ltr'>trans-</span> <span class='ocrx_word' id='word_1_93' title='bbox 2095 1063 2144 1091; x_wconf 89' lang='lat'>10</span> 
     </span>
     <span class='ocr_line' id='line_1_12' title="bbox 226 1125 2071 1190; baseline -0.002 -14"><span class='ocrx_word' id='word_1_94' title='bbox 226 1141 290 1189; x_wconf 86' lang='lat'>25</span> <span class='ocrx_word' id='word_1_95' title='bbox 315 1125 457 1175; x_wconf 82' lang='lat' dir='ltr'>vexit.</span> <span class='ocrx_word' id='word_1_96' title='bbox 532 1127 788 1175; x_wconf 89' lang='lat' dir='ltr'>Castorem</span> <span class='ocrx_word' id='word_1_97' title='bbox 816 1142 1016 1188; x_wconf 89' lang='lat' dir='ltr'>quoque</span> <span class='ocrx_word' id='word_1_98' title='bbox 1042 1135 1090 1175; x_wconf 90' lang='lat' dir='ltr'>et</span> <span class='ocrx_word' id='word_1_99' title='bbox 1118 1128 1371 1175; x_wconf 86' lang='lat' dir='ltr'>Pollucem</span> <span class='ocrx_word' id='word_1_100' title='bbox 1399 1136 1511 1190; x_wconf 89' lang='lat' dir='ltr'>post</span> <span class='ocrx_word' id='word_1_101' title='bbox 1538 1136 1745 1175; x_wconf 88' lang='lat' dir='ltr'>mortem</span> <span class='ocrx_word' id='word_1_102' title='bbox 1773 1125 1898 1175; x_wconf 90' lang='lat' dir='ltr'>inter</span> <span class='ocrx_word' id='word_1_103' title='bbox 1922 1126 2071 1173; x_wconf 88' lang='lat' dir='ltr'>notis-</span> 
     </span>
     <span class='ocr_line' id='line_1_13' title="bbox 221 1207 2068 1271; baseline -0.002 -14"><span class='ocrx_word' id='word_1_104' title='bbox 221 1212 289 1259; x_wconf 84' lang='lat'>26</span> <span class='ocrx_word' id='word_1_105' title='bbox 315 1208 439 1257; x_wconf 87' lang='lat' dir='ltr'>sima</span> <span class='ocrx_word' id='word_1_106' title='bbox 458 1207 618 1256; x_wconf 87' lang='lat' dir='ltr'>sidera</span> <span class='ocrx_word' id='word_1_107' title='bbox 639 1208 959 1258; x_wconf 89' lang='lat' dir='ltr'>constituere:</span> <span class='ocrx_word' id='word_1_108' title='bbox 992 1210 1127 1270; x_wconf 90' lang='lat' dir='ltr'>quod</span> <span class='ocrx_word' id='word_1_109' title='bbox 1149 1210 1342 1271; x_wconf 86' lang='lat' dir='ltr'>signum</span> <span class='ocrx_word' id='word_1_110' title='bbox 1360 1208 1561 1258; x_wconf 87' lang='lat' dir='ltr'>Gemini</span> <span class='ocrx_word' id='word_1_111' title='bbox 1578 1208 1763 1257; x_wconf 90' lang='lat' dir='ltr'>dicunt.</span> <span class='ocrx_word' id='word_1_112' title='bbox 1820 1208 2068 1258; x_wconf 83' lang='lat' dir='ltr'>Cancrum</span> 
     </span>
     <span class='ocr_line' id='line_1_14' title="bbox 315 1287 2071 1354; baseline -0.001 -17"><span class='ocrx_word' id='word_1_113' title='bbox 315 1306 514 1352; x_wconf 84' lang='lat' dir='ltr'>quoque</span> <span class='ocrx_word' id='word_1_114' title='bbox 539 1288 656 1337; x_wconf 91' lang='lat' dir='ltr'>inde</span> <span class='ocrx_word' id='word_1_115' title='bbox 682 1288 925 1349; x_wconf 82' lang='lat' dir='ltr'>dixerunt,</span> <span class='ocrx_word' id='word_1_116' title='bbox 953 1305 1012 1338; x_wconf 92' lang='lat' dir='ltr'>eo</span> <span class='ocrx_word' id='word_1_117' title='bbox 1039 1292 1176 1353; x_wconf 91' lang='lat' dir='ltr'>quod</span> <span class='ocrx_word' id='word_1_118' title='bbox 1203 1307 1317 1338; x_wconf 87' lang='lat' dir='ltr'>curn</span> <span class='ocrx_word' id='word_1_119' title='bbox 1342 1292 1406 1339; x_wconf 91' lang='lat' dir='ltr'>ad</span> <span class='ocrx_word' id='word_1_120' title='bbox 1432 1290 1483 1339; x_wconf 93' lang='lat' dir='ltr'>id</span> <span class='ocrx_word' id='word_1_121' title='bbox 1509 1290 1701 1354; x_wconf 89' lang='lat' dir='ltr'>signum</span> <span class='ocrx_word' id='word_1_122' title='bbox 1727 1305 1898 1337; x_wconf 87' lang='lat' dir='ltr'>mense</span> <span class='ocrx_word' id='word_1_123' title='bbox 1924 1287 2071 1336; x_wconf 90' lang='lat' dir='ltr'>Iunio</span> 
     </span>
     <span class='ocr_line' id='line_1_15' title="bbox 314 1369 2071 1433; baseline -0.001 -15"><span class='ocrx_word' id='word_1_124' title='bbox 314 1373 387 1418; x_wconf 80' lang='lat' dir='ltr'>sol</span> <span class='ocrx_word' id='word_1_125' title='bbox 420 1372 619 1429; x_wconf 88' lang='lat' dir='ltr'>venerit,</span> <span class='ocrx_word' id='word_1_126' title='bbox 652 1372 999 1433; x_wconf 85' lang='lat' dir='ltr'>retrograditur</span> <span class='ocrx_word' id='word_1_127' title='bbox 1034 1370 1085 1418; x_wconf 89' lang='lat' dir='ltr'>in</span> <span class='ocrx_word' id='word_1_128' title='bbox 1122 1373 1329 1420; x_wconf 90' lang='lat' dir='ltr'>modum</span> <span class='ocrx_word' id='word_1_129' title='bbox 1369 1373 1544 1432; x_wconf 90' lang='lat' dir='ltr'>cancri,</span> <span class='ocrx_word' id='word_1_130' title='bbox 1586 1370 1931 1433; x_wconf 89' lang='lat' dir='ltr'>brevioresque</span> <span class='ocrx_word' id='word_1_131' title='bbox 1965 1369 2071 1418; x_wconf 90' lang='lat' dir='ltr'>dies</span> 
     </span>
     <span class='ocr_line' id='line_1_16' title="bbox 314 1449 2143 1517; baseline 0.001 -20"><span class='ocrx_word' id='word_1_132' title='bbox 314 1449 441 1499; x_wconf 88' lang='lat' dir='ltr'>facit.</span> <span class='ocrx_word' id='word_1_133' title='bbox 517 1454 635 1500; x_wconf 90' lang='lat' dir='ltr'>Hoc</span> <span class='ocrx_word' id='word_1_134' title='bbox 661 1454 791 1501; x_wconf 89' lang='lat' dir='ltr'>enim</span> <span class='ocrx_word' id='word_1_135' title='bbox 819 1452 1003 1501; x_wconf 88' lang='lat' dir='ltr'>animal</span> <span class='ocrx_word' id='word_1_136' title='bbox 1029 1454 1267 1502; x_wconf 81' lang='lat' dir='ltr'>incertam</span> <span class='ocrx_word' id='word_1_137' title='bbox 1295 1455 1445 1503; x_wconf 91' lang='lat' dir='ltr'>habet</span> <span class='ocrx_word' id='word_1_138' title='bbox 1471 1453 1678 1517; x_wconf 84' lang='lat' dir='ltr'>primam</span> <span class='ocrx_word' id='word_1_139' title='bbox 1705 1462 1908 1517; x_wconf 88' lang='lat' dir='ltr'>partem,</span> <span class='ocrx_word' id='word_1_140' title='bbox 1938 1453 2072 1502; x_wconf 91' lang='lat' dir='ltr'>deni-</span> <span class='ocrx_word' id='word_1_141' title='bbox 2098 1471 2143 1510; x_wconf 83' lang='lat'>15</span> 
     </span>
     <span class='ocr_line' id='line_1_17' title="bbox 315 1534 2071 1599; baseline 0.002 -19"><span class='ocrx_word' id='word_1_142' title='bbox 315 1548 411 1594; x_wconf 88' lang='lat' dir='ltr'>que</span> <span class='ocrx_word' id='word_1_143' title='bbox 448 1535 512 1581; x_wconf 88' lang='lat' dir='ltr'>ad</span> <span class='ocrx_word' id='word_1_144' title='bbox 546 1544 804 1598; x_wconf 88' lang='lat' dir='ltr'>utramque</span> <span class='ocrx_word' id='word_1_145' title='bbox 838 1543 1027 1598; x_wconf 91' lang='lat' dir='ltr'>partem</span> <span class='ocrx_word' id='word_1_146' title='bbox 1064 1551 1285 1598; x_wconf 86' lang='lat' dir='ltr'>gressum</span> <span class='ocrx_word' id='word_1_147' title='bbox 1317 1535 1493 1599; x_wconf 89' lang='lat' dir='ltr'>dirigit,</span> <span class='ocrx_word' id='word_1_148' title='bbox 1523 1535 1590 1584; x_wconf 89' lang='lat' dir='ltr'>ita</span> <span class='ocrx_word' id='word_1_149' title='bbox 1624 1544 1676 1584; x_wconf 88' lang='lat' dir='ltr'>ut</span> <span class='ocrx_word' id='word_1_150' title='bbox 1709 1534 1839 1598; x_wconf 93' lang='lat' dir='ltr'>prior</span> <span class='ocrx_word' id='word_1_151' title='bbox 1868 1549 1978 1597; x_wconf 87' lang='lat' dir='ltr'>pars</span> <span class='ocrx_word' id='word_1_152' title='bbox 2011 1534 2071 1583; x_wconf 88' lang='lat' dir='ltr'>sit</span> 
     </span>
     <span class='ocr_line' id='line_1_18' title="bbox 229 1614 2071 1680; baseline 0.002 -19"><span class='ocrx_word' id='word_1_153' title='bbox 229 1624 290 1673; x_wconf 86' lang='lat'>27</span> <span class='ocrx_word' id='word_1_154' title='bbox 315 1614 557 1676; x_wconf 86' lang='lat' dir='ltr'>posterior.</span> <span class='ocrx_word' id='word_1_155' title='bbox 578 1624 626 1664; x_wconf 94' lang='lat' dir='ltr'>et</span> <span class='ocrx_word' id='word_1_156' title='bbox 650 1615 891 1680; x_wconf 90' lang='lat' dir='ltr'>posterior</span> <span class='ocrx_word' id='word_1_157' title='bbox 915 1618 1058 1679; x_wconf 91' lang='lat' dir='ltr'>prior.</span> <span class='ocrx_word' id='word_1_158' title='bbox 1123 1619 1346 1666; x_wconf 89' lang='lat' dir='ltr'>Leonem</span> <span class='ocrx_word' id='word_1_159' title='bbox 1373 1616 1424 1664; x_wconf 93' lang='lat' dir='ltr'>in</span> <span class='ocrx_word' id='word_1_160' title='bbox 1443 1616 1650 1666; x_wconf 88' lang='lat' dir='ltr'>Graecia</span> <span class='ocrx_word' id='word_1_161' title='bbox 1675 1616 1925 1680; x_wconf 90' lang='lat' dir='ltr'>ingentem</span> <span class='ocrx_word' id='word_1_162' title='bbox 1947 1619 2071 1665; x_wconf 86' lang='lat' dir='ltr'>Her-</span> 
     </span>
     <span class='ocr_line' id='line_1_19' title="bbox 287 1697 2069 1761; baseline 0.001 -16"><span class='ocrx_word' id='word_1_163' title='bbox 287 1698 449 1745; x_wconf 86' lang='lat' dir='ltr'>-cules</span> <span class='ocrx_word' id='word_1_164' title='bbox 487 1697 682 1757; x_wconf 86' lang='lat' dir='ltr'>occidit,</span> <span class='ocrx_word' id='word_1_165' title='bbox 719 1707 768 1746; x_wconf 89' lang='lat' dir='ltr'>et</span> <span class='ocrx_word' id='word_1_166' title='bbox 805 1707 1004 1761; x_wconf 90' lang='lat' dir='ltr'>propter</span> <span class='ocrx_word' id='word_1_167' title='bbox 1034 1698 1263 1747; x_wconf 88' lang='lat' dir='ltr'>virtutem</span> <span class='ocrx_word' id='word_1_168' title='bbox 1301 1715 1440 1747; x_wconf 89' lang='lat' dir='ltr'>suam</span> <span class='ocrx_word' id='word_1_169' title='bbox 1478 1700 1611 1747; x_wconf 91' lang='lat' dir='ltr'>hunc</span> <span class='ocrx_word' id='word_1_170' title='bbox 1644 1698 1770 1748; x_wconf 92' lang='lat' dir='ltr'>inter</span> <span class='ocrx_word' id='word_1_171' title='bbox 1802 1699 2069 1748; x_wconf 88' lang='lat' dir='ltr'>duodecim</span> 
     </span>
     <span class='ocr_line' id='line_1_20' title="bbox 314 1779 2068 1843; baseline 0.002 -17"><span class='ocrx_word' id='word_1_172' title='bbox 314 1780 452 1841; x_wconf 88' lang='lat' dir='ltr'>signa</span> <span class='ocrx_word' id='word_1_173' title='bbox 470 1779 737 1828; x_wconf 87' lang='lat' dir='ltr'>constituit.</span> <span class='ocrx_word' id='word_1_174' title='bbox 793 1782 910 1828; x_wconf 92' lang='lat' dir='ltr'>Hoc</span> <span class='ocrx_word' id='word_1_175' title='bbox 928 1781 1122 1843; x_wconf 87' lang='lat' dir='ltr'>signum</span> <span class='ocrx_word' id='word_1_176' title='bbox 1140 1782 1214 1829; x_wconf 88' lang='lat' dir='ltr'>sol</span> <span class='ocrx_word' id='word_1_177' title='bbox 1234 1797 1346 1829; x_wconf 89' lang='lat' dir='ltr'>cum</span> <span class='ocrx_word' id='word_1_178' title='bbox 1367 1780 1606 1843; x_wconf 81' lang='lat' dir='ltr'>adtigerit,</span> <span class='ocrx_word' id='word_1_179' title='bbox 1626 1780 1835 1829; x_wconf 89' lang='lat' dir='ltr'>nimium</span> <span class='ocrx_word' id='word_1_180' title='bbox 1856 1783 2068 1830; x_wconf 88' lang='lat' dir='ltr'>calorem</span> 
     </span>
     <span class='ocr_line' id='line_1_21' title="bbox 223 1859 2147 1926; baseline 0.002 -20"><span class='ocrx_word' id='word_1_181' title='bbox 223 1859 289 1906; x_wconf 86' lang='lat'>28</span> <span class='ocrx_word' id='word_1_182' title='bbox 314 1862 504 1910; x_wconf 89' lang='lat' dir='ltr'>mundo</span> <span class='ocrx_word' id='word_1_183' title='bbox 538 1862 713 1921; x_wconf 91' lang='lat' dir='ltr'>reddit,</span> <span class='ocrx_word' id='word_1_184' title='bbox 751 1871 798 1910; x_wconf 89' lang='lat' dir='ltr'>et</span> <span class='ocrx_word' id='word_1_185' title='bbox 830 1879 1023 1911; x_wconf 87' lang='lat' dir='ltr'>annuos</span> <span class='ocrx_word' id='word_1_186' title='bbox 1060 1864 1203 1911; x_wconf 89' lang='lat' dir='ltr'>flatus</span> <span class='ocrx_word' id='word_1_187' title='bbox 1240 1862 1430 1911; x_wconf 88' lang='lat' dir='ltr'>Etesias</span> <span class='ocrx_word' id='word_1_188' title='bbox 1468 1862 1595 1910; x_wconf 87' lang='lat' dir='ltr'>facit.</span> <span class='ocrx_word' id='word_1_189' title='bbox 1671 1862 1884 1926; x_wconf 91' lang='lat' dir='ltr'>Virginis</span> <span class='ocrx_word' id='word_1_190' title='bbox 1920 1862 2066 1911; x_wconf 88' lang='lat' dir='ltr'>etiam</span> <span class='ocrx_word' id='word_1_191' title='bbox 2094 1882 2147 1910; x_wconf 86' lang='lat'>20</span> 
     </span>
     <span class='ocr_line' id='line_1_22' title="bbox 314 1942 2067 2008; baseline 0.001 -18"><span class='ocrx_word' id='word_1_192' title='bbox 314 1942 507 2006; x_wconf 90' lang='lat' dir='ltr'>signum</span> <span class='ocrx_word' id='word_1_193' title='bbox 542 1942 727 1992; x_wconf 90' lang='lat' dir='ltr'>idcirco</span> <span class='ocrx_word' id='word_1_194' title='bbox 762 1943 887 1992; x_wconf 89' lang='lat' dir='ltr'>intra</span> <span class='ocrx_word' id='word_1_195' title='bbox 919 1953 1048 1992; x_wconf 90' lang='lat' dir='ltr'>astra</span> <span class='ocrx_word' id='word_1_196' title='bbox 1081 1946 1480 2004; x_wconf 89' lang='lat' dir='ltr'>conlocaverunt,</span> <span class='ocrx_word' id='word_1_197' title='bbox 1514 1953 1713 2008; x_wconf 89' lang='lat' dir='ltr'>propter</span> <span class='ocrx_word' id='word_1_198' title='bbox 1738 1946 1875 2007; x_wconf 88' lang='lat' dir='ltr'>quod</span> <span class='ocrx_word' id='word_1_199' title='bbox 1909 1946 2067 1993; x_wconf 90' lang='lat' dir='ltr'>isdem</span> 
     </span>
     <span class='ocr_line' id='line_1_23' title="bbox 314 2023 2071 2088; baseline 0.002 -16"><span class='ocrx_word' id='word_1_200' title='bbox 314 2023 509 2085; x_wconf 80' lang='lat' dir='ltr'>diebus,</span> <span class='ocrx_word' id='word_1_201' title='bbox 529 2025 579 2072; x_wconf 91' lang='lat' dir='ltr'>in</span> <span class='ocrx_word' id='word_1_202' title='bbox 601 2024 780 2087; x_wconf 87' lang='lat' dir='ltr'>quibus</span> <span class='ocrx_word' id='word_1_203' title='bbox 808 2042 894 2088; x_wconf 90' lang='lat' dir='ltr'>per</span> <span class='ocrx_word' id='word_1_204' title='bbox 920 2043 1033 2074; x_wconf 89' lang='lat' dir='ltr'>eum</span> <span class='ocrx_word' id='word_1_205' title='bbox 1061 2028 1134 2074; x_wconf 93' lang='lat' dir='ltr'>sol</span> <span class='ocrx_word' id='word_1_206' title='bbox 1161 2027 1388 2085; x_wconf 88' lang='lat' dir='ltr'>decurrit,</span> <span class='ocrx_word' id='word_1_207' title='bbox 1411 2035 1537 2075; x_wconf 87' lang='lat' dir='ltr'>terra</span> <span class='ocrx_word' id='word_1_208' title='bbox 1563 2035 1731 2075; x_wconf 84' lang='lat' dir='ltr'>exusta</span> <span class='ocrx_word' id='word_1_209' title='bbox 1756 2026 1871 2074; x_wconf 88' lang='lat' dir='ltr'>solis</span> <span class='ocrx_word' id='word_1_210' title='bbox 1896 2028 2071 2076; x_wconf 89' lang='lat' dir='ltr'>ardore</span> 
     </span>
     <span class='ocr_line' id='line_1_24' title="bbox 221 2104 2068 2172; baseline 0.003 -22"><span class='ocrx_word' id='word_1_211' title='bbox 221 2116 291 2163; x_wconf 86' lang='lat'>29</span> <span class='ocrx_word' id='word_1_212' title='bbox 315 2104 436 2152; x_wconf 90' lang='lat' dir='ltr'>nihil</span> <span class='ocrx_word' id='word_1_213' title='bbox 453 2105 620 2168; x_wconf 88' lang='lat' dir='ltr'>pariat.</span> <span class='ocrx_word' id='word_1_214' title='bbox 675 2108 763 2154; x_wconf 90' lang='lat' dir='ltr'>Est</span> <span class='ocrx_word' id='word_1_215' title='bbox 780 2108 911 2155; x_wconf 90' lang='lat' dir='ltr'>enirn</span> <span class='ocrx_word' id='word_1_216' title='bbox 930 2109 1025 2155; x_wconf 90' lang='lat' dir='ltr'>hoc</span> <span class='ocrx_word' id='word_1_217' title='bbox 1043 2117 1238 2172; x_wconf 89' lang='lat' dir='ltr'>tempus</span> <span class='ocrx_word' id='word_1_218' title='bbox 1255 2107 1606 2156; x_wconf 87' lang='lat' dir='ltr'>canicularium</span> <span class='ocrx_word' id='word_1_219' title='bbox 1624 2108 1829 2157; x_wconf 88' lang='lat' dir='ltr'>dierum.</span> <span class='ocrx_word' id='word_1_220' title='bbox 1869 2107 2068 2156; x_wconf 88' lang='lat' dir='ltr'>Libram</span> 
     </span>
     <span class='ocr_line' id='line_1_25' title="bbox 314 2189 2066 2253; baseline 0.002 -19"><span class='ocrx_word' id='word_1_221' title='bbox 314 2195 481 2235; x_wconf 89' lang='lat' dir='ltr'>autem</span> <span class='ocrx_word' id='word_1_222' title='bbox 514 2198 812 2237; x_wconf 90' lang='lat' dir='ltr'>vocaverunt</span> <span class='ocrx_word' id='word_1_223' title='bbox 848 2190 911 2237; x_wconf 88' lang='lat' dir='ltr'>ab</span> <span class='ocrx_word' id='word_1_224' title='bbox 945 2189 1241 2252; x_wconf 88' lang='lat' dir='ltr'>aequalitate</span> <span class='ocrx_word' id='word_1_225' title='bbox 1278 2191 1461 2238; x_wconf 89' lang='lat' dir='ltr'>mensis</span> <span class='ocrx_word' id='word_1_226' title='bbox 1498 2189 1665 2252; x_wconf 90' lang='lat' dir='ltr'>ipsius,</span> <span class='ocrx_word' id='word_1_227' title='bbox 1702 2191 1817 2253; x_wconf 89' lang='lat' dir='ltr'>quia</span> <span class='ocrx_word' id='word_1_228' title='bbox 1847 2205 1940 2237; x_wconf 85' lang='lat' dir='ltr'>vl11</span> <span class='ocrx_word' id='word_1_229' title='bbox 1974 2190 2066 2237; x_wconf 87' lang='lat' dir='ltr'>kal.</span> 
     </span>
     <span class='ocr_line' id='line_1_26' title="bbox 315 2268 2144 2333; baseline 0.002 -17"><span class='ocrx_word' id='word_1_230' title='bbox 315 2268 562 2317; x_wconf 83' lang='lat' dir='ltr'>Octobres</span> <span class='ocrx_word' id='word_1_231' title='bbox 579 2270 652 2317; x_wconf 92' lang='lat' dir='ltr'>sol</span> <span class='ocrx_word' id='word_1_232' title='bbox 673 2286 759 2331; x_wconf 93' lang='lat' dir='ltr'>per</span> <span class='ocrx_word' id='word_1_233' title='bbox 775 2271 897 2318; x_wconf 91' lang='lat' dir='ltr'>illud</span> <span class='ocrx_word' id='word_1_234' title='bbox 919 2269 1112 2333; x_wconf 89' lang='lat' dir='ltr'>signum</span> <span class='ocrx_word' id='word_1_235' title='bbox 1131 2287 1329 2319; x_wconf 90' lang='lat' dir='ltr'>currens</span> <span class='ocrx_word' id='word_1_236' title='bbox 1349 2271 1719 2333; x_wconf 87' lang='lat' dir='ltr'>aequinoctium</span> <span class='ocrx_word' id='word_1_237' title='bbox 1739 2270 1865 2319; x_wconf 88' lang='lat' dir='ltr'>facit.</span> <span class='ocrx_word' id='word_1_238' title='bbox 1923 2272 2070 2320; x_wconf 91' lang='lat' dir='ltr'>Vnde</span> <span class='ocrx_word' id='word_1_239' title='bbox 2097 2291 2144 2330; x_wconf 82' lang='lat'>25</span> 
     </span>
     <span class='ocr_line' id='line_1_27' title="bbox 316 2350 854 2415; baseline 0.006 -18"><span class='ocrx_word' id='word_1_240' title='bbox 316 2359 362 2398; x_wconf 89' lang='lat' dir='ltr'>et</span> <span class='ocrx_word' id='word_1_241' title='bbox 391 2352 622 2399; x_wconf 87' lang='lat' dir='ltr'>Lucanus</span> <span class='ocrx_word' id='word_1_242' title='bbox 651 2350 717 2414; x_wconf 82' lang='lat'>(4,</span> <span class='ocrx_word' id='word_1_243' title='bbox 741 2352 822 2415; x_wconf 88' lang='lat'>58)</span> <span class='ocrx_word' id='word_1_244' title='bbox 846 2371 854 2400; x_wconf 93' lang='lat'><strong>:</strong></span> 
     </span>
     <span class='ocr_line' id='line_1_28' title="bbox 794 2434 1528 2498; baseline 0.004 -18"><span class='ocrx_word' id='word_1_245' title='bbox 794 2435 874 2481; x_wconf 89' lang='lat' dir='ltr'>Ad</span> <span class='ocrx_word' id='word_1_246' title='bbox 912 2434 1068 2483; x_wconf 90' lang='lat' dir='ltr'>iustae</span> <span class='ocrx_word' id='word_1_247' title='bbox 1105 2436 1326 2498; x_wconf 87' lang='lat' dir='ltr'>pondera</span> <span class='ocrx_word' id='word_1_248' title='bbox 1363 2434 1528 2483; x_wconf 90' lang='lat' dir='ltr'>librae.</span> 
     </span>
    </p>
   </div>
   <div class='ocr_carea' id='block_1_3' title="bbox 316 2562 2071 2988">
    <p class='ocr_par' dir='ltr' id='par_1_3' title="bbox 316 2562 2071 2988">
     <span class='ocr_line' id='line_1_29' title="bbox 372 2562 2070 2614; baseline 0.002 -15"><span class='ocrx_word' id='word_1_249' title='bbox 372 2575 396 2599; x_wconf 86' lang='lat'><em>2</em></span> <span class='ocrx_word' id='word_1_250' title='bbox 428 2563 502 2614; x_wconf 82' lang='lat' dir='ltr'>ex]</span> <span class='ocrx_word' id='word_1_251' title='bbox 525 2569 567 2602; x_wconf 92' lang='lat' dir='ltr'>et</span> <span class='ocrx_word' id='word_1_252' title='bbox 592 2562 691 2601; x_wconf 83' lang='lat' dir='ltr'>C¹K</span> <span class='ocrx_word' id='word_1_253' title='bbox 800 2563 974 2602; x_wconf 86' lang='lat' dir='ltr'>deorum</span> <span class='ocrx_word' id='word_1_254' title='bbox 998 2577 1171 2603; x_wconf 87' lang='lat' dir='ltr'>suorum</span> <span class='ocrx_word' id='word_1_255' title='bbox 1192 2578 1363 2604; x_wconf 88' lang='lat' dir='ltr'>suorum</span> <span class='ocrx_word' id='word_1_256' title='bbox 1386 2565 1594 2613; x_wconf 87' lang='lat' dir='ltr'>imagines</span> <span class='ocrx_word' id='word_1_257' title='bbox 1622 2565 1659 2602; x_wconf 91' lang='lat' dir='ltr'><em>T</em></span> <span class='ocrx_word' id='word_1_258' title='bbox 1764 2577 1788 2613; x_wconf 88' lang='grc'>3</span> <span class='ocrx_word' id='word_1_259' title='bbox 1818 2565 2070 2604; x_wconf 84' lang='lat' dir='ltr'>confirman-</span> 
     </span>
     <span class='ocr_line' id='line_1_30' title="bbox 317 2617 2068 2670; baseline 0.003 -16"><span class='ocrx_word' id='word_1_260' title='bbox 317 2623 385 2655; x_wconf 86' lang='lat' dir='ltr'>tes</span> <span class='ocrx_word' id='word_1_261' title='bbox 413 2617 450 2654; x_wconf 86' lang='lat' dir='ltr'><em>T</em></span> <span class='ocrx_word' id='word_1_262' title='bbox 582 2618 661 2666; x_wconf 84' lang='lat' dir='ltr'>sig.</span> <span class='ocrx_word' id='word_1_263' title='bbox 683 2617 768 2656; x_wconf 92' lang='lat' dir='ltr'>iobi</span> <span class='ocrx_word' id='word_1_264' title='bbox 791 2618 854 2656; x_wconf 89' lang='lat' dir='ltr'>cui</span> <span class='ocrx_word' id='word_1_265' title='bbox 883 2618 920 2656; x_wconf 93' lang='lat' dir='ltr'><em>T</em></span> <span class='ocrx_word' id='word_1_266' title='bbox 1071 2634 1096 2668; x_wconf 92' lang='lat'>4</span> <span class='ocrx_word' id='word_1_267' title='bbox 1125 2626 1171 2659; x_wconf 87' lang='lat' dir='ltr'>ut</span> <span class='ocrx_word' id='word_1_268' title='bbox 1189 2620 1259 2660; x_wconf 89' lang='lat' dir='ltr'>lib.</span> <span class='ocrx_word' id='word_1_269' title='bbox 1282 2618 1384 2658; x_wconf 82' lang='lat' dir='ltr'>BC:</span> <span class='ocrx_word' id='word_1_270' title='bbox 1414 2626 1456 2658; x_wconf 88' lang='lat' dir='ltr'>et</span> <span class='ocrx_word' id='word_1_271' title='bbox 1477 2619 1544 2658; x_wconf 88' lang='lat' dir='ltr'>lib.</span> <span class='ocrx_word' id='word_1_272' title='bbox 1570 2618 1658 2656; x_wconf 90' lang='lat' dir='ltr'>KT</span> <span class='ocrx_word' id='word_1_273' title='bbox 1790 2633 1851 2670; x_wconf 90' lang='lat' dir='ltr'>pr.</span> <span class='ocrx_word' id='word_1_274' title='bbox 1874 2632 2068 2659; x_wconf 87' lang='lat' dir='ltr'>amonem</span> 
     </span>
     <span class='ocr_line' id='line_1_31' title="bbox 318 2671 2070 2723; baseline 0.003 -14"><span class='ocrx_word' id='word_1_275' title='bbox 318 2671 424 2710; x_wconf 88' lang='lat' dir='ltr'>iobis</span> <span class='ocrx_word' id='word_1_276' title='bbox 448 2671 522 2712; x_wconf 70' lang='lat' dir='ltr'>Cl:</span> <span class='ocrx_word' id='word_1_277' title='bbox 554 2678 756 2722; x_wconf 87' lang='lat' dir='ltr'>proptere</span> <span class='ocrx_word' id='word_1_278' title='bbox 784 2685 928 2712; x_wconf 85' lang='lat' dir='ltr'>amore</span> <span class='ocrx_word' id='word_1_279' title='bbox 948 2674 983 2712; x_wconf 89' lang='lat' dir='ltr'>is</span> <span class='ocrx_word' id='word_1_280' title='bbox 1005 2673 1049 2711; x_wconf 90' lang='lat' dir='ltr'><em>K</em></span> <span class='ocrx_word' id='word_1_281' title='bbox 1237 2676 1262 2712; x_wconf 93' lang='lat'>8</span> <span class='ocrx_word' id='word_1_282' title='bbox 1293 2674 1428 2713; x_wconf 89' lang='lat' dir='ltr'>solem</span> <span class='ocrx_word' id='word_1_283' title='bbox 1450 2687 1533 2714; x_wconf 83' lang='lat' dir='ltr'>om.</span> <span class='ocrx_word' id='word_1_284' title='bbox 1558 2672 1657 2712; x_wconf 88' lang='lat' dir='ltr'>C¹K</span> <span class='ocrx_word' id='word_1_285' title='bbox 1816 2675 1985 2723; x_wconf 88' lang='lat' dir='ltr'>signum</span> <span class='ocrx_word' id='word_1_286' title='bbox 2014 2675 2070 2714; x_wconf 90' lang='lat' dir='ltr'>T:</span> 
     </span>
     <span class='ocr_line' id='line_1_32' title="bbox 319 2726 2071 2779; baseline 0.002 -15"><span class='ocrx_word' id='word_1_287' title='bbox 319 2740 400 2765; x_wconf 83' lang='lat' dir='ltr'>om.</span> <span class='ocrx_word' id='word_1_288' title='bbox 416 2726 457 2764; x_wconf 86' lang='lat' dir='ltr'><em>B</em></span> <span class='ocrx_word' id='word_1_289' title='bbox 567 2739 687 2765; x_wconf 87' lang='lat' dir='ltr'>suum</span> <span class='ocrx_word' id='word_1_290' title='bbox 709 2740 793 2766; x_wconf 80' lang='lat' dir='ltr'>om.</span> <span class='ocrx_word' id='word_1_291' title='bbox 820 2727 857 2765; x_wconf 93' lang='lat' dir='ltr'><em>T</em></span> <span class='ocrx_word' id='word_1_292' title='bbox 962 2729 1159 2768; x_wconf 88' lang='lat' dir='ltr'>dicuntur</span> <span class='ocrx_word' id='word_1_293' title='bbox 1184 2729 1221 2767; x_wconf 95' lang='lat' dir='ltr'><em>T</em></span> <span class='ocrx_word' id='word_1_294' title='bbox 1345 2741 1393 2768; x_wconf 93' lang='lat'>10</span> <span class='ocrx_word' id='word_1_295' title='bbox 1421 2742 1489 2779; x_wconf 90' lang='lat' dir='ltr'>qu.</span> <span class='ocrx_word' id='word_1_296' title='bbox 1513 2735 1554 2767; x_wconf 89' lang='lat' dir='ltr'>et</span> <span class='ocrx_word' id='word_1_297' title='bbox 1575 2741 1721 2778; x_wconf 87' lang='lat' dir='ltr'>europ.</span> <span class='ocrx_word' id='word_1_298' title='bbox 1749 2728 1786 2766; x_wconf 94' lang='lat' dir='ltr'><em>T</em></span> <span class='ocrx_word' id='word_1_299' title='bbox 1893 2741 1942 2767; x_wconf 86' lang='lat'>12</span> <span class='ocrx_word' id='word_1_300' title='bbox 1973 2742 2071 2768; x_wconf 91' lang='lat' dir='ltr'>con-</span> 
     </span>
     <span class='ocr_line' id='line_1_33' title="bbox 318 2781 2070 2833; baseline 0.002 -14"><span class='ocrx_word' id='word_1_301' title='bbox 318 2782 550 2820; x_wconf 85' lang='lat' dir='ltr'>stituerunt</span> <span class='ocrx_word' id='word_1_302' title='bbox 570 2781 654 2819; x_wconf 87' lang='lat' dir='ltr'>BT</span> <span class='ocrx_word' id='word_1_303' title='bbox 758 2782 974 2831; x_wconf 88' lang='lat' dir='ltr'>geminum</span> <span class='ocrx_word' id='word_1_304' title='bbox 998 2782 1097 2821; x_wconf 91' lang='lat' dir='ltr'>C¹K</span> <span class='ocrx_word' id='word_1_305' title='bbox 1167 2814 1170 2816; x_wconf 17' lang='grc' dir='ltr'><strong>Α</strong></span> <span class='ocrx_word' id='word_1_306' title='bbox 1262 2796 1308 2833; x_wconf 88' lang='lat'>13</span> <span class='ocrx_word' id='word_1_307' title='bbox 1338 2783 1436 2822; x_wconf 87' lang='lat' dir='ltr'>inde</span> <span class='ocrx_word' id='word_1_308' title='bbox 1459 2796 1538 2823; x_wconf 82' lang='lat' dir='ltr'>om.</span> <span class='ocrx_word' id='word_1_309' title='bbox 1561 2782 1603 2820; x_wconf 89' lang='lat' dir='ltr'><em>B</em></span> <span class='ocrx_word' id='word_1_310' title='bbox 1713 2795 1810 2822; x_wconf 89' lang='lat' dir='ltr'>cum</span> <span class='ocrx_word' id='word_1_311' title='bbox 1830 2783 1884 2822; x_wconf 85' lang='lat' dir='ltr'>ad</span> <span class='ocrx_word' id='word_1_312' title='bbox 1904 2784 1946 2822; x_wconf 93' lang='lat' dir='ltr'>id</span> <span class='ocrx_word' id='word_1_313' title='bbox 1971 2782 2070 2823; x_wconf 84' lang='lat' dir='ltr'>CK:</span> 
     </span>
     <span class='ocr_line' id='line_1_34' title="bbox 317 2835 2069 2890; baseline 0.001 -16"><span class='ocrx_word' id='word_1_314' title='bbox 317 2837 370 2874; x_wconf 89' lang='lat' dir='ltr'>ad</span> <span class='ocrx_word' id='word_1_315' title='bbox 393 2848 490 2874; x_wconf 88' lang='lat' dir='ltr'>eum</span> <span class='ocrx_word' id='word_1_316' title='bbox 511 2835 596 2874; x_wconf 88' lang='lat' dir='ltr'>BT</span> <span class='ocrx_word' id='word_1_317' title='bbox 700 2836 801 2875; x_wconf 88' lang='lat' dir='ltr'>iulio</span> <span class='ocrx_word' id='word_1_318' title='bbox 823 2837 887 2875; x_wconf 92' lang='lat' dir='ltr'>sol</span> <span class='ocrx_word' id='word_1_319' title='bbox 909 2839 1007 2877; x_wconf 91' lang='lat' dir='ltr'>dum</span> <span class='ocrx_word' id='word_1_320' title='bbox 1026 2851 1088 2876; x_wconf 89' lang='lat' dir='ltr'>ve.</span> <span class='ocrx_word' id='word_1_321' title='bbox 1117 2837 1154 2875; x_wconf 93' lang='lat' dir='ltr'><em>T</em></span> <span class='ocrx_word' id='word_1_322' title='bbox 1290 2851 1336 2887; x_wconf 92' lang='lat'>14</span> <span class='ocrx_word' id='word_1_323' title='bbox 1369 2839 1639 2888; x_wconf 86' lang='lat' dir='ltr'>breviterque</span> <span class='ocrx_word' id='word_1_324' title='bbox 1663 2836 1762 2875; x_wconf 89' lang='lat' dir='ltr'>C¹K</span> <span class='ocrx_word' id='word_1_325' title='bbox 1889 2848 1937 2887; x_wconf 90' lang='lat'>15</span> <span class='ocrx_word' id='word_1_326' title='bbox 1966 2838 2069 2890; x_wconf 91' lang='lat' dir='ltr'>hoc]</span> 
     </span>
     <span class='ocr_line' id='line_1_35' title="bbox 316 2889 2068 2944; baseline 0.002 -17"><span class='ocrx_word' id='word_1_327' title='bbox 316 2890 359 2928; x_wconf 88' lang='lat' dir='ltr'>hi</span> <span class='ocrx_word' id='word_1_328' title='bbox 384 2889 433 2928; x_wconf 80' lang='lat' dir='ltr'>Cl</span> <span class='ocrx_word' id='word_1_329' title='bbox 600 2891 650 2928; x_wconf 91' lang='lat'>16</span> <span class='ocrx_word' id='word_1_330' title='bbox 679 2891 833 2940; x_wconf 81' lang='lat' dir='ltr'>dirigat</span> <span class='ocrx_word' id='word_1_331' title='bbox 858 2891 906 2931; x_wconf 85' lang='lat' dir='ltr'>C¹</span> <span class='ocrx_word' id='word_1_332' title='bbox 1071 2894 1119 2931; x_wconf 85' lang='lat'>18</span> <span class='ocrx_word' id='word_1_333' title='bbox 1149 2892 1279 2944; x_wconf 87' lang='lat' dir='ltr'>hunc]</span> <span class='ocrx_word' id='word_1_334' title='bbox 1299 2893 1368 2932; x_wconf 88' lang='lat' dir='ltr'>inc</span> <span class='ocrx_word' id='word_1_335' title='bbox 1395 2893 1432 2931; x_wconf 94' lang='lat' dir='ltr'><em>T</em></span> <span class='ocrx_word' id='word_1_336' title='bbox 1591 2906 1644 2932; x_wconf 86' lang='lat'>20</span> <span class='ocrx_word' id='word_1_337' title='bbox 1672 2904 1811 2932; x_wconf 88' lang='lat' dir='ltr'>annos</span> <span class='ocrx_word' id='word_1_338' title='bbox 1832 2891 1900 2931; x_wconf 88' lang='lat' dir='ltr'>K:</span> <span class='ocrx_word' id='word_1_339' title='bbox 1930 2905 2068 2931; x_wconf 90' lang='lat' dir='ltr'>annus</span> 
     </span>
     <span class='ocr_line' id='line_1_36' title="bbox 321 2944 2069 2988; baseline 0.002 -5"><span class='ocrx_word' id='word_1_340' title='bbox 321 2944 371 2982; x_wconf 81' lang='lat' dir='ltr'>Cl</span> <span class='ocrx_word' id='word_1_341' title='bbox 482 2951 524 2984; x_wconf 87' lang='lat' dir='ltr'>et</span> <span class='ocrx_word' id='word_1_342' title='bbox 544 2945 703 2983; x_wconf 87' lang='lat' dir='ltr'>vestias</span> <span class='ocrx_word' id='word_1_343' title='bbox 726 2945 775 2983; x_wconf 85' lang='lat' dir='ltr'>C1</span> <span class='ocrx_word' id='word_1_344' title='bbox 965 2961 1012 2986; x_wconf 84' lang='lat'>21</span> <span class='ocrx_word' id='word_1_345' title='bbox 1045 2947 1207 2986; x_wconf 87' lang='lat' dir='ltr'>hisdem</span> <span class='ocrx_word' id='word_1_346' title='bbox 1231 2947 1352 2985; x_wconf 89' lang='lat' dir='ltr'>BCT</span> <span class='ocrx_word' id='word_1_347' title='bbox 1364 2962 1371 2988; x_wconf 93' lang='lat'><strong>:</strong></span> <span class='ocrx_word' id='word_1_348' title='bbox 1404 2947 1470 2986; x_wconf 92' lang='lat' dir='ltr'>his</span> <span class='ocrx_word' id='word_1_349' title='bbox 1491 2946 1537 2984; x_wconf 88' lang='lat' dir='ltr'><em>K</em></span> <span class='ocrx_word' id='word_1_350' title='bbox 1721 2959 1773 2985; x_wconf 88' lang='grc'>22</span> <span class='ocrx_word' id='word_1_351' title='bbox 1803 2951 1979 2986; x_wconf 87' lang='lat' dir='ltr'>exausta</span> <span class='ocrx_word' id='word_1_352' title='bbox 1999 2945 2069 2986; x_wconf 89' lang='lat' dir='ltr'>K:</span> 
     </span>
    </p>
   </div>
   <div class='ocr_carea' id='block_1_4' title="bbox 317 2998 2069 3107">
    <p class='ocr_par' dir='ltr' id='par_1_4' title="bbox 317 2998 2069 3107">
     <span class='ocr_line' id='line_1_37' title="bbox 318 2998 2069 3053; baseline 0.002 -16"><span class='ocrx_word' id='word_1_353' title='bbox 318 2999 527 3038; x_wconf 81' lang='lat' dir='ltr'>exhausta</span> <span class='ocrx_word' id='word_1_354' title='bbox 546 2998 588 3037; x_wconf 91' lang='grc' dir='ltr'><em>Β</em></span> <span class='ocrx_word' id='word_1_355' title='bbox 766 3013 817 3048; x_wconf 86' lang='grc'>24</span> <span class='ocrx_word' id='word_1_356' title='bbox 849 3001 918 3050; x_wconf 87' lang='lat' dir='ltr'>qui</span> <span class='ocrx_word' id='word_1_357' title='bbox 939 3002 992 3040; x_wconf 91' lang='lat' dir='ltr'>ab</span> <span class='ocrx_word' id='word_1_358' title='bbox 1017 3000 1114 3039; x_wconf 81' lang='lat' dir='ltr'>C1K</span> <span class='ocrx_word' id='word_1_359' title='bbox 1287 3014 1338 3051; x_wconf 84' lang='lat'>25</span> <span class='ocrx_word' id='word_1_360' title='bbox 1368 3002 1432 3041; x_wconf 90' lang='lat' dir='ltr'>sol</span> <span class='ocrx_word' id='word_1_361' title='bbox 1453 3001 1550 3053; x_wconf 89' lang='lat' dir='ltr'>per]</span> <span class='ocrx_word' id='word_1_362' title='bbox 1572 3014 1700 3052; x_wconf 81' lang='lat' dir='ltr'>super</span> <span class='ocrx_word' id='word_1_363' title='bbox 1727 3001 1765 3040; x_wconf 91' lang='lat' dir='ltr'><em>T</em></span> <span class='ocrx_word' id='word_1_364' title='bbox 1894 3014 2069 3040; x_wconf 84' lang='lat' dir='ltr'>currens</span> 
     </span>
     <span class='ocr_line' id='line_1_38' title="bbox 317 3053 1596 3107; baseline 0.003 -17"><span class='ocrx_word' id='word_1_365' title='bbox 317 3053 487 3103; x_wconf 87' lang='lat' dir='ltr'>signum</span> <span class='ocrx_word' id='word_1_366' title='bbox 508 3054 766 3104; x_wconf 83' lang='lat' dir='ltr'>aequinoctii</span> <span class='ocrx_word' id='word_1_367' title='bbox 792 3054 888 3092; x_wconf 83' lang='lat' dir='ltr'>C1K</span> <span class='ocrx_word' id='word_1_368' title='bbox 908 3058 1010 3107; x_wconf 79' lang='lat' dir='ltr'>&lt;non</span> <span class='ocrx_word' id='word_1_369' title='bbox 1031 3056 1093 3099; x_wconf 65' lang='lat' dir='ltr'>A&gt;</span> <span class='ocrx_word' id='word_1_370' title='bbox 1261 3069 1310 3105; x_wconf 88' lang='grc'><strong>27</strong></span> <span class='ocrx_word' id='word_1_371' title='bbox 1342 3058 1532 3106; x_wconf 84' lang='lat' dir='ltr'>pondere</span> <span class='ocrx_word' id='word_1_372' title='bbox 1559 3056 1596 3094; x_wconf 94' lang='lat' dir='ltr'><em>T</em></span> 
     </span>
    </p>
   </div>
  </div>
 </body>
</html>
