2176 3424
1011 139 1281 187 ISIDORI

271 270 402 332 gravi
442 268 774 331 diuturnoque
816 270 947 317 bello
987 268 1282 331 perdomuit,
1324 267 1589 318 novissime
1631 270 1784 318 victor
1832 287 2016 319 nomen

271 351 523 400 subiectae
558 350 692 414 genti
730 350 883 399 dedit.
973 353 1149 399 Persae
1189 359 1355 399 autem
1397 360 1511 399 ante
1555 352 1736 415 Cyrum
1777 352 2015 416 ignobiles

272 433 481 493 fuerunt,
509 441 557 481 et
577 432 758 481 nullius
779 434 904 481 inter
928 441 1099 495 gentes
1125 431 1219 481 loci
1250 432 1573 482 habebantur.
1649 434 1789 483 Medi
1824 451 2017 497 semper

181 518 248 577 48
272 514 600 577 potentissimi
628 516 837 564 fuerunt.
911 515 1142 574 Chasdei,
1171 514 1255 577 qui
1285 532 1418 563 nunc
1445 515 1685 565 Chaldaei
1710 526 1961 576 vocantur,
1989 534 2018 565 a

176 606 248 653 49
275 598 474 646 Chased
500 596 600 645 filio
627 598 828 645 Nachor
853 596 1009 645 fratris
1035 596 1266 645 Abrahae
1291 596 1626 660 cognominati
1653 607 1779 646 sunt.
1842 599 2017 647 Sabaei
2043 615 2064 654 5

272 678 391 727 dicti
432 682 521 728 ἀπὸ
559 684 641 728 τοῦ
684 680 931 742 σέβεσθαι,
961 680 1098 741 quod
1141 688 1213 727 est
1253 679 1516 742 supplicari
1556 687 1603 728 et
1642 680 1873 739 venerari,
1902 680 2018 743 quia

269 761 577 810 divinitatem
603 779 689 825 per
714 762 933 825 ipsorum
960 771 1067 809 tura
1096 777 1401 810 veneramus.
1478 761 1575 824 Ipsi
1602 770 1716 810 sunt
1736 771 1784 811 et
1810 762 2012 821 Arabes,

270 843 385 906 quia
404 845 454 891 in
480 843 734 893 montibus
760 843 973 892 Arabiae
1000 852 1126 903 sunt,
1156 843 1240 906 qui
1264 853 1502 892 vocantur
1524 843 1743 892 Libanus
1770 853 1818 892 et
1844 843 2018 892 Antili-

177 941 245 989 5ο
269 926 443 984 banus,
469 926 555 975 ubi
592 936 698 974 tura
736 926 1043 989 colliguntur.
1116 927 1219 987 Syri
1246 943 1275 973 a
1300 925 1459 974 Surim
1486 925 1645 974 vocati
1681 925 2015 989 perhibentur,

268 1009 353 1070 qui
395 1008 485 1056 fuit
524 1025 680 1072 nepos
720 1008 974 1056 Abraham
1017 1024 1075 1056 ex
1118 1009 1348 1057 Cethura.
1439 1009 1578 1069 Quos
1620 1017 1786 1057 autem
1829 1017 2016 1057 veteres
2047 1032 2093 1059 10

268 1090 511 1153 Assyrios,
540 1107 673 1138 nunc
698 1107 790 1138 nos
815 1106 1050 1138 vocamus
1086 1091 1246 1152 Syros,
1271 1106 1300 1137 a
1329 1098 1466 1152 parte
1500 1098 1660 1138 toturn
1694 1091 2012 1153 appellantes.

103 1180 244 1231 51,52
269 1172 490 1221 Hebraei
507 1172 665 1221 vocati
689 1181 801 1220 sunt
817 1172 880 1220 ab
901 1173 1087 1229 Heber,
1109 1171 1190 1234 qui
1210 1188 1456 1234 pronepos
1478 1171 1566 1219 fuit
1584 1173 1713 1220 Sem.
1767 1171 2015 1220 Israelitae

267 1271 382 1303 vero
429 1255 493 1303 ab
543 1256 691 1303 Israel
741 1254 841 1302 filio
893 1256 1046 1302 Isaac.
1123 1256 1252 1302 Nam
1302 1253 1626 1316 patriarcham
1667 1254 2012 1302 Hebraeorum

268 1338 417 1385 fuisse
445 1338 611 1394 Israel,
637 1353 665 1384 a
703 1353 802 1399 quo
836 1337 1103 1384 duodecim
1138 1337 1438 1384 Iudaeorum
1473 1335 1627 1384 tribus
1659 1335 1852 1384 Israelis
1878 1352 2015 1384 voca-

268 1419 441 1467 bulum
476 1418 673 1467 sortitae
709 1428 835 1467 sunt.
911 1418 1110 1466 Iudaeis
1143 1427 1310 1467 autem
1345 1418 1552 1467 scissura
1586 1419 1759 1467 decem
1797 1417 2012 1466 tribuum
2041 1442 2085 1481 15

268 1517 452 1549 nomen
480 1501 711 1564 inposuit.
786 1502 916 1547 Nam
943 1509 1090 1549 antea
1117 1500 1337 1549 Hebraei
1364 1499 1464 1549 sive
1491 1501 1741 1549 Israelitae
1766 1516 2015 1562 nuncupa-

180 1591 243 1639 53
267 1584 459 1632 bantur.
536 1585 609 1630 Ex
637 1599 736 1645 quo
763 1591 927 1631 autem
955 1584 1005 1630 in
1032 1583 1133 1630 duo
1160 1598 1307 1645 regna
1343 1584 1437 1631 Dei
1472 1583 1685 1645 populus
1717 1590 1788 1631 est
1813 1581 2013 1639 divisus,

267 1675 384 1713 tunc
415 1666 543 1714 duae
577 1664 746 1722 tribus,
775 1681 902 1727 quae
928 1665 991 1713 de
1018 1664 1166 1728 stirpe
1195 1666 1320 1713 Iuda
1346 1681 1481 1727 reges
1511 1664 1778 1721 habebant,
1809 1665 2016 1712 Iudaeo-

267 1764 374 1796 rum
402 1764 584 1796 nomen
617 1746 816 1796 sortitae
851 1755 977 1795 sunt.
1054 1746 1267 1808 Reliqua
1292 1763 1402 1809 pars
1428 1748 1602 1795 decem
1629 1746 1861 1803 tribuum,
1888 1761 2015 1808 quae

268 1829 317 1878 in
357 1831 575 1878 Samaria
623 1845 785 1892 regem
835 1828 926 1876 sibi
977 1827 1245 1884 constituit,
1294 1828 1360 1876 ob
1409 1830 1577 1890 populi
1621 1827 2013 1890 magnitudinem
2041 1846 2090 1876 20
2162 1862 2164 1865 -

180 1925 243 1974 54
268 1911 527 1975 pristinum
555 1926 739 1959 nornen
755 1909 954 1959 retinuit
980 1912 1145 1958 Israel.
1219 1908 1635 1958 Samaritanorum
1661 1925 1780 1973 gens
1806 1909 2014 1972 sumpsit

269 1993 522 2042 exordium
549 1993 613 2041 ab
633 1991 858 2056 Assyriis,
877 1991 960 2055 qui
980 1990 1309 2055 transmigrati
1335 1991 1680 2040 habitaverunt
1706 1990 1756 2039 in
1781 1993 2011 2051 Samaria,

265 2075 350 2138 qui
373 2075 547 2123 Latine
567 2074 950 2138 interpretantur
966 2075 1215 2130 custodes,
1238 2090 1298 2122 eo
1318 2075 1455 2136 quod
1482 2072 1729 2136 captivato
1759 2074 1910 2121 Israel
1936 2072 2012 2120 isti

182 2176 245 2226 55
268 2159 318 2206 in
334 2167 510 2206 terram
528 2156 740 2220 regionis
761 2173 931 2205 eorum
948 2157 1013 2205 ad
1032 2155 1311 2204 custodiam
1333 2154 1579 2204 conlocati
1597 2164 1724 2204 sunt.
1776 2154 2013 2212 Phoenix,

268 2240 448 2290 Cadmi
475 2242 630 2298 frater,
651 2240 714 2288 de
740 2238 927 2288 Thebis
945 2239 1298 2302 Aegyptiorum
1319 2236 1369 2285 in
1387 2236 1574 2300 Syriam
1601 2237 1861 2299 profectus,
1880 2238 2012 2298 apud
2039 2256 2086 2296 25

268 2322 505 2372 Sidonem
542 2320 775 2384 regnavit,
804 2337 988 2383 eosque
1022 2321 1232 2383 populos
1270 2336 1328 2368 ex
1360 2335 1450 2368 suo
1482 2318 1685 2367 nomine
1722 2317 2011 2378 Phoenices,

177 2405 244 2464 56
268 2421 477 2466 eamque
503 2402 807 2466 provinciam
833 2401 1152 2451 Phoeniciam
1180 2400 1494 2464 nuncupavit.
1567 2400 1776 2450 Sidones
1800 2409 1966 2448 autem
1986 2417 2014 2448 a

330 2549 346 2573 1
379 2534 533 2585 victor]
555 2534 702 2572 doctor
727 2534 763 2572 T
849 2546 873 2570 2
896 2532 1089 2571 subiecto
1110 2531 1150 2570 Β
1241 2543 1267 2580 3
1287 2530 1523 2569 habeantur
1548 2529 1585 2568 T
1672 2543 1696 2579 4
1727 2542 1818 2568 voc.
1841 2529 2014 2568 fuerunt

270 2604 294 2628 a
316 2589 360 2626 K
469 2601 492 2638 5
514 2594 614 2627 sunt
635 2602 717 2628 om.
742 2587 787 2625 K
892 2589 918 2625 6
947 2586 1186 2637 supplicare
1207 2585 1298 2625 dett.
1424 2597 1446 2635 7
1476 2584 1683 2636 ipsorum]
1706 2597 1824 2623 suam
1847 2582 1893 2620 K
1910 2584 2011 2634 (non

269 2644 310 2682 A
333 2644 457 2682 Bern.
478 2643 595 2694 extr.)
765 2644 790 2681 8
825 2642 941 2693 quia]
963 2641 1033 2691 qui
1061 2641 1098 2679 T
1255 2645 1420 2678 montes
1439 2638 1518 2677 BC
1522 2639 1559 2678 T
1743 2644 1917 2677 vocatur
1933 2637 2019 2675 BT

269 2713 296 2750 9
326 2698 536 2748 colligitur
563 2698 600 2736 T
746 2710 794 2736 12
823 2710 914 2736 voc.
937 2702 1033 2735 sunt
1054 2709 1135 2735 om.
1162 2695 1207 2733 K
1226 2695 1325 2741 (non
1346 2693 1387 2732 A
1409 2694 1531 2733 Bern.
1558 2693 1677 2744 extr.)
1831 2705 1878 2742 13
1908 2704 2011 2730 vero

270 2767 350 2793 om.
375 2752 420 2790 K
439 2755 539 2802 (non
562 2752 623 2803 A)
756 2752 842 2790 filio
863 2781 872 2791 .
898 2781 908 2790 .
931 2781 942 2792 .
968 2750 1099 2789 Israel
1121 2763 1202 2789 om.
1227 2749 1387 2800 K(non
1407 2748 1449 2785 A
1474 2748 1597 2788 Bern.
1622 2747 1740 2796 extr.)
1855 2757 1904 2795 15
1939 2746 2010 2783 tri·

270 2809 348 2847 bus
369 2807 479 2846 codd.
652 2808 699 2844 16
733 2821 801 2849 no.
821 2807 908 2856 inp.
930 2806 970 2844 Β
988 2806 1112 2844 Bern.
1133 2808 1230 2844 extr.
1257 2818 1264 2843 :
1295 2806 1382 2855 inp.
1407 2816 1476 2843 no,
1501 2802 1572 2842 K:
1600 2803 1769 2841 nomina
1791 2802 1876 2851 inp.
1901 2799 2009 2839 AC:

269 2863 473 2902 nominati
495 2863 580 2912 inp.
611 2861 649 2900 T
811 2861 937 2900 israel
961 2860 1104 2911 (srael)
1123 2858 1209 2898 BT
1347 2863 1648 2907 nuncupantur
1668 2856 1715 2894 K
1849 2868 1895 2905 17
1931 2853 2010 2893 Dei

268 2932 353 2958 om.
375 2917 422 2954 K
562 2928 657 2967 pop.
681 2916 762 2956 div.
793 2917 831 2955 T
939 2917 987 2953 18
1018 2913 1092 2965 de]
1114 2927 1168 2952 ex
1190 2912 1236 2950 K
1345 2926 1394 2963 19
1427 2912 1564 2951 sortiti
1586 2909 1673 2949 ΒΚ
1677 2910 1714 2948 T
1816 2909 1948 2948 tribus
1970 2908 2015 2946 K

268 2986 375 3021 quae
397 2972 511 3011 Sam.
535 2971 591 3009 Β1
755 2984 808 3021 23
838 2971 965 3010 latine
985 2983 1067 3010 om.
1090 2967 1135 3005 K
1151 2970 1254 3021 (non
1275 2967 1317 3005 A
1339 2968 1463 3007 Bern.
1485 2966 1605 3018 extr.)
1773 2964 1842 3003 isti
1862 2977 1944 3003 om.
1969 2963 2015 3001 K

270 3027 425 3118 (notul-{1
447 3025 573 3066 Bern.
596 3026 714 3078 extr.)
789 3039 839 3075 24
869 3025 1055 3074 regionis
1075 3036 1157 3062 om.
1183 3021 1228 3060 K
1241 3023 1340 3074 (non
1361 3022 1404 3061 A
1427 3020 1552 3062 Bern.
1575 3019 1692 3073 extr.)
1787 3032 1838 3068 27
1869 3023 2010 3058 autem

266 3094 349 3120 om.
402 3090 406 3093 ’
