2176 3424
341 138 964 189 ETYMOLOGIARVM
1004 138 1132 184 LIB.
1172 138 1321 184 XIII.
1361 153 1432 194 xx,
1474 135 1549 183 xxi

71 270 227 318 amnis
248 279 462 318 vocatus.
538 273 787 318 Decursus
806 267 1001 332 proprie
1022 265 1131 314 finis
1152 282 1334 326 cursus,
1358 266 1459 314 sive
1482 281 1722 329 aquarum
1750 264 1810 314 sit
1834 280 1866 327 4

73 367 158 400 seu
199 351 528 414 quarumlibet
566 367 740 399 rerum.
817 348 928 397 Rivi
966 348 1083 397 dicti
1120 349 1255 411 quod
1293 347 1573 396 deriventur
1607 349 1672 396 ad
1703 347 1811 395 inri-

71 435 303 496 gandum,
332 432 381 481 id
409 433 568 481 estad
606 431 945 480 inducendum
983 447 1135 493 aquas
1169 430 1219 477 in
1251 429 1410 493 agris3
1452 445 1567 477 nam
1603 429 1809 492 inrigare

73 515 305 564 inducere
337 523 426 563 est.
498 516 686 577 Gurges
723 514 918 576 proprie
943 514 1081 561 locus
1107 514 1233 560 altus
1259 511 1308 559 in
1334 511 1552 561 flumine.
1627 514 1811 559 Puteus
1838 523 1870 573 5

26 628 47 667 5
72 607 145 646 est
178 599 314 644 locus
354 597 578 644 defossus
615 613 672 644 ex
709 611 808 658 quo
846 594 1064 642 hauritur
1104 611 1247 657 aqua,
1285 610 1314 642 a
1349 594 1604 657 potatione
1634 593 1809 642 dictus

73 681 204 726 Fons
230 687 376 741 caput
402 687 473 727 est
498 695 656 741 aquae
674 676 937 737 nascentis,
963 677 1102 739 quasi
1127 692 1280 738 aquas
1300 677 1527 724 fundens.
1592 675 1811 734 Quidam
1838 680 1872 727 6

71 768 235 808 autern
256 758 514 807 fluviorum
529 758 735 821 propriis
752 775 809 807 ex
830 757 988 806 causis
1008 757 1213 805 nomina
1227 767 1539 820 acceperunt,
1559 774 1617 806 ex
1633 756 1813 820 quibus

71 840 296 889 nonnulli
338 840 543 889 notandi
585 849 698 888 sunt
734 839 818 902 qui
858 841 907 887 in
947 838 1159 888 historiis
1201 838 1419 888 celebres
1462 847 1809 887 memorantur.

73 924 216 972 Geon
246 921 419 970 fluvius
453 923 516 970 de
551 921 783 970 Paradiso
817 921 982 970 exiens
1016 930 1164 983 atque
1190 922 1468 969 universam
1493 920 1813 983 Aethiopiam
1840 938 1867 987 7

0 1047 1 1060 2
24 1037 50 1064 0
72 1004 286 1067 cingens,
314 1013 515 1052 vocatus
541 1006 636 1052 hoc
662 1003 863 1052 nomine
890 1005 1025 1066 quod
1052 1003 1359 1052 incremento
1385 1019 1502 1051 suae
1528 1002 1814 1051 exundatio—

73 1086 146 1134 nis
162 1096 337 1135 terram
358 1085 567 1149 Aegypti
583 1085 757 1148 inriget
775 1104 787 1147 ;
819 1089 880 1152 γῆ
901 1087 1033 1134 enim
1055 1085 1259 1146 Graece,
1283 1086 1458 1133 Latine
1477 1094 1654 1133 terram
1672 1084 1814 1147 signi-

73 1169 198 1216 ficat.
266 1167 366 1215 Hic
389 1168 522 1230 apud
550 1166 816 1230 Aegyptios
843 1167 986 1215 Nilus
1012 1175 1214 1215 vocatur
1238 1175 1436 1231 propter
1460 1165 1634 1214 limum
1660 1182 1809 1228 quem

72 1249 231 1309 trahit,
249 1249 333 1312 qui
358 1249 504 1298 efficit
528 1251 881 1298 fecunditatem
903 1268 915 1309 3
952 1250 1085 1298 unde
1111 1259 1159 1298 et
1185 1249 1328 1298 Nilus
1363 1249 1523 1297 dictus
1554 1258 1641 1308 est,
1671 1249 1810 1311 quasi

73 1334 177 1381 νέαν
197 1334 298 1381 ἰλύν
317 1351 325 1380 :
362 1349 476 1379 nam
496 1340 642 1380 antea
663 1333 804 1380 Nilus
825 1331 999 1380 Latine
1019 1333 1156 1380 Melo
1173 1331 1443 1380 dicebatur.
1496 1334 1717 1395 Apparet
1737 1347 1817 1378 au-

0 1448 2 1469 .
30 1444 50 1483 5
74 1423 173 1462 tem
190 1413 239 1461 in
258 1415 304 1461 N
310 1413 425 1461 ilide
441 1415 565 1471 lacu,
584 1414 646 1461 de
663 1430 763 1475 quo
783 1413 833 1460 in
855 1412 1110 1462 meridiem
1130 1430 1295 1461 versus
1317 1412 1555 1475 excipitur
1575 1415 1817 1475 Aegypto,

76 1496 160 1543 ubi
199 1494 460 1557 Aquilonis
503 1494 698 1542 flatibus
739 1511 1050 1557 repercussus
1093 1496 1234 1556 aquis
1275 1494 1708 1542 retroluctantibus
1752 1493 1821 1540 in-

75 1576 317 1637 tumescit,
345 1586 392 1624 et
416 1575 793 1625 inundationem
821 1576 1030 1639 Aegypti
1053 1578 1180 1624 facit.
1233 1576 1430 1638 Ganges
1457 1575 1647 1634 fluvius,
1668 1592 1816 1638 quem
1845 1584 1874 1631 8

78 1658 260 1706 Phison
287 1668 454 1707 sancta
481 1658 728 1720 Scriptura
752 1658 1085 1722 cognominat,
1108 1658 1273 1706 exiens
1311 1659 1373 1707 de
1401 1659 1636 1706 Paradiso
1662 1658 1819 1721 pergit

77 1738 140 1784 ad
168 1736 339 1786 Indiae
366 1736 603 1799 regiones.
678 1736 853 1784 Dictus
879 1746 1045 1785 autem
1074 1738 1272 1795 Phison,
1297 1736 1347 1785 id
1374 1746 1446 1785 est
1473 1746 1678 1796 caterva,
1703 1736 1818 1799 quia

0 1845 55 1874 ‚20
79 1819 252 1867 decem
295 1818 579 1866 fluminibus
623 1818 811 1881 magnis
849 1818 941 1866 sibi
981 1818 1225 1867 adiunctis
1266 1817 1478 1881 inpletur
1517 1827 1565 1866 et
1613 1817 1818 1866 efficitur

79 1916 234 1947 unus:
271 1900 467 1963 Ganges
493 1908 657 1947 autem
686 1908 889 1948 vocatus
923 1917 952 1947 a
988 1916 1100 1962 rege
1125 1901 1356 1962 Gangaro
1384 1899 1572 1948 Indiae.
1650 1902 1821 1948 Fertur

74 1989 238 2029 autem
275 1980 375 2028 Nili
408 1981 560 2028 modo
598 1980 808 2039 exaltari,
838 1990 886 2029 et
924 1997 1068 2043 super
1102 1980 1318 2029 Orientis
1360 1990 1510 2029 terras
1544 1997 1813 2044 erumpere.

75 2063 233 2125 Tigris
272 2062 444 2110 fluvius
484 2061 878 2124 Mesopotamiae
915 2063 978 2110 de
1010 2061 1243 2110 Paradiso
1274 2062 1495 2111 exoriens
1531 2072 1579 2112 et
1608 2079 1815 2126 pergens
1843 2083 1877 2129 9

76 2153 244 2192 contra
278 2143 515 2206 Assyrios,
557 2154 605 2192 et
642 2153 752 2206 post
790 2145 970 2192 multos
1013 2143 1243 2192 circuitus
1287 2144 1336 2192 in
1382 2162 1513 2194 mare
1555 2147 1811 2193 Mortuum

18 2263 23 2286 2
77 2226 300 2273 influens.
374 2228 592 2274 Vocatus
639 2234 803 2274 autem
855 2227 950 2273 hoc
992 2225 1195 2274 nomine
1239 2236 1437 2290 propter
1483 2226 1810 2285 velocitatem,

76 2306 225 2355 instar
264 2307 450 2356 bestiae
487 2306 618 2369 tigris
661 2307 811 2355 nimia
859 2307 1147 2370 pernicitate
1189 2309 1439 2358 currentis.
1538 2311 1815 2371 Euphrates
1842 2329 1902 2364 10

76 2388 250 2436 fluvius
301 2389 692 2452 Mesopotamiae
748 2391 812 2438 de
860 2389 1094 2438 Paradiso
1154 2389 1391 2449 exoriens,
1445 2390 1815 2454 copiosissimus

75 2469 295 2534 gemmis,
325 2470 409 2533 qui
442 2487 528 2534 per
557 2470 771 2519 mediam
799 2470 1124 2534 Babyloniam
1152 2471 1323 2520 influit.
1399 2472 1499 2520 Hic
1529 2490 1557 2520 a
1581 2472 1814 2535 frugibus,

75 2554 150 2601 vel
187 2551 250 2601 ab
282 2553 504 2601 ubertate
542 2570 724 2602 nomen
750 2554 955 2617 accepit,
984 2571 1097 2602 nam
1127 2556 1378 2605 Hebraice
1407 2558 1625 2620 Ephrata
1650 2557 1813 2605 fertili-

133 2694 150 2719 1
178 2689 352 2721 vocatur
378 2683 414 2721 T
522 2684 760 2722 Decurrens
777 2683 826 2722 Cl
982 2698 1007 2735 3
1038 2698 1132 2724 nam
1154 2686 1290 2736 rigare
1311 2687 1357 2725 K
1509 2701 1534 2736 4
1565 2688 1680 2726 lacus
1700 2686 1780 2726 BC
1786 2685 1822 2725 T

76 2749 100 2787 5
129 2736 244 2776 lacus
263 2736 359 2774 B¹C
465 2737 652 2776 auriatur
673 2738 708 2777 C
831 2741 857 2777 6
886 2744 951 2777 est
970 2752 1061 2791 cap.
1085 2740 1131 2778 K
1264 2742 1289 2779 8
1320 2741 1464 2793 mem]
1488 2742 1818 2781 nominanturK

75 2805 102 2841 9
128 2805 166 2831 a.
187 2804 355 2830 versam
368 2797 522 2830 terram
543 2791 672 2831 Aeth.
695 2792 740 2831 K
922 2807 970 2832 10
999 2795 1284 2834 inundationis
1305 2795 1351 2834 K
1528 2809 1577 2846 13
1608 2797 1750 2835 effecit
1770 2795 1816 2835 K

80 2858 126 2896 15
157 2845 317 2898 Nilide]
342 2846 427 2885 nilo
450 2845 499 2884 Cl
665 2860 758 2887 exc.
774 2848 815 2886 in
837 2847 944 2898 Aeg.
970 2848 1004 2888 C
1213 2851 1262 2888 16
1291 2864 1569 2901 repercussus
1589 2863 1813 2900 repressus

79 2899 230 2952 (delet.)
250 2899 286 2939 C
448 2902 495 2939 18
524 2902 848 2951 cognominatur
869 2901 919 2942 Cl
938 2917 946 2942 :
976 2911 1276 2944 commemorat
1295 2905 1342 2944 K
1503 2918 1552 2944 21
1583 2911 1759 2944 vocatur
1781 2906 1817 2946 C

78 2966 130 2992 22
161 2954 265 3006 Nili]
282 2955 550 3006 nilusquelini
574 2955 723 3008 (delet.)
743 2957 815 2996 nili
839 2957 884 2994 K
1038 2959 1183 3010 modo]
1207 2971 1275 2998 mo
1297 2959 1348 2998 C1
1497 2959 1686 3005 exaltare
1706 2959 1812 2999 BT:

78 3009 248 3048 exalare
287 3009 334 3048 K
465 3016 620 3049 terram
668 3010 706 3048 T
891 3014 943 3050 26
973 3013 1070 3061 tigri
1110 3011 1159 3051 C¹
1180 3027 1189 3052 :
1229 3027 1311 3055 om.
1352 3015 1408 3053 Βι
1545 3016 1731 3054 currenti
1781 3015 1818 3055 T

79 3075 128 3112 27
159 3063 300 3103 oriens
316 3064 352 3103 C
457 3065 508 3102 28
537 3065 604 3103 hic
625 3065 730 3116 frug.
761 3065 813 3103 T1
920 3080 973 3116 29
1002 3067 1154 3118 accipit
1175 3067 1210 3106 C
1316 3069 1523 3119 euphrata
1543 3068 1634 3121 (—f-)
1658 3069 1772 3111 codd.
