2176 3424
1088 111 1359 159 ISIDORI

266 251 330 299 24
354 230 539 282 dicunt.
613 234 866 296 Quintana
890 254 1000 300 pars
1025 241 1215 301 plateae
1241 241 1412 303 quinta
1437 253 1523 304 est,
1553 262 1649 308 qua
1675 259 1962 311 carpentum
1988 269 2092 315 pro—

266 330 329 378 25
350 313 486 374 gredi
505 324 682 378 potest.
743 319 958 368 Cloacae
977 319 1139 369 dictae
1164 324 1299 385 quod
1320 324 1395 372 his
1411 328 1722 387 percolantur
1740 347 1912 394 aquae.
1982 336 2091 383 Has

350 394 560 458 primum
618 401 810 449 Romae
860 400 1034 451 fecisse
1083 403 1407 467 Tarquinium
1470 407 1690 458 Priscum
1741 421 1808 473 ut,
1861 415 2089 477 quotiens

347 477 620 539 pluviarum
661 480 919 532 inundatio
957 483 1195 544 existeret,
1235 503 1321 549 per
1360 504 1440 536 eas
1478 505 1636 553 aquae
1673 502 1805 543 extra
1842 494 2087 547 civitatem

346 559 696 623 emitterentur,
724 581 787 614 ne
814 565 1036 615 maximis
1062 567 1409 633 perpetuisque
1435 575 1809 636 tempestatibus
1835 577 2087 640 planitiem
2115 599 2135 637 5

253 643 323 690 26
345 643 421 691 vel
445 644 770 695 fundamenta
795 647 989 696 urbium
1018 658 1199 713 strages
1233 667 1470 714 aquarum
1498 655 1812 706 subverteret.
1888 658 2083 718 Imboli,

344 727 417 773 vel
444 726 560 789 quia
592 728 940 778 subvolumina
969 740 1095 791 sunt,
1126 734 1199 781 vel
1236 732 1351 796 quia
1384 736 1476 784 sub
1510 736 1585 785 his
1618 738 1890 788 ambulant.
1964 742 2087 790 Sunt

252 817 314 866 27
341 806 473 856 enim
511 809 685 872 portici
725 813 841 861 hinc
880 813 997 862 inde
1035 815 1320 876 platearum.
1391 819 1545 867 Forus
1590 830 1663 868 est
1702 823 2084 871 exercendarum

340 888 499 938 litium
526 893 663 941 locus
688 910 718 941 a
743 894 894 943 fando
931 894 1092 944 dictus
1121 893 1246 962 [sive
1270 915 1298 945 a
1333 900 1597 949 Phoroneo
1627 918 1754 965 rege,
1782 904 1866 965 qui
1899 903 2083 967 primus

338 971 540 1021 Graecis
576 975 733 1038 legem
772 973 949 1042 dedit].
1024 979 1168 1026 Haec
1202 980 1310 1028 loca
1340 990 1387 1029 et
1423 992 1667 1045 prorostra
1700 995 1938 1034 vocantur
1969 986 2083 1038 ideo
2112 1006 2159 1034 10

336 1055 474 1116 quod
506 1072 564 1103 ex
601 1055 734 1105 bello
765 1057 954 1106 Punico
988 1059 1143 1122 captis
1174 1060 1381 1112 navibus
1417 1064 1895 1128 Carthaginiensium
1930 1077 2084 1116 rostra

334 1135 498 1186 ablata
524 1147 655 1199 sunt,
680 1148 727 1187 et
760 1138 811 1187 in
836 1141 942 1188 foro
973 1143 1207 1191 Romano
1236 1146 1450 1207 praefixa
1478 1155 1531 1195 ut
1561 1157 1688 1197 esset
1716 1148 1860 1198 huius
1891 1149 2082 1213 insigne

246 1223 312 1269 28
335 1216 580 1268 victoriae.
655 1220 804 1271 Curia
843 1221 1021 1272 dicitur
1068 1241 1128 1273 eo
1176 1227 1311 1288 quod
1351 1226 1419 1275 ibi
1462 1244 1576 1278 cura
1618 1246 1704 1292 per
1751 1239 1975 1280 senatum
2018 1232 2081 1281 de

240 1313 310 1360 29
335 1300 526 1350 cunctis
556 1301 938 1352 administretur.
1012 1306 1330 1368 Praetorium,
1368 1310 1504 1371 quod
1541 1309 1609 1359 ibi
1642 1321 1834 1374 praetor
1870 1312 2080 1363 resideat

239 1403 306 1450 30
330 1383 394 1431 ad
414 1382 796 1434 discutiendum.
870 1387 1195 1449 Gymnasium
1215 1390 1452 1452 generalis
1478 1401 1550 1441 est
1570 1393 1909 1462 exercitiorum
1926 1397 2076 1445 locus.
2106 1415 2152 1455 15

329 1466 523 1514 Tamen
547 1468 680 1530 apud
706 1469 930 1517 Athenas
963 1471 1101 1518 locus
1137 1480 1237 1519 erat
1263 1472 1347 1520 ubi
1378 1473 1659 1523 discebatur
1689 1475 2002 1540 philosophia
2032 1488 2080 1527 et

328 1547 597 1609 sapientiae
623 1550 939 1598 exercebatur
959 1551 1177 1600 studium
1189 1571 1201 1613 3
1238 1570 1353 1602 nam
1373 1558 1632 1621 γυμνάσιον
1657 1557 1844 1607 Graece
1861 1568 2078 1620 vocatur,

327 1631 463 1690 quod
507 1630 682 1679 Latine
725 1631 1009 1680 exercitium
1059 1632 1254 1695 dicitur,
1294 1636 1389 1684 hoc
1432 1646 1504 1686 est
1548 1638 1817 1688 meditatio.
1891 1642 1989 1690 Sed
2029 1650 2077 1690 et

327 1709 504 1759 balnea
530 1721 577 1760 et
603 1714 711 1761 loca
737 1729 991 1762 cursorum
1018 1724 1066 1763 et
1091 1717 1387 1766 athletarum
1417 1719 1671 1782 gymnasia
1697 1731 1828 1782 sunt,
1852 1738 1912 1771 eo
1938 1725 2074 1786 quod

245 1811 300 1857 31
324 1791 422 1842 illic
465 1794 692 1844 homines
735 1795 785 1843 in
834 1812 950 1846 suae
990 1798 1104 1845 artis
1150 1798 1314 1848 studio
1357 1800 1694 1850 exercitentur,
1769 1803 2070 1867 Capitolium
2097 1824 2148 1852 20

324 1877 518 1925 Romae
554 1886 785 1926 vocatum
823 1895 883 1927 eo
920 1880 1057 1941 quod
1091 1879 1234 1929 fuerit
1272 1882 1533 1931 Romanae
1569 1883 1702 1932 urbis
1739 1893 1788 1932 et
1824 1885 2071 1948 religionis

322 1968 469 2020 caput
499 1975 764 2007 summurn.
839 1959 937 2007 Alii
967 1959 1123 2021 aiunt,
1147 1978 1259 2009 cum
1287 1963 1587 2026 Tarquinius
1619 1964 1812 2015 Priscus
1839 1967 2070 2030 Capitolii

321 2041 645 2090 fundamenta
672 2043 866 2090 Romae
891 2042 1111 2104 aperiret,
1132 2042 1182 2091 in
1208 2045 1320 2092 loco
1346 2046 1656 2095 fundamenti
1681 2058 1830 2111 caput
1855 2049 2070 2100 hominis

319 2121 488 2171 litteris
509 2123 685 2172 Tuscis
703 2132 929 2172 notatum
950 2124 1154 2185 invenit,
1174 2135 1221 2174 et
1241 2125 1448 2189 proinde
1468 2127 1770 2190 Capitolium
1789 2132 2065 2193 appellavit.

229 2219 294 2266 32
318 2205 470 2252 Arces
508 2215 621 2253 sunt
651 2214 813 2268 partes
845 2205 978 2254 urbis
1009 2208 1229 2255 excelsae
1261 2217 1411 2270 atque
1446 2209 1677 2258 munitae.
1756 2213 1885 2260 Nam
1922 2230 2068 2276 quae·
2093 2233 2138 2271 25

314 2301 528 2348 cumque
566 2286 809 2335 tutissima
846 2286 1041 2335 urbium
1080 2298 1211 2349 sunt,
1239 2288 1302 2337 ab
1340 2291 1556 2339 arcendo
1592 2293 1783 2341 hostem
1817 2311 1953 2343 arces
1986 2313 2066 2345 vo-

225 2383 289 2430 33
314 2377 501 2416 cantur.
561 2370 709 2416 Vnde
735 2378 783 2417 et
802 2385 943 2417 arcus
964 2379 1012 2418 et
1037 2386 1161 2418 arca.
1225 2370 1425 2420 Circum
1449 2373 1661 2421 Romani
1679 2376 1868 2424 dictum
1888 2386 2063 2440 putant

371 2510 388 2535 1
422 2499 572 2538 dicitur
592 2497 639 2536 K
776 2499 1019 2549 Quintanae
1041 2499 1155 2551 (me)
1177 2500 1287 2540 codd.
1433 2514 1532 2551 pars
1549 2516 1631 2543 om.
1654 2504 1710 2542 131
1828 2509 1997 2556 regredi
2017 2507 2064 2546 K

313 2566 337 2591 2
365 2553 497 2602 quod]
522 2554 620 2603 quia
637 2555 677 2592 Β
813 2555 910 2606 has]
931 2567 1029 2593 nam
1050 2553 1096 2591 K
1294 2569 1318 2604 4
1349 2556 1442 2607 eas]
1463 2557 1539 2596 has
1562 2557 1597 2596 C
1786 2573 1810 2609 5
1841 2563 2059 2611 perpetuis

312 2613 441 2658 temp.
464 2607 511 2645 K
672 2611 698 2647 6
727 2609 1027 2648 subverterent
1047 2608 1094 2646 K
1220 2609 1355 2648 Inboli
1385 2609 1446 2650 T:
1477 2611 1625 2650 Imbuli
1646 2612 1770 2651 BCK
1927 2629 1948 2666 7
1980 2619 2058 2657 sub

311 2663 524 2701 volumine
545 2662 635 2702 dett.
765 2664 980 2703 ambolant
1000 2663 1047 2701 K
1203 2665 1229 2703 8
1257 2666 1446 2714 porticus
1466 2664 1512 2702 K
1665 2682 1691 2716 9
1720 2669 1812 2708 sive
1834 2699 1844 2709 .
1868 2700 1879 2710 .
1905 2701 1915 2710 .
1940 2673 2058 2712 dedit

309 2717 401 2756 hab.
431 2716 580 2757 TUX:
608 2732 689 2757 om.
715 2718 1045 2757 BCDFKNOP
1220 2731 1269 2758 10
1298 2721 1402 2759 haec
1423 2720 1515 2759 loca
1536 2735 1617 2761 om.
1643 2721 1813 2762 KNOP
1828 2724 1933 2774 (non
1953 2726 2054 2776 DF)

310 2778 527 2822 prorustra
564 2771 715 2811 KNP:
761 2779 928 2822 prostra
964 2773 1095 2811 BDF
1122 2773 1226 2824 (non
1264 2774 1403 2825 Mon.)
1574 2789 1620 2816 11
1663 2779 1774 2827 quod
1815 2778 1919 2819 CT:
1958 2781 2054 2830 quia

309 2826 394 2866 ΒΚ
531 2841 584 2867 ex
605 2826 735 2865 BDF
738 2826 776 2864 T
790 2843 799 2867 ε
829 2829 872 2866 in
893 2828 940 2867 K
958 2843 967 2867 :
995 2841 1078 2868 om.
1104 2828 1139 2868 C
1280 2830 1660 2877 cartaginiensibus
1681 2832 1717 2872 C
1855 2839 1992 2873 rustra
2012 2834 2059 2874 K

312 2893 358 2930 13
390 2895 466 2932 per
484 2895 573 2922 sen.
597 2895 646 2921 ex
661 2888 951 2933 presentatum
969 2883 1010 2921 B
1175 2896 1223 2932 14
1254 2883 1322 2923 Pr.
1343 2897 1394 2923 eo
1414 2885 1526 2934 quod
1549 2884 1586 2924 C
1689 2886 1773 2926 illic
1796 2888 1831 2927 C
1933 2901 2055 2938 prae-

305 2943 456 2986 ceptor
476 2937 527 2976 Cl
637 2938 784 2976 redeat
802 2936 847 2974 K
866 2939 882 2989 <
889 2945 968 2988 pro
989 2938 1136 2977 sedeat
1150 2938 1182 2986 2)
1319 2949 1367 2987 15
1397 2945 1463 2978 est
1483 2953 1563 2980 om.
1587 2938 1634 2977 K
1761 2954 1808 2991 17
1839 2943 2051 2993 sapientia

304 2989 351 3028 K
484 2997 679 3032 vocatum
701 2991 738 3031 C
864 3006 913 3042 19
943 2993 1108 3032 bannea
1135 2990 1173 3030 T
1299 3005 1354 3032 20
1395 2994 1576 3035 studium
1597 2994 1677 3034 BC
1681 2993 1719 3032 T
1840 3010 1888 3036 21
1922 2998 2046 3042 Rom.

305 3045 360 3084 fu.
387 3058 447 3086 ur.
473 3047 508 3085 C
606 3047 794 3096 regionis
812 3046 858 3084 K
1013 3061 1065 3097 23
1094 3047 1205 3086 hom.
1231 3061 1313 3087 om.
1340 3048 1388 3087 C1
1537 3062 1589 3099 24
1621 3049 1832 3091 invenerit
1859 3050 1898 3089 T
1973 3067 2046 3094 no-

304 3099 477 3140 minavit
500 3102 536 3141 C
643 3114 694 3151 27
725 3114 848 3141 arcus
869 3107 911 3141 et
931 3114 1012 3142 om.
1029 3102 1075 3140 K
