2176 3424
417 121 1047 172 ETYMOLOGIARVM
1087 127 1216 174 LIB.
1258 129 1425 175 XVII.
1464 128 1575 188 ix,x

255 249 336 296 DE
361 262 629 298 oLERIBvs.
700 252 888 299 Hortus
916 252 1198 302 nominatus
1219 258 1354 318 quod
1375 273 1569 322 semper
1588 258 1656 306 ibi
1675 258 1863 322 aliquid
1891 266 1930 304 X

117 327 310 378 oriatur.
398 331 529 378 Nam
572 347 685 379 cum
729 331 822 381 alia
865 341 989 382 terra
1031 337 1184 384 semel
1227 336 1276 384 in
1315 355 1449 387 anno
1490 341 1677 403 aliquid
1717 351 1862 401 creet,

118 410 285 459 hortus
320 428 591 476 numquam
626 413 732 463 sine
764 415 922 463 fructu
960 425 1046 464 est.
1121 418 1244 467 Olus
1277 420 1340 468 ab
1365 421 1546 469 alendo
1572 421 1776 483 dictum,
1804 439 1865 472 eo
1889 436 1919 470 2

116 493 252 554 quod
285 492 498 555 primum
532 496 759 544 homines
793 496 1008 546 oleribus
1046 499 1304 561 alerentur,
1332 511 1602 565 antequam
1629 504 1789 568 fruges
1815 514 1864 554 et

72 587 92 627 5
116 589 285 622 carnes
327 576 542 624 ederent.
634 580 851 625 Tantum
896 578 1028 627 enim
1072 580 1232 643 pomis
1280 583 1512 632 arborum
1555 594 1604 634 et
1647 586 1862 636 oleribus

114 654 383 717 alebantur,
413 656 538 706 sicut
573 658 803 707 animalia
828 660 1005 709 herbis.
1082 663 1250 712 Caulis
1276 673 1349 713 est
1373 667 1662 728 generaliter
1687 668 1862 718 herba·
1887 686 1917 732 3

114 754 222 785 rum
247 740 322 786 vel
349 740 536 787 olerum
565 740 755 789 medius
781 743 936 790 frutex
954 762 967 803 3
1003 743 1089 806 qui
1115 747 1261 808 vulgo
1287 748 1479 810 thyrsus
1505 749 1696 811 dicitur,
1725 754 1862 814 quod

114 834 142 866 a
167 828 290 867 terra
315 836 505 868 sursum
532 823 835 871 conscendat
852 841 865 883 3
902 841 959 872 ex
985 841 1086 888 quo
1111 826 1384 877 derivatum
1411 839 1485 879 est
1511 840 1563 880 ut
1589 831 1863 895 specialiter

115 902 368 963 quoddam
405 919 558 965 genus
596 904 785 952 olerum
822 907 973 954 caulis
1011 906 1267 968 diceretur,
1312 912 1428 973 quia
1471 914 1664 976 thyrsus
1708 913 1861 978 ipsius

42 996 90 1025 10
112 982 322 1045 amplius
359 984 531 1033 ceteris
567 986 781 1035 oleribus
819 988 1063 1049 coalescit,
1106 991 1155 1038 id
1191 1000 1264 1040 est
1301 993 1488 1043 crescit.
1564 997 1653 1044 Est
1693 1007 1860 1046 autem

112 1067 337 1127 generale
372 1082 556 1115 nomen
576 1085 588 1127 3
642 1067 803 1116 omnis
841 1068 973 1117 enim
1010 1072 1167 1120 frutex
1202 1074 1355 1122 caulis
1393 1073 1627 1144 [dicitur]
1702 1079 1861 1142 Cyma
1885 1096 1917 1142 4

111 1146 289 1195 dicitur
314 1147 454 1210 quasi
479 1164 652 1198 coma:
690 1158 764 1198 est
801 1151 933 1198 enim
972 1154 1229 1202 summitas
1267 1157 1457 1205 olerum
1495 1160 1573 1207 vel
1609 1159 1857 1221 arborum,

112 1227 161 1275 in
204 1244 302 1291 qua
342 1246 522 1293 vegens
564 1230 713 1279 virtus
751 1232 981 1282 naturalis
1018 1243 1104 1284 est.
1194 1238 1363 1286 Malva
1398 1256 1456 1287 ex
1492 1250 1629 1304 parte
1667 1243 1859 1293 Graeco
1882 1259 1913 1309 5

113 1311 355 1359 vocabulo
396 1314 668 1376 appellatur
710 1316 802 1363 ἀπὸ
844 1319 925 1365 τοῦ
971 1318 1256 1380 μαλάσσειν,
1308 1337 1368 1369 eo
1417 1324 1554 1384 quod
1604 1324 1860 1375 molliendi

41 1412 87 1453 15
110 1394 274 1441 alvum
317 1394 642 1458 solvendique
690 1405 914 1445 naturam
959 1398 1153 1448 habeat.
1260 1401 1414 1452 Cuius
1459 1420 1619 1465 sucus,
1667 1406 1706 1454 si
1750 1409 1859 1470 quis

111 1490 163 1523 se
197 1475 307 1524 oleo
342 1474 494 1525 mixto
527 1477 820 1540 perunxerit,
847 1479 910 1527 ab
941 1479 1117 1543 apibus
1143 1492 1348 1546 negatur
1373 1484 1513 1534 feriri.
1589 1487 1727 1537 Folia
1754 1488 1858 1538 eius

112 1572 169 1604 ex
193 1558 305 1605 oleo
339 1557 450 1606 trita
482 1566 529 1607 et
563 1558 776 1621 inposita
810 1561 1154 1624 scorpionibus
1189 1567 1455 1615 creduntur
1489 1570 1658 1619 afferre
1692 1578 1859 1634 torpo-

111 1654 226 1686 rem.
302 1641 558 1689 Pastinaca
597 1651 768 1690 vocata
801 1645 937 1706 quod
973 1644 1076 1693 eius
1111 1646 1246 1696 radix
1281 1648 1573 1713 praecipuus
1605 1660 1772 1715 pastus
1800 1653 1860 1703 sit
1884 1654 1918 1700 6

111 1719 356 1769 hominis:
393 1731 465 1770 est
499 1722 631 1771 enim
666 1725 875 1773 odoratu
910 1724 1142 1788 iucunda,
1172 1728 1286 1778 cibo
1319 1732 1639 1782 delectabilis.
1716 1737 1858 1800 Rapa
1883 1749 1912 1799 7

38 1823 87 1852 20
110 1801 242 1851 dicta
274 1819 303 1851 a
335 1803 586 1866 rapiendo,
624 1806 674 1854 id
708 1814 781 1854 est
817 1810 1289 1870 conprehendendo.
1366 1815 1454 1863 Est
1490 1823 1656 1864 autem
1695 1818 1858 1867 radice

109 1885 315 1947 amplior
347 1901 491 1949 napo,
528 1902 701 1949 sapore
737 1887 941 1948 dulcior,
970 1898 1018 1938 et
1052 1891 1167 1941 folia
1202 1893 1350 1942 tenui.
1427 1898 1661 1960 Napusa
1694 1899 1857 1948 simili·
1882 1900 1911 1945 8

110 1965 281 2015 tudine
316 1983 461 2030 rapae
496 1977 712 2027 vocatus,
752 1968 845 2017 nisi
887 1972 1023 2032 quod
1063 1973 1190 2023 foliis
1230 1975 1370 2024 latior
1409 1986 1456 2025 et
1494 1979 1671 2028 radicis
1710 1991 1856 2044 gustu

109 2047 359 2097 subacrior
383 2058 468 2098 est.
544 2049 774 2099 Nominis
799 2060 965 2100 autem
991 2054 1219 2105 adfinitas
1245 2057 1295 2105 in
1325 2058 1545 2123 utrisque
1579 2061 1695 2112 inde
1728 2080 1856 2126 pene

109 2130 401 2191 communis,
429 2132 545 2194 quia
569 2141 833 2196 utrumque
867 2149 1038 2183 semen
1068 2135 1117 2184 in
1149 2139 1357 2188 alterum
1383 2140 1597 2190 vicissim
1624 2153 1853 2194 mutatur.

36 2231 82 2271 ²5
110 2213 238 2260 Nam
255 2229 370 2276 rapa
395 2213 444 2261 in
460 2213 556 2263 alio
575 2215 696 2274 solo,
718 2224 771 2264 ut
788 2215 1091 2266 Aemilianus
1107 2218 1174 2267 ait
1194 2220 1263 2285 (8,
1285 2221 1347 2286 2),
1371 2240 1456 2286 per
1475 2224 1732 2274 biennium
1755 2245 1855 2276 mu-

108 2303 235 2342 tatur
261 2296 309 2342 in
330 2311 513 2358 napum
533 2314 546 2357 3
580 2298 677 2345 alio
702 2313 818 2346 vero
843 2313 1000 2360 napus
1027 2301 1197 2350 transit
1218 2302 1266 2350 in
1293 2319 1476 2367 rapam.
1551 2309 1853 2372 Napocaulis
1879 2324 1914 2371 9

106 2392 162 2424 ex
181 2375 376 2424 duobus
393 2377 607 2426 oleribus
624 2378 939 2443 conpositum
958 2396 1142 2430 nomen
1158 2383 1320 2445 habet,
1333 2385 1449 2448 quia
1465 2389 1585 2436 dum
1603 2389 1664 2439 sit
1680 2408 1854 2455 sapore

166 2519 180 2544 1
215 2506 383 2556 aliquod
406 2506 452 2546 K
555 2521 579 2545 2
608 2509 741 2548 oritur
763 2510 806 2548 D
887 2525 980 2551 cum
1001 2525 1082 2553 om.
1104 2513 1194 2551 DK
1271 2522 1385 2555 creat
1403 2516 1449 2554 K
1553 2532 1578 2568 3
1610 2532 1793 2569 nuquam
1810 2522 1852 2560 D

106 2573 130 2609 4
161 2560 222 2612 et]
244 2574 290 2600 ac
312 2560 357 2599 K
455 2564 481 2601 6
511 2562 672 2602 Caulex
693 2564 736 2601 D
832 2579 853 2614 7
885 2566 1009 2606 tirsos
1034 2567 1075 2605 D
1168 2582 1195 2619 9
1223 2569 1334 2608 calix
1356 2572 1408 2611 di.
1435 2571 1493 2609 D1
1594 2587 1643 2612 10
1673 2576 1851 2625 amplius

104 2628 185 2655 om.
210 2615 252 2654 D
388 2617 430 2656 id
450 2623 514 2656 est
534 2630 591 2657 cr.
614 2631 693 2658 om.
726 2618 763 2656 T
930 2622 1091 2673 autem]
1114 2623 1228 2662 enim
1249 2623 1295 2662 K
1498 2639 1542 2665 11
1575 2630 1788 2677 generalis
1808 2631 1851 2669 D

106 2669 232 2708 frutix
271 2670 410 2709 caulix
441 2670 485 2709 D
662 2674 816 2712 dicitur
853 2675 943 2714 hab.
984 2675 1104 2716 KM:
1151 2691 1234 2717 om.
1275 2679 1407 2718 DTU
1580 2683 1699 2723 Cima
1733 2685 1844 2726 codd.

111 2736 158 2772 13
191 2723 329 2764 Malba
355 2724 392 2763 T
570 2737 618 2775 15
650 2727 813 2767 alveum
841 2729 898 2768 T:
927 2730 1067 2769 album
1089 2730 1147 2769 K¹
1297 2747 1399 2773 suco
1419 2734 1513 2775 dett.
1647 2739 1781 2788 siquis
1801 2753 1849 2779 se

106 2791 187 2818 om.
217 2777 254 2816 T
486 2783 535 2818 16
563 2784 889 2830 superuncxerit
910 2784 956 2822 K
1175 2786 1301 2826 ferire
1323 2787 1393 2828 K:
1424 2789 1501 2828 feri
1530 2790 1567 2828 T
1584 2791 1628 2842 (i.
1645 2805 1676 2832 e.
1701 2793 1847 2847 ferriZ)

110 2844 155 2881 17
185 2834 353 2872 adferre
373 2832 442 2873 K:
471 2834 637 2874 auferre
666 2837 703 2876 T
846 2852 894 2888 19
922 2844 987 2878 est
1008 2840 1098 2891 ens}
1121 2846 1164 2879 et
1183 2848 1247 2880 est
1269 2841 1315 2880 K
1489 2858 1543 2884 20
1572 2845 1612 2884 id
1634 2853 1700 2886 est
1721 2861 1846 2898 conp.

105 2899 186 2927 om.
217 2887 254 2926 T
350 2890 677 2939 conpraehendo
698 2891 740 2928 D
836 2894 1025 2932 radicum
1048 2894 1093 2932 K
1186 2908 1235 2934 21
1267 2899 1474 2947 ampliora
1491 2911 1605 2949 napo
1625 2913 1673 2939 ac
1693 2914 1782 2952 sap.
1805 2904 1849 2942 D

106 2953 156 2978 22
187 2940 286 2980 solio
306 2941 352 2980 K
473 2944 672 2984 radiculis
692 2944 738 2983 K
862 2954 974 2998 gust.
997 2949 1088 2988 sub.
1111 2955 1175 2989 est
1196 2963 1280 2989 om.
1311 2951 1347 2989 T
1506 2967 1558 3003 23
1588 2955 1789 2996 adlinitur
1805 2958 1848 2996 D

105 3007 157 3044 24
188 2995 375 3046 utrisque
396 2996 440 3034 D
567 3011 619 3047 25
650 3006 863 3040 mutantur
883 3002 925 3040 in
948 3015 1059 3053 napo
1082 3003 1125 3042 D

932 3127 1008 3159 S2
