2176 3424
1084 117 1355 166 ISIDORI

342 252 437 298 fiat.
513 250 578 298 Et
607 256 811 297 vocatus
838 248 998 297 Corus
1036 247 1172 310 quod
1197 245 1301 309 ipse
1327 253 1584 294 ventorum
1611 244 1847 294 circulum
1874 246 2086 305 claudat,

341 343 387 381 et
438 331 577 395 quasi
626 332 831 379 chorum
882 328 1039 377 faciat.
1138 329 1239 376 Hic
1287 336 1432 376 antea
1482 328 1672 377 Caurus
1716 328 1895 387 dictus,
1937 343 2085 390 quem

338 413 559 478 plerique
585 416 825 476 Argesten
864 411 1049 470 dicunt,
1079 426 1180 458 non
1218 418 1270 458 ut
1307 409 1576 473 inprudens
1613 410 1784 472 vulgus
1810 411 2082 472 Agrestem.

269 511 314 544 11
342 498 621 560 Septentrio
647 495 807 544 dictus
842 511 902 543 eo
935 494 1072 556 quod
1103 492 1286 541 circulo
1317 501 1506 555 septem
1539 493 1787 541 stellarum
1820 491 2084 554 consurgit,

259 596 312 630 12
341 596 468 642 quae
494 586 713 628 vertente
740 595 791 626 se
817 577 1008 625 mundo
1033 575 1316 637 resupinato
1350 573 1510 637 capite
1535 573 1645 622 ferri
1670 573 1909 622 videntur.
1986 572 2086 623 Cir·
2104 587 2130 627 5

336 662 440 710 cius
466 663 632 710 dictus
658 677 718 709 eo
744 660 880 723 quod
901 660 1034 708 Coro
1054 657 1115 706 sit
1130 657 1342 705 iunctus,
1421 658 1576 704 Hunc
1596 655 1812 719 Hispani
1838 655 2083 704 Gallicum
2103 640 2123 655 ⁷

334 752 528 802 vocant,
556 751 754 806 propter
780 743 916 804 quod
951 740 1020 789 eis
1045 757 1073 788 a
1097 748 1234 804 parte
1260 738 1497 788 Galliciae
1531 739 1630 788 flat.
1703 736 1887 801 Aquilo
1921 737 2081 785 dictus

256 845 310 891 13
335 843 395 876 eo
439 827 575 889 quod
617 842 769 887 aquas
809 823 1011 886 stringat
1052 832 1100 871 et
1138 823 1297 871 nubes
1337 821 1575 884 dissipet3
1611 829 1684 869 est
1724 821 1855 869 enim
1892 819 2082 883 gelidus

333 917 508 956 ventus
535 916 582 956 et
609 907 782 955 siccus.
858 907 1001 955 Idem
1029 914 1076 953 et
1104 907 1302 962 BoreaS‚
1332 902 1447 966 quia
1465 903 1529 952 ab
1548 902 1887 966 Hyperboreis
1907 904 2082 952 monti-

332 991 424 1038 bus
452 991 564 1047 flat3
601 989 718 1037 inde
755 987 887 1036 enim
927 988 1063 1050 origo
1098 986 1320 1036 eiusdem
1347 986 1479 1034 venti
1506 994 1578 1033 est
1599 1003 1611 1044 ς
1646 985 1780 1033 unde
1806 994 1853 1033 et
1880 984 2081 1048 frigidus
2100 1009 2156 1045 ‘10

333 1081 420 1120 est.
496 1073 685 1120 Natura
715 1070 847 1119 enim
884 1069 1109 1118 omnium
1137 1066 1595 1132 septentrionalium
1621 1075 1881 1115 ventorum
1907 1067 2080 1130 frigida

253 1170 308 1216 14
334 1164 381 1203 et
408 1153 537 1202 sicca
564 1162 650 1212 est,
678 1152 964 1201 australium
992 1150 1199 1200 humida
1224 1160 1272 1199 et
1299 1149 1471 1198 calida.
1544 1150 1618 1197 Ex
1647 1149 1878 1198 omnibus
1911 1158 2078 1198 autem

254 1251 308 1300 15
331 1237 489 1285 ventis
529 1237 630 1284 duo
669 1235 942 1284 cardinales
992 1242 1134 1282 sunt:
1196 1233 1474 1295 Septentrio
1523 1240 1570 1280 et
1618 1234 1810 1281 Auster.
1885 1233 2080 1281 Etesiae

331 1328 495 1367 autem
535 1318 688 1367 fiabra
714 1315 976 1380 Aquilonis
1011 1324 1136 1375 sunt,
1167 1314 1347 1378 quibus
1385 1329 1570 1361 nomen
1605 1311 1817 1361 inditum
1844 1322 1916 1361 est
1942 1315 2078 1377 quod

334 1410 469 1450 certo
495 1400 612 1449 anni
638 1410 859 1463 tempore
885 1401 1029 1447 flatus
1046 1413 1187 1461 agere
1209 1395 1451 1460 incipiunt
1466 1414 1478 1456 ς
1505 1396 1706 1447 ἐνιαυτὸς
1722 1397 1855 1444 enim
1873 1396 2074 1455 Graece,
2106 1419 2152 1459 15

331 1500 491 1532 annus
521 1482 696 1531 Latine
722 1481 913 1530 dicitur.
991 1482 1135 1528 Haec
1161 1487 1327 1527 autem
1354 1494 1551 1526 cursum
1577 1486 1765 1526 rectum
1791 1494 1820 1525 a
1845 1480 2003 1526 Borea
2029 1477 2078 1525 in
2116 1468 2118 1470 ¹

248 1575 307 1621 16
333 1569 618 1629 Aegyptum
660 1566 834 1624 ferunt,
881 1561 1062 1626 quibus
1102 1564 1283 1609 Auster
1325 1559 1594 1608 contrarius
1634 1569 1719 1608 est.
1811 1561 1925 1608 Duo
1965 1568 2078 1608 sunt

333 1657 500 1696 autem
545 1656 678 1696 extra
716 1649 808 1695 hos
848 1644 1035 1707 ubique
1078 1643 1274 1707 spiritus
1315 1642 1469 1706 magis
1502 1659 1650 1705 quam
1685 1642 1845 1692 venti:
1882 1660 1998 1692 aura
2031 1652 2077 1692 et

255 1749 306 1799 17
330 1732 536 1779 altanus.
612 1732 745 1777 Aura
772 1729 835 1776 ab
861 1744 972 1776 aere
999 1726 1143 1785 dicta,
1174 1725 1314 1788 quasi
1339 1726 1482 1784 aeria,
1511 1726 1646 1787 quod
1673 1725 1794 1772 lenis
1826 1725 1887 1773 sit
1912 1734 2075 1773 motus

329 1812 465 1862 aeris,
532 1812 755 1875 Agitatus
774 1810 904 1859 enim
923 1826 1004 1858 aer
1020 1825 1187 1857 auram
1205 1809 1320 1855 facit
1331 1825 1344 1867 3
1369 1808 1502 1855 unde
1519 1815 1566 1855 et
1586 1806 1840 1855 Lucretius
1856 1804 1875 1871 (
1882 1821 1906 1871 5
1914 1845 1926 1867 ,
1932 1821 1993 1871 50
1999 1806 2075 1870 3):
2104 1833 2152 1861 20

1018 1889 1189 1939 Aerias
1226 1906 1383 1937 auras.

251 1980 305 2028 18
331 1978 555 2036 Altanus‚
598 1975 679 2039 qui
722 1975 772 2023 in
812 1976 986 2037 pelago
1020 1981 1107 2033 est,
1149 1988 1235 2035 per
1278 1970 1631 2019 derivationem
1671 1970 1734 2019 ab
1773 1972 1890 2031 alto,
1918 1972 1969 2019 id
2002 1980 2075 2020 est

332 2058 466 2118 mari,
509 2067 727 2106 vocatus,
802 2059 933 2105 Nam
975 2057 1097 2104 alter
1139 2062 1212 2103 est
1251 2054 1394 2102 flatus
1433 2052 1483 2101 in
1521 2052 1636 2116 ripis
1676 2070 1824 2116 quem
1864 2053 2074 2102 diximus

244 2164 306 2210 19
328 2158 496 2190 auram
521 2159 533 2201 3
573 2157 687 2188 nam
715 2155 831 2187 aura
856 2147 1010 2186 terrae
1036 2146 1122 2185 est.
1197 2135 1370 2184 Turbo
1395 2144 1468 2185 est
1488 2133 1766 2184 volubilitas
1786 2144 2041 2184 ventorum
2061 2155 2073 2197 5

331 2233 378 2272 et
403 2223 549 2271 turbo
576 2222 736 2271 dictus
762 2237 790 2268 a
815 2229 953 2280 terra,
982 2218 1211 2282 quotiens
1237 2226 1411 2267 ventus
1449 2217 1698 2280 consurgit
1735 2227 1782 2266 et
1814 2227 1991 2266 terram
2020 2218 2070 2267 in
2097 2241 2146 2282 ²5

238 2322 306 2357 20
330 2303 590 2352 circuitum
630 2303 790 2351 mittit.
865 2305 1158 2366 Tempestas
1201 2309 1285 2348 aut
1326 2316 1415 2363 pro
1454 2309 1676 2363 tempore
1717 2298 1906 2359 dicitur,
1947 2299 2071 2349 sicut

330 2386 516 2449 ubique
558 2383 939 2448 historiographi
981 2385 1155 2444 solent,
1202 2384 1322 2431 dum
1362 2381 1548 2440 dicunt,
1598 2386 1682 2430 ‘ea
1723 2384 2040 2445 tempestate'
2059 2401 2072 2443 3

324 2478 408 2517 aut
466 2468 529 2516 ab
590 2477 719 2516 statu
780 2466 920 2526 caeli,
978 2465 1094 2528 quia
1153 2465 1493 2528 magnitudine
1548 2462 1620 2512 sui
1675 2464 1840 2511 multis
1894 2463 2070 2512 diebus

323 2550 487 2599 oritur.
576 2551 744 2598 Verno
780 2557 947 2597 autem
986 2557 1033 2595 et
1068 2546 1341 2596 autumnali
1378 2555 1599 2609 tempore
1641 2561 1790 2608 quam
1826 2544 2068 2595 maximae

323 2633 449 2680 fiunt
489 2638 821 2694 tempestateS,
865 2630 1068 2692 quando
1112 2644 1204 2678 nec
1245 2628 1393 2691 plena
1440 2635 1513 2676 est
1559 2634 1732 2686 aestaS‚
1782 2642 1875 2675 nec
1920 2628 2067 2691 plena
2091 2643 2176 2685 30²

375 2771 401 2807 4
430 2770 499 2807 qu.
525 2770 550 2796 a
571 2757 669 2796 circ.
701 2756 739 2795 T
884 2755 1064 2795 circolos
1084 2754 1130 2794 K
1278 2753 1412 2802 surgit
1434 2753 1479 2791 K
1667 2763 1692 2801 5
1723 2757 1940 2791 vertentes
1954 2764 2002 2792 se
2020 2752 2067 2792 K

319 2814 431 2852 ferre
450 2812 496 2851 K
657 2812 683 2849 8
712 2810 892 2860 dissepit
912 2810 958 2848 K
1119 2822 1146 2859 9
1174 2809 1327 2847 boreus
1351 2807 1429 2846 CK
1437 2807 1474 2846 T
1576 2807 1648 2857 qui
1669 2807 1720 2846 ab
1741 2806 1783 2844 Β
1895 2820 1946 2846 10
1973 2806 2065 2848 eius

319 2869 492 2907 inventa
511 2871 577 2905 est
592 2865 638 2903 K
803 2878 852 2903 12
881 2864 995 2904 sicca
1014 2870 1124 2903 aust.
1143 2863 1189 2901 K
1315 2868 1454 2902 autem
1474 2875 1559 2902 om.
1587 2861 1625 2900 T
1781 2873 1831 2911 15
1861 2866 2002 2900 certus
2021 2863 2068 2902 K

321 2923 433 2963 enim
454 2935 538 2962 om.
566 2921 604 2960 T
723 2932 770 2969 17
801 2933 868 2960 au.
890 2925 990 2960 sunt
1008 2919 1050 2957 Β
1177 2930 1228 2968 19
1256 2916 1308 2957 ab
1319 2930 1420 2956 aera
1445 2917 1483 2956 T
1605 2929 1657 2965 24
1685 2922 1715 2955 t.
1737 2927 1832 2955 esse
1853 2915 1920 2954 B:
1950 2922 2064 2958 terra
2167 2945 2176 2967 Ξ

321 2983 386 3017 est
418 2976 456 3015 T
589 2974 798 3015 volubitas
825 2974 863 3014 T
1049 2985 1100 3023 25
1130 2972 1266 3012 dictus
1284 2985 1367 3012 om.
1394 2972 1440 3010 K
1460 2971 1562 3022 (non
1581 2969 1727 3022 Phill.)
1865 2971 2000 3019 surgit
2018 2971 2067 3011 K
2167 2973 2176 3026 ξ

320 3034 374 3070 26
402 3031 549 3082 Temp.
568 3036 711 3070 autem
735 3028 908 3068 TPlzill.
1066 3028 1119 3067 28
1147 3031 1219 3066 aut
1239 3027 1316 3066 sub
1339 3031 1418 3066 sta.
1444 3025 1496 3064 Cl
1606 3024 1761 3064 multos
1787 3023 1841 3063 T:
1873 3025 2000 3065 certis
2018 3025 2066 3064 K
2165 3031 2176 3080 g

320 3085 442 3125 th'll.
553 3099 605 3135 29
633 3097 758 3135 quam
779 3083 960 3123 maxime
981 3082 1081 3122 CT:
1111 3081 1294 3137 maxime
1316 3081 1361 3119 K
1376 3080 1497 3121 Phill.
1632 3092 1686 3129 30
1714 3085 1764 3118 te.
1790 3079 1830 3119 fi.
1854 3077 1894 3115 Β
2002 3080 2060 3129 pl.
2164 3083 2176 3133 ἦ

321 3146 459 3180 aestas
482 3140 526 3177 I<
2130 3142 2145 3166 ἐ
2170 3133 2176 3135 “
