2176 3424
1026 96 1298 146 ISIDORI

197 236 262 286 25
284 239 446 272 versas
473 223 658 272 habent
683 232 795 286 post
820 241 960 273 crura
985 234 1032 273 et
1058 235 1266 275 octonos
1292 226 1470 290 digitos
1496 227 1546 276 in
1571 227 1763 291 plantis.
1838 228 2030 293 Hippo-

282 306 438 367 podes
481 304 529 352 in
571 304 772 367 Scythia
809 315 934 366 sunt,
977 308 1244 356 humanam
1285 309 1492 357 formam
1535 318 1583 359 et
1624 310 1833 374 equinos
1875 312 2027 375 pedes

190 389 258 436 26
283 387 536 436 habentes.
601 389 662 435 In
682 387 828 436 India
851 389 1012 437 ferunt
1039 405 1146 438 esse
1170 399 1367 452 gentem
1394 407 1521 454 quae
1547 391 1817 456 Μακρόβιοι
1842 410 2027 442 nuncu-

280 478 472 532 pantur,
501 471 769 518 duodecim
803 471 987 533 pedum
1023 480 1256 520 staturam
1291 473 1542 523 habentes.
1618 477 1707 523 Est
1741 484 1788 524 et
1812 492 1932 539 gens
1957 474 2027 524 ibi

281 561 463 600 statura
499 553 740 612 cubitalis,
777 570 902 616 quos
941 555 1117 604 Graeci
1154 572 1183 603 a
1219 555 1388 604 cubito
1426 558 1697 619 Pygmaeos
1735 567 1926 618 vocant,
1963 559 2026 607 de
2050 578 2071 618 5

279 650 377 697 qua
397 650 542 696 supra
563 632 776 682 diximus
801 634 843 698 (ξ
864 634 926 698 7).
992 635 1062 683 Hi
1091 646 1326 685 montana
1343 637 1518 686 Indiae
1543 648 1728 697 tenent,
1748 639 1927 703 quibus
1953 650 2026 689 est

191 727 254 777 27
277 717 467 765 vicinus
500 732 729 765 oceanus.
805 717 1074 766 Perhibent
1106 715 1200 784 [et]
1227 718 1276 767 in
1311 721 1485 768 eadem
1514 720 1658 770 India
1691 738 1795 771 esse
1828 732 2025 786 gentem

278 799 572 846 feminarum
613 815 739 861 quae
788 797 1135 862 quinquennes
1183 801 1485 864 concipiunt,
1527 812 1574 852 et
1622 814 1851 853 octavum
1900 803 2027 853 vitae

193 878 256 925 28
279 895 467 928 annum
515 896 616 928 non
665 881 924 929 excedunt.
1020 881 1266 930 Dicuntur
1313 892 1478 932 autem
1528 895 1576 934 et
1623 885 1717 934 alia
1764 887 2024 935 hominurn

280 961 504 1010 fabulosa
546 971 786 1024 portenta,
829 979 955 1025 quae
999 980 1099 1012 non
1138 974 1262 1023 sunt,
1303 967 1391 1015 sed
1428 967 1541 1015 ficta
1575 966 1626 1015 in
1668 968 1827 1017 causis
1863 985 2024 1017 rerum
2054 987 2102 1015 10

280 1043 672 1107 interpretantur,
716 1053 769 1092 ut
808 1044 1089 1107 Geryonem
1132 1046 1406 1110 Hispaniae
1445 1066 1609 1112 regem
1653 1049 1827 1113 triplici
1870 1052 2026 1099 forma

283 1124 549 1188 proditum.
626 1128 843 1174 Fuerunt
876 1126 1009 1175 enim
1043 1136 1137 1176 tres
1171 1129 1339 1178 fratres
1372 1139 1536 1179 tantae
1570 1132 1864 1181 concordiae
1897 1142 1950 1181 ut
1974 1132 2026 1180 in

189 1228 257 1275 29
284 1206 438 1255 tribus
476 1207 763 1270 corporibus
806 1208 946 1270 quasi
984 1225 1082 1257 una
1117 1209 1282 1259 anima
1318 1221 1458 1260 esset.
1533 1214 1791 1277 Gorgones
1828 1231 2027 1278 quoque

286 1289 565 1338 meretrices
598 1288 794 1337 crinitas
829 1290 1153 1353 serpentibus,
1188 1309 1315 1355 quae
1347 1293 1640 1357 aspicientes
1674 1297 2027 1346 convertebant

279 1372 330 1420 in
366 1371 569 1435 lapides,
610 1371 850 1420 habentes
888 1389 1043 1421 unum
1080 1376 1295 1423 oculum·
1318 1391 1467 1438 quem
1504 1377 1715 1425 invicem
1745 1378 2023 1429 utebantur.
2054 1396 2097 1441 ¹5

279 1456 498 1502 Fuerunt
535 1461 699 1502 autem
737 1463 831 1502 tres
869 1471 1059 1503 sorores
1096 1457 1241 1504 unius
1278 1457 1668 1519 pulchritudinis,
1707 1459 1845 1522 quasi
1882 1464 2026 1511 unius

280 1535 422 1595 oculi,
451 1552 578 1599 quae
602 1534 670 1583 ita
694 1545 993 1598 spectatores
1030 1554 1144 1586 suos
1179 1548 1459 1602 stupescere
1492 1539 1737 1590 faciebant
1762 1551 1816 1591 ut
1841 1552 2025 1593 vertere

188 1642 254 1689 30
279 1636 363 1670 eos
390 1627 676 1682 putarentur
701 1617 750 1665 in
776 1617 977 1682 lapides.
1052 1619 1247 1670 Sirenas
1281 1630 1376 1670 tres
1411 1622 1602 1685 fingunt
1626 1623 1775 1673 fuisse
1808 1642 1865 1674 ex
1890 1637 2026 1690 parte

278 1700 502 1765 virgines,
528 1716 586 1748 ex
620 1708 756 1763 parte
791 1701 1029 1760 volucres,
1054 1703 1294 1752 habentes
1328 1705 1429 1752 alas
1463 1714 1511 1752 et
1543 1707 1780 1769 ungulas:
1816 1724 2022 1770 quarum

278 1801 377 1833 una
418 1799 553 1841 voce,
591 1783 743 1829 altera
785 1781 934 1842 tibiis,
973 1785 1114 1832 tertia
1155 1786 1256 1847 lyra
1297 1786 1558 1835 canebant.
1631 1789 1774 1848 Quae
1816 1788 2022 1840 inlectos
2051 1812 2102 1840 20

202 1888 255 1934 31
278 1865 563 1929 navigantes
606 1863 699 1912 sub
742 1871 889 1911 cantu
932 1863 982 1912 in
1026 1866 1331 1930 naufragium
1373 1867 1645 1916 trahebant.
1737 1871 2021 1920 Secundum

279 1948 533 1998 veritatem
559 1955 724 1994 autem
751 1945 1029 1995 meretrices
1055 1948 1263 2007 fuerunt,
1293 1965 1419 2011 quae
1446 1958 1752 1999 transeuntes
1786 1950 2023 2014 quoniam

280 2029 598 2080 deducebant
644 2028 709 2077 ad
751 2036 1033 2090 egestatem,
1079 2028 1155 2077 his
1197 2030 1340 2078 fictae
1389 2040 1501 2078 sunt
1543 2030 1718 2080 inferre
1760 2033 2025 2097 naufragia.

280 2115 398 2162 Alas
422 2121 588 2160 autem
615 2110 847 2158 habuisse
873 2119 921 2159 et
945 2113 1165 2174 ungulas,
1186 2111 1301 2175 quia
1325 2129 1464 2161 amor
1488 2122 1535 2161 et
1560 2115 1692 2162 volat
1717 2123 1765 2162 et
1790 2116 2024 2164 vulnerat.

283 2198 427 2258 Quae
460 2195 576 2242 inde
613 2192 663 2240 in
694 2192 922 2240 fluctibus
959 2209 1274 2242 conmorasse
1309 2193 1553 2254 dicuntur,
1580 2194 1693 2257 quia
1730 2196 1907 2245 fluctus
1932 2199 2025 2246 Ve-
2049 2219 2101 2259 25

198 2291 264 2340 32
285 2294 452 2326 nerem
479 2282 780 2323 creaverunt.
851 2275 1063 2337 Scyllam
1097 2291 1297 2338 quoque
1329 2276 1490 2324 ferunt
1514 2275 1749 2325 feminam
1782 2278 2024 2341 capitibus

285 2356 585 2406 succinctam
635 2354 838 2414 caninis,
887 2372 1000 2403 cum
1048 2355 1301 2404 latratibus
1350 2356 1552 2420 magnis,
1604 2367 1801 2422 propter
1848 2360 2024 2408 fretum

281 2438 431 2490 Siculi
457 2437 618 2495 maris,
644 2437 694 2484 in
722 2453 823 2500 quo
848 2436 1133 2500 navigantes
1158 2436 1421 2495 verticibus
1455 2438 1504 2486 in
1539 2456 1590 2487 se
1627 2441 2023 2490 concurrentium

281 2523 524 2571 undarum
552 2517 763 2567 exterriti
787 2518 947 2567 latrari
972 2520 1234 2568 aestimant
1259 2521 1429 2578 undaS,
1447 2536 1568 2583 quas
1593 2521 1836 2571 sorbentis
1861 2533 2024 2572 aestus

291 2662 359 2742 T11
394 2647 510 2740 POStt]
532 2645 668 2739 petr&
724 2715 729 2719 ·
764 2658 811 2738 C:-2
841 2651 883 2684 et
903 2659 985 2684 om·
1007 2645 1057 2737 Bt
1087 2645 1529 2740 habBCIJf'ZnTBK
1550 2647 1619 2697 qni
1643 2647 1715 2741 K8
1744 2663 1835 2741 νὶίῑέ
1867 2654 2032 2742 sugat}
2096 2657 2098 2659 '

282 2773 310 2808 9
338 2716 480 2797 auterii
497 2715 580 2795 ονῗ.
599 2713 732 2794 ngnb
756 2767 806 2794 10
836 2755 900 2793 fic.
920 2714 1077 2794 et7ineC
1171 2729 1235 2804 ⁶14
1265 2731 1462 2795 uictrices
1479 2756 1535 2794 Βι
1615 2769 1731 2807 serp.
1751 2717 1856 2807 quag
1877 2718 2022 2808 toesque

285 2813 435 2863 (delet.)
454 2811 501 2850 K
513 2826 522 2850 :
540 2815 848 2860 serpentesque
860 2810 902 2848 B
1006 2813 1055 2849 16
1074 2822 1247 2848 sorores
1263 2823 1346 2849 om.
1366 2810 1425 2848 Kl
1538 2824 1586 2860 19
1606 2811 1708 2860 virg.
1727 2817 1768 2850 et
1786 2825 1840 2850 ex
1855 2811 1902 2850 K
1980 2819 2023 2852 et

283 2882 382 2918 ung.
401 2880 483 2905 om.
505 2866 543 2905 T
648 2877 701 2903 20
728 2863 875 2916 tertia]
897 2865 1033 2903 altera
1066 2863 1104 2902 T
1207 2865 1383 2903 canebat
1413 2864 1492 2904 BC
1598 2877 1646 2903 21
1678 2866 1896 2916 naufragio
1917 2866 1963 2906 K
1970 2867 2019 2907 T:

284 2924 374 2972 -gia
395 2922 430 2960 C
569 2933 621 2959 22
651 2919 849 2958 metrices
874 2919 915 2957 Β
1025 2919 1222 2970 quoniam
1250 2933 1333 2958 om.
1356 2919 1402 2957 K
1540 2931 1592 2969 23
1623 2919 1697 2970 ad]
1718 2921 1759 2958 in
1783 2920 1831 2959 K
1935 2922 2020 2974 his]

283 2978 351 3016 hic
372 2975 429 3015 Β1
541 2987 592 3024 25
623 2974 704 3023 Qu.
727 2973 809 3025 in.]
826 2980 951 3023 atque
973 2974 1008 3013 C
1113 2975 1166 3011 26
1193 2973 1336 3012 serunt
1355 2987 1436 3014 om.
1459 2973 1505 3013 K
1609 2987 1659 3022 27
1691 2973 1949 3015 latratatibus
1980 2976 2027 3016 K

283 3032 335 3070 28
363 3030 520 3070 saeculi
542 3029 587 3067 K
733 3029 774 3066 in
795 3041 877 3078 qua
907 3028 943 3066 T
1069 3040 1123 3077 29
1151 3028 1294 3067 extriti
1315 3028 1361 3066 K
1466 3028 1605 3067 latrati
1627 3027 1716 3066 ΚΤ
1817 3031 2023 3070 extiment

284 3086 330 3125 K
437 3084 649 3123 surbentis
677 3082 714 3121 T

2151 3018 2176 3424 -Hw1wm‘·l›·,9³rr'i⁴lv¹'
2167 2936 2170 2937 =
2161 2862 2176 2881 νι
2155 2758 2176 2785 .-2
2160 2709 2176 2718 ιι
2160 2615 2176 2644 ,ι
2174 2551 2176 2554 Α
2167 2505 2176 2507 ι
