2228 3444
1107 172 1381 220 ISIDORI

367 301 468 349 duo
494 308 608 348 sunt
641 299 969 363 aequinoctia,
999 319 1154 350 unum
1186 305 1382 352 vernale
1416 311 1464 351 et
1496 303 1631 352 aliud
1662 306 1961 365 autumnale,
1990 321 2117 368 quae

368 384 545 432 Graeci
569 385 809 447 ἰσημερίας
833 393 1028 433 vocant.
1101 386 1225 433 Sunt
1250 394 1419 434 autem
1437 387 1560 434 haec
1585 387 1899 449 aequinoctia
1915 385 1996 436 die
2022 402 2116 435 V111

369 466 483 512 Kal.
510 467 629 528 Apr.
660 475 706 514 et
745 481 837 512 vm
867 467 980 514 Kal.
1010 467 1139 526 Oct„
1168 466 1283 529 quia
1319 484 1478 516 annus
1515 469 1633 516 olim
1672 467 1723 516 in
1762 470 1885 517 duas
1923 477 2115 517 tantum

366 556 527 608 partes
555 546 881 607 dividebatur,
901 549 997 596 hoc
1024 557 1096 596 est
1122 547 1171 596 in
1195 550 1437 597 aestivum
1466 559 1513 598 et
1534 549 1745 598 hiemale
1771 550 2049 609 solstitium,
2071 560 2118 599 et

367 627 416 676 in
443 630 544 678 duo
570 629 946 693 hemisphaeria.
2146 653 2167 693 5

176 708 342 748 XXXV
504 714 586 760 DE
613 727 944 761 TEMPORfflvs
971 728 1122 762 ANNI.
1172 715 1422 777 Tempora
1446 713 1563 761 anni
1590 723 1821 777 quattuor
1841 724 1982 764 sunt:
2019 732 2114 774 ver,

365 803 539 855 aestas,
560 804 827 843 autumnus
855 804 902 844 et
930 795 1102 844 hiems.
1180 795 1327 844 Dicta
1353 804 1467 845 sunt
1492 806 1657 845 autem
1685 806 1909 860 tempora
1933 813 1962 845 a
1989 814 2119 846 60111-

367 874 615 924 munionis
653 886 1060 940 temperamento‚
1102 879 1238 940 quod
1282 877 1493 926 invicem
1531 894 1583 927 se
1620 879 1842 939 humore,
1884 877 2115 936 siccitate,

365 959 526 1006 calore
557 967 604 1006 et
630 957 806 1021 frigore
833 968 1124 1022 temperent.
1200 961 1344 1008 Haec
1375 970 1423 1008 et
1459 960 1696 1009 curricula
1730 960 1972 1019 dicuntur,
2003 959 2118 1023 quia

310 1053 340 1088 2
365 1057 465 1088 non
501 1050 644 1100 stant,
675 1042 763 1090 sed
790 1052 1005 1091 currunt.
1082 1043 1292 1091 Constat
1317 1051 1482 1090 autem
1510 1052 1621 1106 post
1652 1045 1835 1091 factum
1872 1043 2116 1091 mundum
2146 1062 2195 1090 10

362 1140 419 1170 ex
446 1122 680 1185 qualitate
701 1140 870 1171 cursus
897 1123 1012 1172 solis
1040 1133 1262 1187 tempora
1287 1123 1336 1171 in
1363 1133 1528 1173 ternos
1556 1142 1750 1174 menses
1776 1125 1924 1174 fuisse
1944 1124 2116 1175 divisa.

364 1206 590 1265 Quorum
617 1214 896 1269 temporum
920 1208 1067 1254 talem
1094 1215 1280 1255 veteres
1301 1205 1487 1256 faciunt
1505 1206 1868 1267 discretionem,
1889 1217 1941 1256 ut
1958 1207 2118 1271 primo

364 1304 534 1336 mense
569 1304 651 1336 ver
684 1305 867 1337 novum
905 1288 1109 1348 dicatur,
1144 1291 1366 1338 secundo
1403 1291 1644 1349 adultum,
1686 1291 1828 1340 tertio
1865 1307 2112 1354 praeceps,

311 1381 340 1428 3
365 1370 444 1418 Sic
473 1367 568 1436 [et]
603 1379 761 1419 aestas
798 1370 849 1418 in
887 1370 986 1419 suis
1025 1370 1179 1420 tribus
1218 1370 1485 1430 mensibus,
1522 1389 1663 1430 nova,
1695 1374 1865 1422 adulta
1899 1382 1946 1422 et
1983 1390 2116 1436 prae-

365 1469 494 1515 ceps.
569 1451 649 1500 Sic
682 1450 776 1519 [et]
814 1462 1096 1511 autumnus,
1131 1471 1303 1513 novus,
1340 1455 1538 1503 adultus
1572 1463 1620 1503 et
1659 1472 1909 1518 praeceps.
1988 1457 2116 1503 Item
2143 1472 2190 1512 15

362 1534 535 1594 hiems,
564 1552 704 1593 nova,
734 1537 903 1584 adulta
937 1545 985 1584 et
1014 1553 1248 1599 praeceps
1276 1535 1377 1585 sive
1403 1545 1632 1586 extrema.
1708 1539 1855 1586 Vnde
1887 1546 1959 1586 est
1995 1536 2115 1585 illud

362 1615 515 1680 (Virg.
539 1618 715 1681 Georg.
742 1635 784 1678 1,
803 1618 920 1683 340)
942 1638 950 1666 ε

838 1702 1100 1749 Extremae
1138 1700 1230 1750 sub
1268 1718 1383 1749 casu
1423 1700 1614 1749 hiemis.

361 1782 461 1830 Ver
486 1791 651 1830 autem
670 1783 859 1830 dictum
886 1784 1022 1845 quod
1057 1781 1190 1831 viret.
1266 1785 1411 1832 Tunc
1436 1782 1569 1832 enim
1595 1791 1707 1846 post
1733 1782 1947 1832 hiemem
1975 1782 2115 1832 vesti-

304 1879 336 1926 4
361 1872 437 1912 tur
455 1866 597 1913 tellus
615 1863 792 1923 herbis,
814 1874 862 1913 et
878 1864 928 1912 in
945 1867 1115 1913 florem
1133 1874 1311 1913 cuncta
1328 1874 1635 1928 rumpuntur.
1670 1867 1846 1914 Aestas
1856 1865 2034 1915 dicitur
2049 1866 2114 1914 ab
2137 1882 2189 1911 20

361 1955 515 2005 aestu,
539 1945 589 1995 id
610 1955 682 1994 est
702 1963 730 1994 a
746 1948 907 1995 calore
928 1965 938 2006 3
974 1956 1021 1995 et
1037 1955 1194 1995 aestas
1221 1946 1361 2009 quasi
1387 1956 1510 2007 usta,
1534 1946 1583 1995 id
1601 1956 1674 1995 est
1694 1956 1863 1996 exusta
1888 1957 1936 1996 et
1961 1947 2109 1997 arida.

309 2033 340 2082 5
363 2030 494 2077 Nam
515 2029 648 2077 calor
666 2027 830 2077 aridus
851 2037 937 2078 est.
1013 2031 1299 2077 Autumnus
1319 2046 1348 2076 a
1368 2037 1661 2092 tempestate
1681 2038 1884 2078 vocatus
1910 2031 2112 2093 quando

302 2112 337 2158 6
360 2120 407 2159 et
427 2110 543 2159 folia
562 2110 793 2159 arborum
821 2113 1005 2159 cadunt
1031 2120 1080 2159 et
1105 2110 1273 2158 omnia
1300 2120 1647 2160 maturescunt.
1727 2111 1961 2161 Hiemem
1989 2111 2111 2160 ratio

360 2191 708 2255 hemisphaerii
735 2191 1052 2255 nuncupavit,
1082 2192 1198 2255 quia
1218 2202 1336 2241 111116
1362 2192 1572 2241 breviori
1592 2194 1665 2241 sol
1682 2192 1891 2242 volvitur
1911 2192 2107 2243 circulo.

358 2276 507 2323 Vnde
533 2283 580 2323 et
606 2275 702 2323 hoc
729 2284 923 2338 tempus
951 2275 1125 2323 bruma
1151 2273 1342 2334 dicitur,
1366 2274 1505 2338 quasi
1523 2277 1720 2341 βραχύς,
1743 2275 1794 2324 id
1820 2285 1893 2324 est
1918 2274 2079 2324 brevis
2098 2294 2111 2336 ,·
2137 2291 2184 2331 25

357 2358 433 2404 vel
459 2374 487 2405 a
513 2356 640 2416 cibo,
670 2358 807 2420 quod
839 2356 993 2404 maior
1027 2356 1087 2405 sit
1122 2365 1239 2405 111116
1274 2357 1508 2406 vescendi
1543 2357 1803 2422 appetitus.
1876 2357 2109 2409 Edacitas

358 2435 489 2483 enim
531 2438 719 2485 Graece
755 2438 926 2499 βρῶμα
961 2437 1235 2499 appellatur
1253 2454 1266 2497 3
1309 2438 1442 2486 unde
1477 2446 1524 2486 et
1562 2436 1848 2485 inbrumarii
1879 2436 2110 2486 dicuntur

415 2580 438 2604 2
482 2564 631 2604 octabo
668 2564 944 2604 kalendarum
979 2564 1218 2604 octubrium
1253 2571 1295 2604 et
1331 2565 1482 2605 octabo
1517 2566 1789 2606 kalendarum
1829 2566 2023 2616 aprilium
2062 2562 2110 2604 Υ1

359 2634 384 2669 3
416 2626 500 2660 tan.
525 2620 578 2659 ol.
603 2621 644 2658 in
667 2621 735 2659 du.
769 2619 805 2657 T
928 2634 952 2670 4
983 2620 1025 2658 in
1048 2621 1173 2660 hiem.
1200 2619 1277 2659 BC
1401 2622 1428 2658 6
1457 2627 1554 2660 sunt
1573 2634 1641 2670 qu.
1665 2620 1701 2660 C
1828 2635 1849 2670 7
1879 2627 1960 2661 aut.
1987 2622 2042 2659 hi.
2067 2619 2113 2658 K

358 2682 500 2714 autem
523 2688 605 2715 om.
628 2675 673 2713 K
779 2675 804 2713 8
835 2674 969 2726 quod]
994 2688 1077 2725 quo
1096 2674 1143 2712 K
1204 2704 1207 2706 -
1253 2687 1298 2713 11
1332 2675 1480 2714 fuisset
1507 2675 1543 2714 T
1623 2689 1671 2714 12
1701 2676 1809 2715 tales
1828 2675 1875 2713 K
1981 2677 2103 2716 discr.

359 2731 436 2769 sac.
452 2731 493 2768 Β
601 2729 782 2780 primum
804 2742 995 2769 mensem
1013 2729 1059 2766 K
1170 2742 1217 2779 13
1248 2731 1482 2769 seeundum
1504 2760 1512 2770 .
1539 2761 1547 2769 .
1575 2759 1584 2769 .
1605 2731 1775 2771 tertium
1790 2729 1878 2769 ΒΚ
1990 2743 2036 2780 14
2067 2736 2108 2769 et

358 2786 450 2825 leab.
473 2783 588 2823 BK:
617 2798 701 2824 om.
723 2784 851 2823 ACT
1014 2796 1062 2834 15
1092 2790 1135 2823 et
1154 2785 1247 2824 hab.
1270 2783 1378 2824 BT:
1407 2798 1488 2824 om.
1515 2785 1645 2825 ACK
1769 2786 1879 2826 adul.
1903 2798 2042 2836 praec.
2064 2785 2112 2824 K

362 2841 463 2887 (non
484 2840 545 2890 A)
682 2839 783 2878 item
805 2869 815 2879 .
841 2870 850 2879 .
875 2869 884 2878 .
910 2852 1048 2890 praec.
1072 2853 1155 2878 om.
1178 2839 1220 2877 A
1407 2842 1457 2878 16
1485 2840 1593 2880 adul.
1615 2853 1752 2891 praec.
1775 2841 1822 2879 K
1930 2841 2044 2879 unde
2064 2845 2107 2879 et

360 2895 462 2934 illud
477 2895 518 2932 A
538 2907 546 2932 ε
569 2895 683 2933 unde
703 2900 746 2933 61
762 2893 996 2934 estilludB
1015 2908 1025 2933 ε
1044 2907 1126 2934 om.
1142 2892 1188 2931 K
1281 2895 1330 2932 18
1360 2907 1458 2933 caso
1471 2893 1517 2932 K
1531 2909 1540 2933 :
1561 2907 1704 2934 casum
1723 2894 1758 2934 C
1849 2907 1899 2944 19
1926 2894 2108 2934 vertitur

357 2949 398 2987 Β
519 2962 568 2989 21
600 2954 695 2988 usta
712 2947 755 2987 id
776 2955 842 2988 est
861 2963 943 2988 om.
964 2949 1031 2988 K:
1068 2950 1110 2988 id
1131 2955 1197 2988 est
1217 2953 1367 2988 exusta
1386 2962 1470 2988 om.
1502 2949 1539 2987 T
1657 2963 1708 2988 22
1737 2949 1840 2990 Aut.
1862 2955 2000 2989 autem
2019 2962 2044 2989 a
2065 2947 2111 2986 K

356 3009 532 3044 vocatur
554 3004 590 3044 C
823 3015 874 3052 25
902 3002 1074 3056 βραχύς]
1097 3003 1272 3043 brachiu
1294 3003 1347 3043 C:
1378 3003 1526 3044 braxin
1546 3003 1613 3044 B:
1642 3004 1786 3044 bracin
1803 3004 1850 3044 K
1864 3017 1874 3043 ι
1902 3004 2046 3045 brasin
2075 3002 2113 3042 T

357 3060 475 3109 quasi
497 3057 632 3109 βραχὺ
650 3057 757 3110 ἦμαρ
775 3058 818 3097 id
839 3063 903 3097 est
921 3058 1064 3097 brevis
1083 3059 1173 3098 dies
1192 3057 1312 3098 Serv.
1336 3058 1396 3097 ad
1410 3059 1517 3099 Aen.
1541 3072 1580 3109 2,
1602 3072 1682 3109 472
1858 3071 1910 3108 27
1939 3057 2102 3110 βρῶμα]

358 3114 504 3152 bruma
544 3113 652 3162 (-mo
695 3113 747 3165 C)
785 3112 897 3152 codd.
1155 3112 1383 3153 inbrumari
1424 3112 1474 3153 Cl
1495 3127 1504 3152 ε
1552 3113 1798 3153 inbruniarii
1838 3118 1886 3152 ut
1920 3113 2000 3153 vid.
2046 3111 2101 3152 T·

359 3167 556 3207 brumarii
576 3169 620 3208 K
637 3181 645 3207 :
674 3168 895 3208 brumatici
916 3167 982 3207 B:
1022 3167 1203 3208 brumati
1227 3165 1354 3208 Gloss.
