2176 3424
1071 138 1341 188 ISIDORI

338 269 766 332 prosequebantur
826 278 872 317 et
928 277 1129 332 repente
1177 271 1309 317 velut
1365 270 1648 333 lymphatici
1698 275 2075 334 praecanebant.

244 354 308 414 87
334 351 501 399 Huius
532 350 706 414 capitis
732 350 998 414 imaginem
1025 350 1118 399 sibi
1143 350 1194 399 in
1219 367 1386 400 eremo
1414 353 1587 400 Iudaei
1613 354 1845 403 fecerunt.
1919 357 2075 405 Fauni

334 450 363 481 a
388 434 553 493 fando,
582 435 657 481 vel
691 435 781 482 ἀπὸ
811 436 892 495 τῆς
921 436 1078 496 φωνῆς
1103 432 1236 493 dicti,
1264 435 1400 496 quod
1434 451 1571 494 voce,
1600 451 1700 483 non
1735 436 1883 500 signis
1917 448 2075 488 osten-

329 517 445 563 dere
471 514 751 564 viderentur
777 517 950 564 futura.
1026 517 1086 563 In
1111 516 1234 564 lucis
1250 515 1381 564 enim
1409 517 1791 566 consulebantur
1808 537 1837 568 a
1856 521 2072 584 paganis,

238 600 303 648 88
329 606 376 646 et
396 613 631 661 responsa
650 597 742 646 illis
761 615 862 646 non
882 597 1046 661 signis,
1068 598 1155 646 sed
1175 598 1380 646 vocibus
1400 597 1598 647 dabant.
1674 600 1887 651 Genium
1908 613 2072 653 autern
2099 627 2122 670 5

329 679 516 739 dicunt,
545 681 682 742 quod
718 679 857 742 quasi
892 679 991 727 vim
1029 679 1210 728 habeat
1245 678 1470 728 omnium
1505 697 1666 729 rerum
1702 682 2071 746 gignendarum,

333 778 419 810 seu
460 779 490 810 a
523 761 782 825 gignendis
819 761 1018 822 liberis,
1060 763 1193 810 unde
1230 770 1278 810 et
1319 761 1534 824 geniales
1571 763 1683 812 lecti
1720 764 2011 815 dicebantur
2046 785 2074 816 a

237 852 306 910 89
330 843 574 906 gentibus,
614 843 698 906 qui
741 860 872 892 novo
915 843 1090 892 marito
1126 844 1481 892 sternebantur.
1568 847 1713 895 Haec
1749 855 1797 896 et
1833 849 1926 897 alia
1962 859 2075 898 sunt

330 925 586 989 gentilium
614 926 839 974 fabulosa
864 928 1111 989 figmenta,
1140 943 1267 988 quae
1292 927 1606 990 interpretata
1640 928 1708 977 sic
1738 930 1994 991 habentur,
2023 941 2075 980 ut

235 1024 307 1071 90
332 1026 390 1058 ea
419 1025 520 1056 non
554 1008 804 1057 intellecta
838 1008 1186 1058 damnabiliter
1215 1018 1380 1057 tamen
1406 1011 1628 1058 adorent.
1703 1013 1878 1060 Fatum
1909 1023 2073 1062 autem
2103 1038 2150 1065 10

337 1092 510 1139 dicunt
547 1107 654 1139 esse
692 1091 937 1154 quidquid
971 1090 1039 1139 dii
1074 1093 1248 1150 fantur,
1282 1090 1525 1153 quidquid
1560 1092 1781 1156 Iuppiter
1817 1096 1956 1143 fatur.
2029 1099 2075 1143 A

331 1175 482 1222 fando
508 1173 651 1237 igitur
678 1176 832 1222 fatum
868 1174 1054 1233 dicunt,
1083 1172 1133 1221 id
1168 1182 1239 1222 est
1272 1190 1301 1221 a
1335 1175 1602 1236 loquendo.
1676 1178 1828 1237 Quod
1862 1178 1952 1226 nisi
1980 1180 2075 1227 hoc

337 1273 523 1305 nomen
574 1256 671 1304 iam
709 1256 760 1304 in
796 1256 890 1304 alia
926 1273 975 1304 re
1013 1258 1190 1304 soleret
1226 1255 1456 1319 intellegi,
1494 1273 1593 1318 quo
1630 1260 1779 1307 corda
1816 1260 2076 1310 hominum

334 1340 565 1387 nolumus
586 1338 835 1398 inclinare,
859 1337 1210 1386 rationabiliter
1230 1355 1493 1400 possumus
1512 1355 1541 1386 a
1560 1341 1710 1388 fando
1736 1342 1889 1390 fatum
1915 1346 2078 1406 appel-

246 1440 306 1486 91
332 1424 446 1470 lare.
521 1423 639 1470 Non
680 1420 812 1469 enim
851 1422 1070 1469 abnuere
1106 1438 1370 1484 possumus
1408 1437 1514 1470 esse
1547 1424 1782 1486 scriptum
1820 1423 1870 1472 in
1906 1424 2075 1474 litteris
2103 1447 2148 1486 15

335 1504 516 1554 sanctis
557 1504 759 1566 (Psalm.
785 1506 860 1564 61,
892 1504 1002 1569 12):
1043 1508 1054 1529 ‘
1075 1505 1238 1552 Semel
1270 1505 1464 1552 locutus
1503 1514 1575 1553 est
1612 1508 1783 1555 Deus:
1820 1509 1920 1556 duo
1954 1509 2076 1557 haec

332 1586 528 1645 audivi,’
555 1595 602 1634 et
623 1595 798 1634 cetera.
872 1586 1024 1648 Quod
1050 1585 1183 1634 enim
1209 1587 1397 1634 dictum
1424 1594 1509 1646 est,
1549 1590 1732 1636 ‘semel
1757 1591 1950 1638 locutus
1976 1593 2078 1651 est,'

336 1668 634 1732 intellegitur
673 1668 988 1729 inmobiliter,
1017 1670 1113 1716 hoc
1144 1678 1216 1717 est
1246 1668 1715 1719 incommutabiliter
1748 1681 1820 1720 est
1854 1675 2078 1732 locutus;

338 1751 463 1800 sicut
498 1750 634 1799 novit
669 1750 1139 1799 incommutabiliter
1172 1750 1340 1799 omnia
1373 1767 1499 1812 quae
1529 1752 1689 1800 futura
1714 1764 1841 1813 sunt,
1869 1764 1917 1803 et
1953 1773 2079 1818 quae

242 1850 310 1897 92
337 1833 442 1897 ipse
481 1834 696 1881 facturus
737 1841 822 1881 est.
901 1832 1018 1881 Tria
1060 1842 1225 1880 autem
1269 1834 1367 1880 fata
1410 1834 1599 1895 fingunt
1638 1833 1688 1882 in
1731 1838 1842 1884 colo
1881 1847 1928 1886 et
1971 1840 2078 1887 fuso
2104 1861 2153 1889 20

334 1915 598 1979 digitisque
648 1917 784 1964 filum
823 1931 882 1964 ex
917 1917 1030 1963 lana
1066 1914 1424 1976 torquentibuS,
1465 1924 1663 1979 propter
1698 1917 1786 1966 tria
1823 1927 2076 1982 tempora:

337 1997 666 2062 praeteritum,
709 1998 846 2059 quod
882 1996 932 2044 in
975 1998 1085 2044 fuso
1123 1995 1220 2043 iam
1259 2004 1429 2044 netum
1469 2006 1618 2059 atque
1657 1998 1933 2049 involutum
1972 2010 2076 2050 est:

338 2096 584 2144 praesens,
614 2081 749 2141 quod
777 2079 903 2127 inter
928 2078 1108 2142 digitos
1133 2077 1324 2126 neentis
1350 2077 1566 2127 traicitur
1590 2099 1598 2128 :
1636 2081 1866 2143 futurum,
1893 2082 1944 2130 in
1969 2085 2080 2132 lana

339 2179 466 2225 quae
503 2163 614 2210 colo
645 2160 876 2223 inplicata
909 2170 996 2219 est,
1025 2169 1072 2208 et
1106 2161 1242 2222 quod
1274 2161 1437 2208 adhuc
1471 2177 1556 2223 per
1585 2161 1764 2225 digitos
1789 2164 1980 2213 neentis
2016 2167 2079 2215 ad

242 2252 310 2299 93
338 2247 501 2292 fusum
519 2252 771 2305 tamquam
789 2259 1019 2306 praesens
1035 2242 1422 2305 adpraeteritum
1440 2242 1763 2293 traiciendum
1780 2254 1866 2294 est.
1904 2249 2079 2297 Parcas
2103 2270 2149 2310 25

335 2327 435 2375 κατ’
472 2326 750 2388 ἀντίφρασιν
784 2326 1068 2388 appellatas,
1108 2325 1244 2386 quod
1281 2323 1484 2373 minime
1521 2335 1734 2388 parcant.
1808 2329 1944 2389 Quas
1981 2338 2078 2379 tres

337 2426 445 2458 esse
482 2409 742 2456 voluerunt
764 2426 772 2455 :
810 2423 975 2467 unam,
1004 2423 1131 2469 quae
1157 2405 1305 2455 vitam
1332 2407 1548 2456 hominis
1574 2409 1790 2457 ordiatur
1811 2428 1824 2470 ,-
1859 2412 2075 2471 alteram,

393 2552 409 2577 1
451 2538 820 2588 persequebantur
849 2538 890 2577 A
1132 2539 1422 2589 percanebant
1458 2538 1496 2577 T
1737 2553 1761 2588 4
1799 2541 2015 2581 videretur
2046 2543 2081 2581 C

334 2594 449 2633 enirn
470 2606 551 2631 om.
575 2592 617 2629 A
805 2592 1133 2632 consulabantur
1151 2593 1193 2631 Β
1367 2606 1390 2642 5
1420 2593 1535 2633 vocis
1562 2593 1600 2632 T
1795 2598 1821 2634 6
1850 2596 1984 2648 quod]
2005 2598 2075 2646 qui

333 2649 375 2686 Β
552 2646 691 2698 quasi]
712 2649 748 2686 si
776 2647 814 2684 T
972 2661 993 2696 7
1025 2649 1234 2698 genitales
1253 2647 1294 2684 A
1463 2649 1489 2687 8
1518 2649 1611 2700 qui]
1632 2662 1716 2699 quo
1739 2650 1788 2689 C1
1950 2665 1977 2700 9
2006 2652 2075 2701 fig.

335 2704 418 2743 fab.
458 2702 493 2740 C
672 2701 731 2740 sic
753 2731 763 2742 .
786 2730 796 2741 .
817 2701 1068 2743 ‚fintellecta
1107 2717 1190 2743 om.
1239 2703 1277 2741 T
1506 2717 1555 2742 10
1589 2705 1658 2756 ea]
1697 2705 1758 2743 eis
1793 2704 1868 2744 C1:
1911 2719 1992 2745 om.
2030 2706 2072 2743 A

335 2756 562 2796 intellectis
586 2755 635 2793 C1
824 2769 868 2794 11
903 2759 1088 2810 effantur
1107 2758 1153 2796 K
1318 2771 1365 2797 12
1398 2758 1547 2810 fando]
1567 2759 1637 2797 fan
1659 2759 1706 2797 K
1839 2765 1904 2798 est
1925 2760 2007 2809 loq.
2033 2760 2080 2798 K

339 2826 388 2861 13
409 2812 549 2851 solere
572 2810 634 2848 T:
663 2810 848 2850 solveret
866 2812 943 2852 CK
1044 2826 1092 2862 14
1112 2813 1320 2863 possimus
1335 2812 1374 2850 Β
1392 2826 1401 2852 :
1422 2826 1644 2863 possemus
1659 2814 1739 2852 CK
1819 2826 1868 2863 15
1887 2827 2076 2853 annuere

343 2868 381 2906 T
490 2879 538 2915 17
559 2866 672 2915 quod
695 2871 758 2904 est
779 2866 859 2906 dic.
876 2880 978 2908 sem.
995 2868 1040 2905 K
1061 2870 1162 2920 (non
1181 2868 1246 2918 A)
1373 2869 1420 2906 18
1441 2869 1596 2907 inmob.
1619 2869 1699 2908 hoc
1719 2874 1784 2907 est
1803 2881 1884 2907 om.
1908 2867 1954 2905 K
1973 2870 2076 2920 (non

335 2923 400 2973 A)
501 2926 564 2959 est
585 2919 660 2958 loc.
683 2949 694 2958 .
720 2950 729 2960 .
755 2953 764 2961 .
786 2922 979 2962 incorum,
1003 2936 1084 2962 om.
1107 2922 1218 2960 B¹C1
1316 2921 1392 2962 loc.
1414 2929 1480 2961 est
1501 2922 1548 2960 K
1565 2924 1666 2975 (non
1686 2923 1752 2973 A)
1875 2935 1925 2971 19
1945 2923 2075 2975 sicut]

335 2977 424 3015 sive
445 2975 490 3012 K
510 2976 612 3028 <non
631 2973 696 3024 A)
789 2989 842 3014 20
863 2977 1006 3015 colore
1028 2977 1084 3017 su.
1109 2977 1150 3014 Β
1241 2989 1289 3014 21
1314 2976 1387 3015 filo
1410 2977 1554 3017 CKT:
1583 2977 1654 3017 fila
1675 2978 1716 3016 Β
1817 2989 1868 3026 23
1890 2979 2075 3017 netentis

335 3030 405 3070 K:
434 3029 648 3069 venientis
668 3028 717 3066 C1
828 3032 1012 3070 trahitur
1030 3031 1071 3068 Β
1182 3044 1232 3081 24
1264 3032 1450 3071 netentis
1471 3032 1517 3069 K
1623 3043 1675 3081 25
1705 3044 1909 3082 praesens
1929 3045 2009 3072 om.
2032 3032 2079 3070 K

338 3086 438 3134 (non
460 3086 523 3136 A)
636 3083 711 3134 ad]
735 3090 778 3122 et
797 3085 839 3121 A
1007 3088 1059 3124 26
1088 3085 1184 3136 quia
1207 3086 1304 3126 min.
1330 3086 1376 3125 K
1396 3086 1498 3139 (non
1519 3086 1583 3137 A)
1752 3100 1802 3136 27
1834 3086 2073 3126 hominibus

336 3137 414 3177 CK
632 3139 852 3178 ordinatur
873 3139 919 3181 Κ
