2176 3424
398 138 1026 191 ETYMOLOGIARVM
1067 137 1195 185 LIB.
1235 135 1384 185 XIII.
1426 134 1571 183 viii—x

116 275 280 332 fluant,
302 271 439 335 quasi
461 268 636 318 fluviae
647 287 659 328 ;
693 274 959 316 nascuntur
981 264 1111 314 enim
1134 266 1196 313 de
1215 273 1369 313 terrae
1389 271 1436 312 et
1454 262 1597 312 maris
1618 263 1850 312 anhelitu.

114 356 255 417 Quae
281 369 393 402 cum
418 350 562 400 altius
589 351 804 398 elevatae
829 346 1020 406 fuerint,
1050 355 1132 395 aut
1159 345 1273 394 solis
1300 347 1460 393 calore
1486 347 1742 405 resolutae,
1769 354 1853 393 aut
1918 353 1922 355 “

111 435 156 484 vi
182 443 436 484 ventorum
465 446 772 496 conpressae,
795 429 1036 478 stillantur
1062 428 1111 477 in
1136 427 1289 477 terris.
1355 426 1570 476 Nimbus
1597 435 1670 475 est
1695 427 1853 474 densi·
1881 440 1910 485 3

27 572 30 576 A
111 526 184 566 tas
209 516 359 565 nubis'
381 515 676 578 intempesta
701 521 748 561 et
773 511 984 559 obscura
999 527 1010 570 ;
1050 519 1097 558 et
1123 509 1239 558 inde
1266 508 1464 557 nimbus
1490 525 1518 556 a
1542 508 1689 556 nube.
1729 509 1853 556 Sunt

65 620 85 659 5
109 608 274 648 autem
308 597 465 646 nimbi
498 595 783 660 repentinae
814 602 860 642 et
893 594 1184 656 praecipites
1218 592 1424 654 pluviae.
1500 592 1629 638 Nam
1664 589 1851 652 pluvias

110 696 343 729 vocamus
377 681 532 728 lentas
562 687 609 726 et
642 677 789 740 iuges,
818 676 957 738 quasi
988 673 1170 731 fluvias,
1200 673 1339 737 quasi
1366 674 1585 721 fluentes.
1660 671 1852 719 Imbres
1875 685 1908 731 4

109 771 274 811 autem
301 771 349 810 et
373 763 436 810 ad
461 761 619 809 nubes
640 768 687 807 et
713 759 775 806 ad
807 756 995 820 pluvias
1026 757 1285 820 pertinent,
1315 757 1476 804 dictae
1501 772 1530 802 a
1555 755 1747 803 Graeco
1774 770 1853 802 vo-

109 845 288 894 cabulo
314 845 449 907 quod
475 852 650 891 terram
677 838 920 889 inebrient
945 840 1008 887 ad
1034 837 1428 902 germinandum.
1502 839 1576 884 Ex
1610 837 1684 884 his
1718 835 1850 885 enim

109 935 286 975 cuncta
311 934 546 984 creantur,
575 924 708 972 unde
735 931 782 971 et
811 920 1065 970 Lucretius
1093 919 1161 984 (1,
1182 919 1296 982 715)
1319 939 1326 967 :

36 1032 84 1060 ιο
309 1009 382 1056 Ex
418 1006 530 1070 igni,
570 1016 695 1054 terra
731 1014 879 1068 atque
914 1004 1080 1052 anima
1115 1011 1383 1050 nascuntur
1420 1010 1467 1050 et
1503 1000 1662 1049 imbri.

110 1093 199 1140 Est
235 1098 399 1140 autem
438 1105 620 1137 nomen
664 1089 924 1135 Graecum.
997 1085 1201 1134 Grando
1238 1084 1485 1147 appellata
1522 1083 1658 1146 quod
1696 1083 1851 1130 forma
1876 1094 1906 1144 5

107 1175 210 1222 eius
246 1188 506 1235 granorum
545 1168 915 1219 similitudinem
947 1167 1139 1215 habeat.
1217 1167 1359 1214 Haec
1391 1174 1557 1214 autem
1590 1173 1847 1213 ventorum

108 1254 263 1318 rigore
288 1255 524 1302 durantur
549 1252 598 1300 in
625 1251 770 1310 nube,
798 1266 856 1298 ac
887 1250 1159 1298 solidantur
1184 1246 1234 1295 in
1261 1249 1438 1307 nivem,
1468 1256 1714 1310 ruptoque
1739 1263 1850 1296 aere

108 1338 374 1385 solvuntur.
450 1334 547 1384 Nix
571 1352 600 1382 a
624 1333 771 1392 nube,
800 1332 934 1380 unde
967 1330 1130 1390 venit3
1170 1339 1217 1378 et
1241 1329 1419 1392 glacies
1443 1346 1472 1378 a
1496 1330 1605 1392 gelu
1634 1338 1681 1378 et
1706 1345 1848 1392 aqua,
1877 1333 1911 1379 6

13 1463 16 1466 ,
36 1419 80 1481 δ5
109 1418 247 1482 quasi
273 1419 536 1481 gelaquies,
555 1416 605 1466 id
627 1425 698 1465 est
717 1417 876 1478 gelata
901 1430 1043 1477 aqua.
1117 1413 1270 1461 Gelus
1291 1420 1456 1461 autem
1478 1412 1614 1475 quod
1634 1427 1693 1460 eo
1714 1412 1852 1459 strin-
1876 1425 1904 1475 7

108 1510 246 1564 gatur
270 1502 412 1549 tellus
431 1515 443 1558 ς
480 1503 542 1566 γῆ
563 1499 746 1562 quippe
771 1506 896 1546 terra
916 1495 1106 1545 dicitur.
1180 1497 1325 1542 Tunc
1350 1503 1515 1542 autem
1542 1493 1714 1542 maiori
1738 1495 1850 1556 gelu

108 1582 354 1646 stringitur
370 1592 507 1643 terra,
527 1598 641 1630 cum
660 1579 801 1628 fuerit
822 1596 919 1627 nox
937 1595 1120 1627 serena.
1186 1576 1366 1625 Pruina
1386 1585 1459 1625 est
1479 1575 1705 1625 matutini
1731 1584 1851 1625 tem-
1874 1577 1903 1623 8

110 1665 239 1727 poris
257 1665 418 1728 frigus,
431 1680 557 1727 quae
579 1663 695 1711 inde
716 1660 889 1726 pruina
905 1677 1090 1709 nomen
1108 1659 1298 1724 accepit
1318 1658 1433 1721 quia
1450 1658 1575 1707 sicut
1595 1658 1718 1722 ignis
1735 1660 1828 1706 urit
1839 1675 1849 1716 ;

110 1751 199 1811 πῦρ
220 1746 352 1796 enim
378 1746 515 1810 ignis.
589 1748 740 1793 Vrere
761 1745 892 1792 enim
921 1751 968 1791 et
993 1744 1057 1791 ad
1088 1741 1235 1805 frigus
1263 1750 1309 1790 et
1335 1742 1399 1789 ad
1425 1742 1579 1789 solem
1608 1741 1847 1804 pertinet;

34 1846 86 1876 20
108 1846 220 1877 nam
249 1845 348 1876 uno
374 1843 598 1877 sermone
624 1828 724 1876 duo
751 1826 940 1873 diversa
966 1823 1310 1887 significantur,
1334 1840 1422 1886 pro
1448 1839 1507 1872 eo
1533 1825 1668 1885 quod
1695 1840 1848 1871 unum

109 1912 337 1959 effectum
356 1909 554 1958 habent.
629 1906 809 1958 Similis
827 1906 958 1955 enim
979 1906 1049 1955 vis
1068 1916 1140 1955 est
1160 1915 1207 1955 et
1227 1904 1400 1954 caloris
1421 1914 1468 1954 et
1492 1905 1692 1968 frigoris,
1716 1907 1850 1954 unde

108 2001 155 2041 et
188 2002 393 2055 utraque
425 2009 537 2041 saxa
570 1999 817 2055 rumpunt.
892 1991 1022 2037 Nam
1054 1990 1186 2037 calor
1218 1987 1330 2047 urit,
1365 1996 1416 2036 ut
1447 1996 1519 2035 est
1547 1987 1699 2050 (Virg.
1720 1990 1844 2036 Aen.

107 2091 150 2134 4,
172 2072 255 2137 68)
277 2093 286 2122 :

696 2156 863 2204 Vritur
899 2154 1066 2203 infelix
1104 2152 1253 2201 Dido.

35 2268 80 2310 ²5
110 2240 235 2287 Item
264 2237 411 2300 frigus
438 2236 546 2294 urit,
573 2245 625 2285 ut
651 2247 722 2286 est
750 2237 903 2303 (Virg.
922 2238 1101 2299 Georg.
1123 2253 1162 2294 1,
1185 2232 1298 2299 93):

441 2321 542 2367 Aut
580 2319 759 2369 boreae
796 2318 1098 2384 penetrabile
1135 2317 1282 2379 frigus
1319 2317 1504 2364 adurat.

165 2464 180 2488 1
206 2457 317 2495 terra
335 2449 380 2487 K
487 2464 512 2488 2
533 2463 819 2500 quaecumque
836 2450 903 2488 alt.
924 2447 970 2488 C¹
1079 2461 1102 2496 3
1124 2447 1421 2496 eonprehense
1447 2444 1483 2481 T
1559 2445 1781 2483 stellantur
1796 2446 1851 2483 Β1

107 2512 244 2544 terras
267 2506 302 2544 C
411 2504 596 2554 Lymbus
618 2505 662 2542 K
771 2519 794 2554 4
825 2504 867 2542 in
885 2508 1139 2552 tempestate
1167 2508 1209 2540 et
1237 2502 1274 2539 T
1370 2499 1509 2537 nimbo
1531 2513 1554 2538 a
1576 2500 1620 2536 K
1639 2515 1646 2538 :
1677 2501 1805 2538 nimbi
1826 2515 1849 2539 a

106 2560 146 2598 B
274 2571 298 2608 5
329 2572 424 2597 nam
445 2572 529 2599 om.
555 2559 589 2597 C
713 2562 739 2598 6
768 2559 904 2597 lentes
929 2558 1004 2596 C1:
1035 2557 1231 2606 limpidas
1254 2555 1337 2593 ΚΟ
1357 2553 1480 2592 Plu'll.
1609 2569 1675 2604 qu.
1703 2555 1851 2593 fluvias

43 2656 45 2659 ,
109 2628 176 2664 qu.
202 2615 335 2664 ssuges
354 2613 409 2651 B¹
432 2614 534 2665 (non
554 2612 617 2665 X)
638 2628 646 2652 :
676 2627 757 2653 om.
779 2613 864 2652 ΚΟ
882 2613 1005 2652 Phill.
1123 2625 1143 2660 7
1176 2611 1276 2649 dicti
1299 2609 1334 2647 C
1440 2608 1483 2659 a]
1506 2614 1645 2647 autem
1669 2610 1736 2648 B:
1764 2623 1847 2649 om.

39 2665 49 2707 ’5.
117 2669 173 2708 T:
202 2674 341 2722 autem
363 2682 386 2707 a
404 2667 438 2706 C
574 2669 599 2706 8
629 2668 838 2707 inebriant
857 2667 902 2705 K
1064 2680 1090 2716 9
1119 2679 1188 2705 un.
1215 2666 1334 2705 Lucr.
1358 2665 1398 2702 Β
1567 2677 1616 2702 10
1646 2664 1744 2713 igne
1763 2663 1851 2701 ΒΚ

110 2724 241 2762 imbre
262 2723 306 2760 K
419 2735 461 2759 11
496 2728 560 2761 est
581 2752 591 2762 .
615 2751 625 2761 .
650 2752 659 2762 .
685 2722 808 2762 Grae.
823 2727 919 2774 post
938 2721 1148 2771 appellata
1170 2723 1207 2767 (ξ
1223 2722 1264 2770 5)
1291 2719 1327 2757 T
1437 2733 1483 2769 13
1514 2732 1611 2757 aere
1628 2718 1848 2757 solvantur

109 2776 164 2815 Β1
307 2789 354 2826 15
385 2790 454 2826 qu.
477 2777 667 2827 glaquies
695 2777 751 2815 T:
781 2790 851 2827 qu.
875 2776 1060 2826 gelacies
1077 2774 1202 2813 BCK
1309 2774 1475 2822 gelatae
1499 2774 1595 2824 (-te)
1618 2786 1754 2822 aquae
1775 2772 1855 2811 CT

111 2831 273 2883 autem]
290 2832 401 2870 enim
423 2832 458 2871 C
595 2833 644 2869 16
671 2831 747 2883 γῆ]
769 2832 894 2871 tellus
919 2830 1016 2870 C1T
1120 2828 1298 2880 quippe]
1321 2829 1432 2867 enirn
1453 2828 1495 2866 Β
1605 2828 1685 2866 dic.
1710 2833 1784 2865 ter.
1815 2826 1851 2865 C

114 2899 159 2935 17
190 2886 420 2936 stringetur
439 2886 480 2924 Β
591 2885 675 2937 est]
695 2893 832 2925 autem
856 2886 891 2924 C
998 2885 1148 2924 maturi
1169 2884 1210 2921 Β
1334 2886 1382 2922 18
1411 2882 1537 2934 quae]
1561 2882 1630 2931 qui
1652 2881 1694 2918 Β
1712 2896 1720 2920 :
1751 2882 1848 2931 quia

112 2941 161 2980 C1
295 2954 344 2991 19
373 2940 466 2992 πῦρ]
488 2941 579 2992 piro
599 2940 711 2980 codd.
823 2939 976 2992 solem]
996 2940 1137 2989 ignem
1158 2938 1215 2975 Β1
1337 2951 1386 2977 21
1418 2939 1612 2976 affectum
1643 2935 1680 2973 T
1783 2943 1847 2975 est

110 3001 154 3034 ut
174 2995 249 3036 cal,
278 2995 315 3034 T
438 3008 490 3033 22
520 3002 564 3035 ut
580 3002 645 3034 est
665 2995 765 3033 illud
787 2995 824 3032 Β
963 3008 1015 3044 24
1046 2995 1180 3033 oritur
1202 2993 1247 3031 C¹
1386 3006 1437 3042 25
1467 2992 1548 3030 urit
1569 2996 1612 3029 ut
1633 2996 1676 3028 ut
1697 2991 1784 3029 bor.
1816 2990 1854 3031 T

113 3051 164 3088 26
192 3050 366 3088 adaurat
393 3049 448 3088 T:
480 3050 615 3088 adurit
637 3049 683 3087 K

178 3130 277 3167 1182
310 3140 342 3167 11
961 3129 991 3161 G
