2176 3424
1052 108 1322 157 ISIDORI

311 227 382 274 Hi
423 238 536 277 sunt
579 231 691 292 tori,
723 232 773 280 id
812 242 884 281 est
917 235 1158 284 musculi:
1197 245 1245 285 et
1276 238 1396 286 dicti
1428 239 1534 300 tori,
1574 244 1711 303 quod
1743 243 1839 291 illic
1875 245 2060 294 viscera

213 317 284 375 64
309 317 436 358 torta
461 310 732 362 videantur.
808 314 1050 365 Cubitum
1067 318 1270 379 dictum,
1300 322 1436 382 quod
1462 322 1525 369 ad
1546 322 1684 371 cibos
1711 327 1980 375 sumendos
2006 326 2056 374 in

310 392 418 454 ipso
444 393 700 443 cubamus.
772 397 903 445 Vlna
929 400 1205 447 secundum
1231 403 1475 463 quosdam
1502 402 1756 467 utriusque
1782 423 1956 456 manus
1981 426 2057 457 ex-

309 472 470 521 tensio
495 484 582 535 est,
606 478 880 526 secundum
907 478 1029 527 alios
1047 480 1242 529 cubitus
1262 500 1274 541 3
1311 485 1446 545 quod
1465 483 1618 547 magis
1637 502 1806 534 verum
1832 497 1917 547 est,
1941 489 2056 552 quia

215 561 283 621 65
308 555 497 604 Graece
515 558 683 609 ὤλενος
708 558 905 608 cubitus
931 560 1121 609 dicitur.
1175 564 1299 611 Alae
1316 563 1613 614 subbrachia
1629 576 1742 615 sunt
1766 571 2054 631 appellatae,
2077 590 2101 629 5

311 652 371 684 eo
398 639 535 699 quod
561 655 620 686 ex
647 639 716 688 eis
751 639 801 687 in
833 642 1039 690 modum
1066 645 1252 692 alarum
1286 653 1450 693 motus
1482 646 1796 696 brachiorum
1823 649 2025 700 inchoet
2044 670 2057 711 3

305 734 427 780 quas
454 718 658 782 quidam
683 721 874 770 ascillas
901 734 1093 784 vocant,
1123 726 1259 788 quod
1288 742 1346 774 ex
1380 725 1454 774 his
1484 726 1684 777 brachia
1720 732 1976 791 celluntur,
2005 734 2054 780 id

305 810 378 849 est
399 811 661 850 moventur
672 821 684 862 3
724 804 858 852 unde
879 813 926 852 et
947 805 1118 854 oscilla
1137 805 1269 855 dicta
1285 807 1349 855 ab
1366 824 1427 856 eo
1444 810 1579 870 quod
1600 808 1673 857 his
1695 810 1935 871 cillantur,
1958 814 2054 862 hoc

304 890 378 930 est
399 892 703 943 moveantur,
728 900 824 932 ora.
890 887 1020 934 Nam
1039 888 1201 935 cillere
1221 897 1294 935 est
1311 905 1522 938 movere.
1597 893 1707 940 Has
1724 892 1926 955 quidam
1944 895 2055 943 sub-

305 964 467 1012 hircos
493 974 686 1024 vocant‚
714 974 913 1029 propter
942 969 1077 1030 quod
1117 967 1166 1015 in
1204 970 1450 1033 plerisque
1487 971 1773 1022 hominibus
1807 976 2052 1024 hircorum
2081 993 2130 1023 10

203 1050 277 1096 66
305 1045 546 1094 foetorem
589 1047 813 1095 reddant.
905 1051 1087 1098 Manus
1137 1051 1281 1111 dicta,
1334 1053 1470 1115 quod
1516 1052 1576 1101 sit
1635 1054 1783 1104 totius
1835 1059 2053 1120 corporis

304 1142 500 1175 munus.
574 1129 689 1190 Ipsa
724 1129 857 1177 enim
884 1129 1052 1179 cibum
1080 1132 1151 1180 ori
1180 1131 1420 1182 ministrat
1443 1153 1455 1194 3
1490 1134 1594 1197 ipsa
1632 1148 1862 1197 operatur
1887 1140 2054 1188 omnia

301 1217 451 1271 atque
478 1208 731 1272 dispensat
750 1229 762 1270 3
798 1228 884 1274 per
909 1230 1017 1261 eam
1038 1213 1307 1277 accipimus
1328 1224 1375 1264 et
1396 1216 1584 1266 damus.
1648 1219 1869 1269 Abusive
1887 1230 2052 1269 autem

305 1307 479 1338 manus
518 1291 666 1343 etiam
710 1313 785 1345 ars
825 1298 900 1345 vel
938 1297 1123 1354 artifex,
1166 1297 1300 1344 unde
1340 1306 1387 1345 et
1428 1299 1789 1362 manupretium
1826 1301 2051 1351 dicimus.

207 1376 272 1436 67
303 1373 487 1421 Dextra
506 1385 707 1424 vocatur
732 1394 760 1425 a
786 1379 968 1437 dando,
991 1378 1096 1439 ipsa
1113 1376 1245 1425 enim
1271 1377 1448 1440 pignus
1465 1379 1598 1442 pacis
1619 1382 1761 1429 datur
1780 1401 1791 1441 3
1817 1382 1922 1446 ipsa
1939 1384 2052 1432 fidei
2081 1404 2126 1445 ¹5

302 1453 439 1502 testis
465 1464 614 1518 atque
646 1459 815 1507 salutis
850 1458 1115 1508 adhibetur
1132 1476 1144 1518 3
1199 1467 1246 1506 et
1276 1460 1372 1507 hoc
1402 1469 1474 1508 est
1512 1460 1632 1510 illud
1665 1465 1798 1526 apud
1832 1464 2050 1513 Tullium

303 1537 433 1599 (Cat.
459 1554 500 1599 3,
523 1538 603 1602 8):
646 1540 852 1589 ‘Fidem
896 1539 1148 1605 publicam
1189 1539 1322 1588 iussu
1362 1551 1559 1590 senatus
1598 1543 1745 1605 dedi‚'
1782 1546 1832 1594 id
1867 1555 1939 1594 est
1973 1548 2053 1596 de-

306 1627 475 1666 xtram.
551 1622 698 1669 Vnde
733 1631 780 1670 et
819 1623 1090 1686 Apostolus
1119 1619 1321 1686 [(Galat.
1348 1640 1389 1683 2,
1411 1621 1488 1686 9):
1531 1626 1770 1674 ‘Dextras
1808 1627 2051 1676 dederunt

209 1704 277 1750 68
304 1698 482 1765 mihis]
535 1701 746 1751 Sinixtra
770 1713 935 1752 autem
955 1711 1127 1751 vocata
1154 1702 1292 1765 quasi
1319 1703 1424 1752 sine
1450 1706 1634 1765 dextra,
1663 1706 1764 1756 sive
1785 1710 1921 1770 quod
1947 1725 2049 1758 rem

200 1788 273 1845 69
300 1781 402 1830 fieri
437 1781 576 1830 sinat.
651 1787 695 1832 A
737 1785 948 1834 sinendo
981 1783 1112 1833 enim
1151 1783 1349 1832 sinixtra
1391 1795 1464 1834 est
1506 1798 1804 1851 nuncupata.
1880 1791 2049 1838 Palma
2075 1809 2129 1840 20

299 1872 371 1911 est
412 1880 588 1912 manus
628 1867 854 1929 expansis
889 1865 1066 1930 digitis,
1103 1865 1228 1914 sicut
1265 1868 1527 1916 contractis
1567 1887 1774 1933 pugnus.
1850 1874 2049 1935 Pugnus
2170 1862 2176 1867 ’

300 1954 467 1994 autem
495 1962 523 1994 a
548 1947 734 2011 pugillo
772 1948 948 2008 dictus,
979 1949 1104 1996 sicut
1130 1948 1294 2010 palma
1318 1949 1381 1996 ab
1415 1951 1641 2012 expansis
1667 1953 1861 2015 palmae
1886 1954 2044 2002 ramis.

207 2035 275 2084 70
306 2027 458 2091 Digiti
485 2030 771 2093 nuncupati,
800 2032 876 2078 vel
904 2029 1018 2092 quia
1044 2030 1218 2077 decem
1246 2039 1372 2089 sunt,
1395 2032 1468 2078 vel
1497 2031 1611 2093 quia
1637 2034 1870 2082 decenter
1895 2034 2047 2084 iuncti
2166 2035 2176 2082 l

299 2110 526 2159 existunt.
621 2113 751 2160 Nam
793 2111 978 2160 habent
1022 2111 1072 2158 in
1112 2127 1163 2159 se
1204 2120 1251 2158 et
1285 2128 1544 2160 numerum
1583 2115 1852 2176 perfectum
1892 2126 1940 2164 et
1977 2133 2047 2164 or-

356 2255 373 2281 1
408 2243 581 2281 masculi
597 2242 691 2280 BC1
777 2242 911 2294 quod]
932 2243 1030 2292 quia
1045 2241 1127 2279 KC
1217 2255 1240 2280 2
1272 2243 1471 2281 videntur
1487 2242 1522 2280 C
1601 2244 1758 2282 dictum
1781 2258 1862 2285 om.
1884 2245 2044 2297 K(non
2124 2295 2126 2298 y

261 2289 265 2293 ¹
297 2297 358 2347 D)
445 2297 578 2349 quod]
601 2297 698 2347 quia
723 2296 801 2335 CK
819 2299 921 2348 (non
944 2297 1007 2348 D)
1122 2310 1146 2346 3
1178 2298 1295 2347 ipsos
1319 2296 1397 2334 CK
1479 2310 1561 2336 sec.
1585 2311 1690 2347 quos
1719 2298 1772 2337 T1
1874 2311 1898 2348 5
1928 2302 2044 2351 greci

296 2351 343 2390 K
422 2352 566 2391 dicunt
587 2351 633 2390 K
652 2355 754 2402 (non
774 2351 837 2401 D)
924 2365 1022 2402 app.
1039 2352 1131 2391 alae
1153 2365 1202 2390 eo
1223 2352 1269 2390 K
1287 2365 1296 2390 τ
1326 2352 1541 2402 appellata
1561 2365 1612 2391 eo
1637 2352 1689 2390 Τι
1793 2355 1820 2392 6
1849 2367 1905 2393 ex
1924 2356 1992 2395 his
2015 2355 2053 2394 T

295 2407 466 2445 inchoat
489 2406 525 2445 C
633 2419 655 2455 7
685 2407 837 2446 ascilas
859 2405 908 2443 Tl
928 2421 936 2445 :
966 2406 1203 2446 ascellasK
1282 2407 1418 2456 quod]
1441 2420 1492 2445 eo
1513 2408 1628 2457 quod
1649 2407 1714 2446 B:
1746 2410 1842 2457 quia
1861 2411 1926 2457 (ex
1938 2412 2041 2459 qua)

299 2461 334 2499 C
440 2474 495 2499 ex
516 2461 578 2500 eis
600 2461 646 2498 K
827 2463 853 2499 8
883 2461 1026 2501 ascilla
1041 2461 1142 2501 BT:
1174 2462 1352 2501 ascellas
1372 2461 1418 2499 K
1526 2463 1658 2501 dictas
1679 2476 1728 2501 eo
1745 2462 1791 2500 K
1897 2463 1965 2503 his
1982 2465 2039 2516 c.]

294 2515 514 2555 scillantur
543 2515 597 2554 T:
629 2517 893 2555 excellantur
915 2516 970 2553 Bl
993 2521 1041 2555 ut
1057 2516 1138 2555 vid.
1156 2516 1202 2553 K
1217 2530 1225 2554 :
1255 2517 1501 2555 oscillantur
1521 2516 1662 2556 CB2X
1842 2518 1920 2557 hoc
1945 2518 2040 2558 CT:

295 2571 337 2608 id
358 2569 447 2608 ΒΚ
553 2584 580 2620 9
611 2577 839 2610 moventur
869 2570 906 2608 T
1011 2584 1086 2610 ora
1105 2585 1189 2611 om.
1209 2570 1254 2608 K
1361 2571 1516 2610 cellere
1535 2570 1582 2608 K
1717 2584 1766 2610 10
1795 2573 1927 2625 quod]
1944 2573 2040 2623 quia

297 2624 351 2662 Cl
486 2637 532 2663 11
566 2626 749 2664 reddunt
773 2625 807 2663 C
932 2639 979 2664 12
1012 2625 1117 2678 mu.]
1140 2639 1290 2664 manus
1315 2625 1351 2662 T
1453 2626 1516 2664 ori
1538 2625 1618 2664 cib.
1646 2625 1682 2663 C
1786 2640 1854 2677 op.
1876 2640 1958 2667 om.
1983 2627 2038 2667 T:

294 2681 405 2718 enim
430 2693 499 2730 op.
520 2693 603 2718 om.
626 2679 671 2717 K
794 2693 843 2729 13
873 2681 984 2732 acc.]
1009 2693 1236 2730 operamur
1256 2681 1295 2718 Β
1411 2693 1458 2730 14
1489 2693 1641 2720 munus
1662 2693 1726 2731 pr.
1747 2680 1793 2718 K
1813 2682 1880 2732 (ex
1898 2683 2008 2731 mn-)
2030 2697 2039 2721 ε

294 2734 582 2784 manusprss
667 2747 712 2784 17
745 2734 885 2774 iussus
913 2734 1010 2774 TB:
1041 2735 1142 2776 iussi
1166 2734 1218 2774 C¹
1308 2735 1358 2773 18
1389 2736 1502 2774 unde
1523 2741 1566 2774 et
1586 2764 1596 2774 .
1617 2764 1627 2774 .
1644 2765 1654 2775 .
1679 2736 1776 2774 ded.
1792 2736 1894 2774 mihi
1923 2735 2044 2774 TUX

291 2789 406 2829 Mon.
427 2803 436 2830 :
469 2789 582 2828 unde
603 2794 647 2828 et
666 2790 885 2838 apostolus
905 2788 1109 2828 BCDFK
1306 2789 1479 2828 iacobus
1499 2795 1540 2828 et
1561 2790 1767 2829 iohannes
1789 2790 1828 2829 d.
1845 2791 1884 2830 d.
1901 2803 1953 2829 m.
1980 2790 2019 2829 T
2026 2790 2038 2814 ¹

293 2844 408 2895 (add.
433 2850 476 2883 et
502 2844 690 2882 barnabe
720 2844 938 2883 societatis
972 2844 1048 2885 T2l
1071 2859 1081 2884 τ
1110 2845 1149 2884 d.
1165 2846 1276 2884 d.m.
1299 2850 1343 2883 et
1366 2844 1553 2883 barnabe
1576 2844 1792 2882 societatis
1818 2842 1904 2882 ΠΧ
1920 2843 2036 2886 Mon.

295 2911 344 2946 19
387 2898 526 2937 Laeva
551 2898 664 2948 quod
692 2899 829 2949 aptior
858 2899 912 2938 sit
942 2900 994 2938 ad
1022 2899 1248 2938 levandum
1281 2903 1397 2945 (ante
1426 2898 1536 2949 Sin.)
1565 2898 1659 2939 hab.
1693 2897 1909 2937 GUXT²=
1949 2911 2032 2939 om.

291 2951 469 2990 ΒΟΚΤ1
487 2953 554 3004 (cf
574 2955 681 3005 §90)
761 2966 848 2992 rem
863 2968 947 2993 om.
965 2953 1011 2991 K
1091 2966 1145 2993 20
1173 2953 1306 3004 enim]
1323 2959 1464 2992 autem
1484 2952 1519 2991 C
1587 2965 1711 2993 nunc.
1727 2957 1792 2991 est
1811 2951 1846 2990 C
1852 2951 1956 3002 (non
1971 2951 2036 2993 Di

293 3019 341 3045 21
378 3020 444 3046 co.
468 3020 660 3057 pugnum
688 3006 726 3045 T
853 3021 906 3046 22
942 3009 994 3046 ab
1026 3008 1196 3058 spansis
1222 3006 1302 3046 BC
1315 3021 1324 3047 :
1367 3007 1589 3057 adspansis
1627 3006 1683 3047 T:
1722 3008 1774 3046 ab
1809 3007 1955 3057 pansis
1993 3006 2041 3054 K

293 3074 343 3110 23
374 3063 471 3111 quia
490 3062 669 3114 (prius)]
691 3063 804 3112 quod
827 3062 873 3100 K
