2228 3444
464 197 1098 246 ETYMOLOGIARVM
1140 200 1265 248 LIB.
1309 202 1376 248 II.
1417 200 1476 260 ix,
1509 219 1537 248 x

124 318 338 379 batione,
359 318 499 368 tertia
523 321 884 382 adsumptione,
913 331 1086 383 quarta
1111 322 1215 371 eius
1241 323 1546 386 probatione,
1574 325 1746 388 quinta
1764 344 1878 376 con-

126 403 361 453 clusione.
419 403 576 450 Hunc
593 401 770 452 Cicero
787 401 855 451 ita
869 402 985 451 facit
1002 405 1052 451 in
1067 414 1171 453 arte
1188 405 1459 455 Rhetorica
1480 405 1564 470 (de
1579 409 1686 456 Inv.
1708 426 1746 468 r,
1764 427 1783 457 1
1796 410 1845 475 2)
1864 430 1872 458 ε

127 487 137 508 ‘
158 483 208 531 Si
229 483 518 540 deliberatio
545 492 593 532 et
618 485 975 534 demonstratio
1000 502 1180 549 genera
1205 496 1319 536 sunt
1345 504 1617 549 causarum,
1646 507 1747 539 non
1765 508 1873 554 pos-

124 574 237 613 sunt
252 574 383 614 recte
402 574 564 629 partes
584 567 789 615 alicuius
805 567 996 630 generis
1014 584 1191 617 causae
1215 571 1389 632 putari.
1431 571 1622 619 Eadem
1644 571 1775 620 enim
1797 591 1871 622 res

76 668 97 706 5
123 646 203 694 alii
223 664 392 710 genus,
413 649 492 696 alii
518 665 628 710 pars
649 664 756 698 esse
777 658 939 712 potest
957 667 971 710 3
1005 649 1167 699 eidem
1185 668 1340 714 genus
1361 660 1409 700 et
1428 669 1539 715 pars
1559 669 1661 701 non
1681 657 1872 717 potest,'

124 729 198 776 vel
219 738 394 787 cetera,
425 746 686 793 quousque
713 729 980 794 syllogismi
1006 731 1152 780 huius
1179 734 1401 782 membra
1428 735 1734 784 claudantur.

259 813 343 858 DE
370 826 516 859 LEGE.
592 813 694 860 Lex
719 821 792 861 est
812 812 1101 862 constitutio
1127 814 1311 878 populi,
1341 831 1489 878 quam
1520 818 1728 865 maiores
1754 826 1871 865 natu
1898 827 1938 865 X

123 908 234 940 cum
257 892 485 955 plebibus
512 893 807 943 sancierunt.
866 896 995 943 Nam
1018 899 1155 958 quod
1182 899 1290 946 Rex
1308 900 1386 946 vel
1413 900 1689 962 Imperator
1708 899 1871 959 edicit,

122 977 410 1024 constitutio
429 978 505 1025 vel
521 976 741 1025 edictum
762 986 979 1026 vocatur.
1031 978 1285 1028 Institutio
1304 980 1566 1042 aequitatis
1587 982 1769 1044 duplex
1785 992 1871 1041 est,

51 1074 100 1102 10
123 1073 256 1105 nunc
281 1056 330 1104 in
357 1057 560 1120 legibus,
590 1075 722 1106 nunc
749 1058 799 1106 in
825 1059 1060 1108 moribus.
1125 1062 1259 1109 Inter
1279 1062 1437 1124 legem
1458 1070 1621 1110 autem
1646 1071 1693 1110 et
1713 1079 1873 1111 mores

122 1140 216 1186 hoc
242 1137 454 1199 interest,
484 1142 621 1203 quod
647 1142 723 1190 lex
749 1140 928 1204 scripta
948 1151 1036 1202 est,
1059 1159 1164 1191 mos
1181 1159 1296 1191 vero
1318 1151 1390 1191 est
1407 1152 1647 1192 vetustate
1667 1145 1875 1207 probata

122 1222 448 1280 consuetudo,
477 1221 578 1270 sive
612 1224 689 1271 lex
719 1239 820 1271 non
855 1223 1049 1286 scripta.
1123 1226 1254 1272 Nam
1281 1226 1358 1272 lex
1387 1242 1417 1272 a
1441 1227 1654 1288 legendo
1683 1236 1870 1286 vocata,

122 1301 237 1364 quia
262 1301 441 1365 scripta
466 1313 552 1352 est.
609 1306 727 1353 Mos
748 1314 914 1353 autem
940 1307 1088 1369 longa
1116 1308 1427 1355 consuetudo
1454 1317 1540 1367 est,
1569 1310 1632 1356 de
1654 1308 1872 1357 moribus
1897 1325 1927 1359 2

120 1392 273 1431 tracta
298 1386 607 1433 tantundem.
683 1387 1010 1435 Consuetudo
1036 1397 1201 1437 autem
1237 1398 1310 1437 est
1340 1388 1414 1437 ius
1451 1391 1705 1452 quoddam
1733 1390 1874 1438 mori-

48 1483 96 1523 15
122 1465 215 1514 bus
248 1465 543 1527 institutum,
573 1470 710 1531 quod
741 1485 830 1531 pro
856 1470 962 1531 lege
990 1469 1264 1532 suscipitur,
1295 1487 1408 1518 cum
1443 1470 1611 1519 deficit
1644 1473 1720 1520 lex
1738 1490 1751 1533 3
1781 1488 1873 1520 nec

119 1548 282 1598 differt
305 1547 543 1612 scriptura
567 1566 630 1598 an
656 1550 847 1600 ratione
872 1551 1123 1611 consistat,
1147 1553 1349 1615 quando
1370 1562 1418 1601 et
1438 1554 1595 1616 legem
1618 1553 1741 1602 ratio
1761 1571 1874 1603 con-

121 1634 338 1682 mendet.
412 1635 563 1680 Porro
589 1631 629 1680 si
655 1632 843 1681 ratione
869 1635 945 1681 lex
971 1633 1221 1694 consistat,
1245 1636 1322 1683 lex
1341 1634 1430 1683 erit
1449 1652 1598 1684 omne
1619 1635 1715 1684 iam
1737 1638 1873 1699 quod
1899 1653 1928 1700 3

121 1714 309 1764 ratione
329 1714 617 1774 constiterit,
636 1716 893 1764 dumtaxat
914 1717 1050 1778 quod
1067 1717 1290 1779 religioni
1307 1726 1558 1780 congruat,
1578 1720 1715 1780 quod
1733 1718 1874 1767 disci-

122 1796 286 1858 plinae
313 1795 588 1856 conveniat,
615 1798 753 1859 quod
779 1797 923 1846 saluti
948 1797 1186 1860 proficiat.
1260 1801 1453 1847 Vocata
1476 1809 1643 1848 autem
1669 1817 1872 1849 consue-

48 1891 97 1918 20
121 1879 256 1937 tudo,
277 1878 393 1941 quia
417 1877 468 1926 in
495 1877 749 1926 communi
776 1888 848 1927 est
874 1895 980 1927 usu.
1046 1879 1224 1928 Omnis
1249 1889 1414 1928 autem
1436 1882 1514 1929 lex
1532 1890 1616 1930 aut
1635 1882 1871 1944 permittit
1894 1899 1926 1946 4

120 1959 323 2022 aliquid,
347 1970 401 2008 ut
427 1959 524 2008 ‘vir
545 1959 682 2008 fortis
709 1960 1155 2024 petatpraemium'
1180 1980 1189 2009 ε
1231 1970 1315 2010 aut
1350 1971 1496 2022 vetat,
1525 1972 1578 2011 ut
1598 1967 1609 1988 ‘
1626 1980 1868 2013 sacrarum

119 2041 362 2106 virginum
387 2041 584 2105 nuptias
611 2042 731 2090 nulli
751 2052 918 2106 petere
937 2043 1107 2091 liceat'
1128 2063 1136 2091 :
1175 2053 1259 2092 aut
1278 2044 1434 2107 punit,
1458 2054 1511 2093 ut
1535 2044 1645 2108 ‘qui
1665 2048 1871 2095 caedem

119 2123 301 2184 fecerit,
328 2123 489 2187 capite
522 2125 793 2186 plectatur.'
879 2127 1058 2173 Factae
1096 2134 1210 2173 sunt
1239 2134 1403 2173 autem
1439 2127 1584 2189 leges,
1618 2136 1671 2175 ut
1704 2144 1869 2176 earum
1894 2142 1924 2191 5

120 2215 255 2254 metu
286 2207 504 2254 humana
541 2207 861 2255 coherceatur
893 2205 1113 2265 audacia,
1148 2215 1352 2270 tutaque
1383 2207 1443 2256 sit
1476 2209 1601 2257 inter
1635 2211 1870 2272 inprobos

45 2307 93 2347 25
119 2287 416 2346 innocentia,
453 2295 501 2336 et
536 2287 585 2334 in
615 2287 732 2350 ipsis
770 2286 991 2350 inprobis
1025 2287 1290 2337 formidato
1324 2289 1566 2353 supplicio
1605 2291 1872 2338 refrenetur

119 2369 334 2419 nocendi
359 2371 577 2418 facultas.
633 2368 778 2432 Legis
799 2369 931 2418 enim
953 2369 1173 2432 praemio
1192 2380 1276 2419 aut
1292 2388 1453 2434 poena
1471 2373 1568 2420 vita
1588 2373 1872 2421 moderatur

175 2510 200 2546 3
231 2495 286 2548 si]
307 2496 396 2535 sive
420 2495 471 2534 Cl
601 2509 627 2544 4
657 2501 771 2534 recta
792 2495 838 2533 K
966 2509 1078 2536 caus.
1102 2496 1193 2536 alic.
1216 2510 1314 2546 gen.
1336 2498 1382 2536 K
1517 2513 1541 2549 5
1573 2499 1626 2538 ali
1647 2513 1782 2549 genus
1812 2500 1871 2538 T:

120 2551 187 2590 alii
208 2551 381 2600 generis
405 2550 455 2589 Cl
568 2550 706 2588 eidem
729 2581 738 2590 .
764 2579 774 2589 .
800 2580 809 2590 .
831 2563 916 2589 non
945 2556 1088 2600 potest
1108 2564 1191 2591 om.
1217 2552 1266 2591 C1
1391 2553 1501 2592 idem
1523 2554 1611 2592 ΒΚ
1749 2557 1775 2592 6
1803 2555 1869 2593 vel

120 2605 200 2644 BC
206 2605 243 2644 T
254 2620 263 2644 ε
291 2611 334 2644 et
354 2605 399 2643 K
583 2603 789 2655 membra]
810 2605 939 2644 verba
958 2605 999 2644 Β
1023 2605 1122 2656 (non
1136 2606 1263 2646 Rern.
1288 2610 1386 2656 224)
1584 2608 1680 2659 Cap.
1706 2622 1734 2647 x
1753 2609 1874 2648 edidit

122 2660 301 2699 Kuehler
317 2660 482 2711 (Herm.
507 2671 573 2709 25,
597 2671 678 2710 505
699 2662 827 2711 sqq.)‚
850 2674 885 2710 q.
901 2673 939 2699 v.
1094 2661 1119 2698 8
1150 2661 1279 2700 edicit
1298 2661 1436 2702 BCT:
1470 2663 1611 2701 ededit
1631 2664 1676 2701 K
1822 2677 1871 2702 10

121 2721 261 2754 autem
283 2728 365 2755 om.
388 2715 435 2752 K
453 2717 555 2765 (non
570 2714 635 2764 A)
780 2727 826 2752 11
860 2715 994 2766 quod]
1017 2715 1114 2764 quia
1133 2715 1174 2752 Β
1314 2729 1403 2756 mos
1418 2730 1518 2756 vero
1531 2723 1614 2757 vet.
1639 2717 1685 2755 K
1824 2730 1870 2766 13

121 2769 238 2821 quia]
253 2782 361 2819 quae
375 2769 421 2807 K
438 2783 448 2809 τ
477 2782 560 2819 qua
579 2768 627 2807 C1
771 2782 819 2818 14
849 2775 985 2808 tracta
997 2769 1106 2821 tan.]
1128 2771 1358 2809 tractadem
1384 2771 1421 2808 T
1525 2772 1616 2811 eius
1629 2773 1809 2822 quodam
1828 2772 1874 2810 K

126 2836 172 2874 15
201 2837 278 2874 per
293 2825 430 2874 legem
453 2824 693 2874 suscepitur
708 2823 753 2862 K
917 2824 1072 2863 defecit
1092 2825 1161 2862 lex
1182 2837 1267 2863 non
1290 2826 1426 2864 defert
1446 2839 1526 2864 scr.
1549 2826 1591 2863 A
1618 2841 1626 2865 :
1670 2827 1871 2865 defecerit

121 2879 192 2917 lex
210 2892 296 2917 non
319 2879 472 2917 defecit
494 2891 574 2919 scr.
595 2877 642 2916 K
799 2879 847 2916 16
878 2879 1133 2918 conmendat
1155 2878 1234 2918 CT
1369 2893 1414 2929 17
1447 2881 1580 2919 Porro
1602 2881 1809 2919 rationem
1841 2880 1878 2918 T

121 2939 288 2972 constat
306 2932 386 2972 BC
554 2934 602 2971 18
633 2933 847 2972 dumtaxat
867 2939 939 2972 aut
959 2934 1062 2971 vitat
1083 2934 1196 2982 quod
1217 2934 1263 2971 K
1266 2934 1312 2973 C¹
1339 2935 1403 2984 (cf.
1433 2938 1451 2981 §
1471 2936 1514 2984 4)
1668 2948 1722 2974 20
1750 2934 1870 2986 quia]

121 2989 234 3036 quod
256 2987 302 3026 K
441 2988 676 3027 communis
704 2987 741 3025 T
874 2994 1015 3027 autem
1033 2987 1258 3027 ABCTU:
1292 2990 1401 3027 enim
1424 2989 1522 3027 KM
1663 2989 1872 3038 promittit

123 3041 222 3080 KM
396 3055 444 3081 21
477 3042 614 3094 vetat]
635 3043 736 3081 vitat
756 3041 803 3080 K
977 3055 1030 3080 22
1060 3042 1210 3092 puniat
1233 3042 1282 3081 Cl
1465 3056 1516 3092 23
1546 3043 1705 3095 autem]
1728 3044 1807 3082 hoc
1828 3043 1874 3082 K

123 3096 290 3148 earum]
312 3109 429 3135 erum
458 3096 511 3134 T1
678 3109 730 3146 24
760 3096 1056 3136 coherceretur
1075 3097 1121 3135 K
1284 3109 1335 3147 25
1367 3103 1412 3137 ut
1434 3103 1476 3136 et
1496 3099 1575 3146 ipS.
1600 3097 1646 3134 K
1819 3101 1871 3136 26

126 3150 253 3200 Legis
275 3182 283 3190 .
305 3181 315 3191 .
342 3182 349 3190 .
371 3151 554 3191 humana
574 3151 761 3201 infinem
786 3155 804 3200 ξ
824 3165 848 3201 4
870 3152 1101 3202 transponit
1118 3151 1297 3191 Kuebler
1311 3152 1376 3202 (cf.
1397 3152 1445 3191 V,
1472 3153 1567 3201 xlx)
