2228 3444
793 172 1200 221 PRAEFATIO
1252 169 1593 218 EDITORIS

313 305 459 353 trium
498 303 793 351 familiarum
831 303 1034 352 deducti
1072 310 1199 359 sunt,
1227 315 1384 362 pauca
1421 308 1535 346 sunt
1572 298 1885 359 disputanda.
1961 297 2071 342 Fuit

313 387 550 448 profecto,
590 384 716 433 sicut
755 386 859 447 ipse
897 383 978 431 ille
1017 381 1141 431 liber
1180 384 1329 444 quem
1372 380 1590 428 Isidorus
1631 379 1882 426 Braulioni
1922 386 2072 424 trans-

315 470 458 527 misit,
486 469 672 516 ‘codex
699 466 1080 524 inemendatus‚'
1106 463 1235 512 vitiis
1255 461 1439 526 passim
1462 462 1750 509 maculatus.
1812 459 2068 506 Variarum

314 552 446 599 enim
497 549 767 598 lectionum
812 547 1015 610 vestigia
1062 545 1271 609 plurima
1320 545 1576 602 habemus,
1621 552 1706 590 aut
1754 541 1804 589 in
1853 540 2070 603 margine

315 633 584 695 positarum
618 631 682 694 (v.
701 648 746 694 g.
774 631 915 678 VIII.
943 645 989 677 v.
1023 627 1103 692 12)
1130 637 1214 676 aut
1250 629 1298 674 in
1334 628 1441 689 ipso
1471 633 1706 672 contextu
1741 622 1805 687 (v.
1825 639 1870 685 g.
1897 623 2068 669 XVII.

316 729 388 760 111.
436 715 548 778 18);
598 729 798 762 necnon
847 711 1195 759 inchoatorum
1239 710 1476 764 locorum,
1522 723 1566 754 v.
1584 722 1629 768 g.
1669 705 1706 752 I.
1748 720 1831 763 xv,
1874 703 1959 751 ubi
2003 704 2070 749 nil

315 794 406 842 nisi
458 795 628 843 titulus
670 793 917 843 lemmatis
966 808 1036 840 DE
1081 806 1320 838 LITTERIS
1362 804 1499 836 APVD
1537 800 1918 834 GRAMMATlcos
1958 784 2071 832 exti-

314 876 430 925 tisse
463 877 689 936 videtur,
725 892 924 925 necnon
959 876 1263 931 lacunarum,
1292 870 1658 934 repetitionum,
1687 867 1821 915 mille
1854 868 2070 928 denique

314 958 559 1007 vitiorum.
624 956 922 1020 Saepissime
944 958 1087 1019 igitur
1113 953 1361 1004 dubitatio
1388 953 1540 999 oritur
1565 960 1728 998 utrum
1749 948 1978 998 confusio
1997 964 2068 1005 ea,

314 1058 441 1103 quae
478 1041 528 1088 in
573 1041 932 1103 proarchetypo
973 1047 1089 1097 erat,
1129 1036 1322 1085 Isidoro
1363 1034 1454 1097 ipsi
1491 1051 1555 1081 an
1594 1031 1782 1080 scribae
1821 1029 2070 1078 nesciocui

316 1125 375 1172 sit
412 1124 757 1183 attribuenda3
799 1139 842 1171 v.
861 1139 904 1185 g.
933 1123 984 1168 in
1021 1120 1087 1168 II.
1115 1134 1267 1167 xxix.
1300 1134 1476 1177 11-12,
1505 1114 1590 1164 ubi
1627 1113 1852 1163 decimae
1889 1112 2070 1174 speciei

314 1205 621 1254 definitionis
647 1204 698 1253 id
733 1205 1016 1267 exemplum
1052 1200 1337 1264 appositum
1372 1208 1457 1258 est,
1494 1204 1550 1244 ut
1578 1198 1625 1244 si
1653 1200 1925 1257 quaeratur
1955 1194 2076 1254 quid

312 1289 378 1335 sit
412 1289 575 1346 triens,
605 1296 714 1346 etc.,
742 1287 881 1348 quod
918 1301 1085 1333 revera
1122 1284 1418 1331 undecimae
1457 1289 1542 1338 est,
1572 1278 1868 1326 undecimae
1904 1284 2070 1323 autem

314 1368 495 1431 speciei
533 1370 815 1431 exemplum
854 1368 975 1416 illud
1013 1367 1151 1428 quod
1191 1380 1356 1412 revera
1396 1372 1470 1411 est
1509 1360 1748 1409 decimae.
1822 1356 2071 1420 Equidem

313 1452 619 1512 plerumque,
656 1449 775 1498 citra
812 1447 1083 1513 legentium
1120 1446 1514 1502 incommodum,
1544 1441 1791 1491 Isidorum
1826 1442 1987 1503 ipsum
2023 1441 2072 1486 in

313 1549 474 1581 errore
527 1534 676 1581 fuisse
732 1532 932 1580 credere
988 1529 1152 1588 malui,
1204 1538 1252 1577 et
1301 1528 1561 1575 citationes
1609 1525 1903 1586 scriptorum
1947 1521 2009 1585 (v.
2027 1538 2070 1583 g.

313 1614 548 1674 Terentii,
589 1616 652 1663 ad
692 1615 753 1660 II.
795 1628 922 1662 xxx.
968 1630 1060 1677 12⁵3
1097 1609 1327 1669 Lucretii,
1356 1610 1420 1657 ad
1457 1610 1545 1656 IX.
1582 1621 1628 1654 V.
1666 1605 1715 1668 3)
1753 1614 1801 1653 et
1838 1605 1973 1651 locos
2014 1619 2070 1650 ex

313 1696 599 1745 auctoribus
636 1712 784 1758 prave
810 1704 1066 1757 excerptos
1093 1692 1161 1757 (v.
1179 1709 1222 1755 g.
1253 1693 1318 1739 II.
1349 1706 1493 1738 xxiv.
1528 1706 1601 1748 12,
1630 1686 1715 1735 ubi
1742 1684 2070 1736 Cassiodorus

314 1779 571 1841 scripserat
622 1778 754 1826 nilzil
787 1782 1055 1839 generatur
1095 1781 1260 1822 cantra
1305 1779 1537 1819 naturam
1585 1772 1636 1817 in
1684 1770 1801 1826 vita,
1849 1766 2070 1815 Isidorus

313 1871 481 1910 autem
530 1861 665 1908 haud
715 1858 818 1908 scio
866 1875 930 1906 an
979 1859 1108 1905 male
1156 1855 1449 1904 intellexerit
1497 1851 1675 1914 invita)
1723 1849 2069 1898 inemendatos

314 1941 531 2001 exhibui,
560 1958 688 2004 quae
715 1957 828 1989 vera
855 1950 969 1988 sunt
995 1938 1045 1985 in
1071 1947 1361 2001 apparatum
1390 1936 1615 1983 criticum
1643 1932 1865 1994 relegavi.

383 2022 801 2087 Orthographiam
838 2021 986 2070 etiam
1013 2019 1341 2069 Isidorianam
1380 2031 1574 2078 semper
1608 2013 1874 2077 posthabui
1911 2013 2070 2073 legen-

314 2106 435 2153 tium
473 2106 746 2153 commodo
784 2121 947 2167 neque
989 2103 1185 2165 saepius
1232 2102 1414 2149 formas
1455 2096 1602 2146 nimis
1645 2096 1901 2144 inusitatas
1941 2094 2072 2141 velut

312 2189 527 2236 sinixtra
556 2186 666 2251 (XI.
699 2200 731 2233 Ι.
761 2188 823 2232 68
853 2185 1021 2247 ‘quasi
1048 2183 1154 2231 sine
1180 2184 1351 2231 dextra
1367 2181 1415 2245 '),
1442 2186 1674 2228 externus
1698 2178 1804 2226 dies
1831 2177 1913 2240 (V.
1942 2189 2066 2221 xxx.

318 2287 378 2316 20
422 2269 588 2331 ‘quod
631 2266 692 2315 sit
736 2275 997 2315 extraneus
1015 2264 1062 2328 ⁷),
1104 2270 1269 2326 captus
1311 2279 1400 2325 pro
1442 2270 1601 2309 cattus
1637 2258 1775 2323 (XII.
1818 2273 1870 2304 11.
1912 2259 1973 2318 38
2015 2260 2071 2304 ‘a

313 2359 516 2411 captura
532 2348 579 2412 '),
619 2349 651 2395 lc
689 2348 894 2396 barbare
931 2347 1172 2393 omissum
1212 2343 1275 2408 (v.
1293 2361 1336 2407 g.
1376 2350 1518 2390 ostem
1555 2342 1665 2388 XV.
1706 2354 1794 2387 vu.
1835 2353 1893 2397 4;
1938 2355 2072 2384 aeros

314 2434 373 2478 X.
425 2430 474 2494 2)
518 2431 596 2478 vel
639 2429 888 2478 adiectum
930 2426 993 2491 (v.
1013 2445 1056 2490 g.
1100 2428 1357 2474 honerosus
1395 2427 1456 2472 X.
1506 2421 1634 2487 117),
1676 2440 1698 2469 e
1737 2419 2067 2484 protheticum

313 2513 377 2575 (v.
396 2528 441 2574 g.
469 2527 657 2559 escarus
681 2512 801 2558 XII.
830 2525 898 2556 vl.
927 2507 1027 2571 30),
1054 2509 1077 2556 i
1106 2508 1440 2570 protheticum
1466 2503 1532 2568 (v.
1553 2521 1597 2566 g.
1627 2505 1814 2551 iscurra
1842 2501 1904 2548 X.
1937 2499 2067 2563 152),

311 2611 332 2639 e
359 2609 447 2656 pro
472 2592 487 2640 i
515 2592 579 2655 (v.
599 2609 643 2655 g.
674 2593 855 2638 arundo
879 2591 996 2639 XII.
1017 2604 1105 2637 vu.
1131 2588 1228 2652 70),
1257 2606 1278 2635 e
1302 2605 1391 2650 pro
1415 2604 1473 2635 ae
1501 2585 1564 2649 (V.
1581 2602 1630 2648 g.
1657 2591 1830 2632 mestus
1846 2586 1906 2632 X.
1938 2582 2065 2645 174),

312 2676 338 2720 l)
375 2690 464 2736 pro
502 2692 531 2722 v
570 2672 632 2737 (v.
654 2689 697 2735 g.
738 2673 907 2720 cabare
942 2671 1062 2720 XII.
1098 2686 1128 2719 1.
1167 2669 1270 2729 42),
1308 2671 1568 2716 innumera
1603 2666 1695 2715 alia
1733 2665 1979 2714 eiusmodi
2017 2665 2066 2710 in

315 2766 502 2805 textum
528 2754 706 2804 admisi
738 2753 831 2802 nisi
868 2753 1162 2801 necessitate
1195 2760 1410 2807 coactus,
1439 2759 1492 2798 ut
1525 2748 1575 2796 in
1614 2746 1901 2796 nominibus
1938 2762 2065 2792 mor-

314 2838 490 2886 borum
534 2836 586 2884 in
625 2836 708 2885 lib.
750 2835 824 2882 IV
862 2832 929 2898 (v.
949 2851 994 2897 g.
1030 2833 1284 2881 disinteria
1323 2847 1411 2879 vu.
1452 2834 1530 2893 36,
1571 2828 1674 2878 ‘dis
1713 2830 1846 2877 enim
1889 2825 2065 2876 divisio

314 2930 386 2968 est
403 2922 451 2981 ⁷).
529 2920 708 2980 Neque
733 2915 868 2965 enim
893 2914 1058 2963 habeo
1082 2930 1169 2962 cur
1193 2914 1393 2962 credam
1418 2913 1665 2961 Isidorum
1699 2910 1863 2973 ipsum
1897 2910 1946 2956 in
1972 2909 2066 2955 hac

314 3018 364 3050 re
400 3008 713 3049 constantem
749 2998 914 3055 fuisse,
953 2997 1139 3058 quippe
1176 2994 1262 3057 qui
1295 2994 1400 3056 ipsa
1434 2994 1583 3043 verba
1617 2993 1828 3041 fontium
1862 3005 2063 3038 suorum

316 3082 382 3146 (v.
399 3099 442 3144 g.
467 3082 621 3131 Graii
640 3080 777 3129 XIV.
802 3093 870 3127 vl.
901 3094 974 3139 19,
995 3092 1054 3125 ex
1079 3076 1250 3124 Solino
1270 3076 1582 3137 translatum)
1600 3074 1875 3121 exscribere
1894 3071 2066 3119 solitus

1162 3173 1225 3204 xu
