2228 3444
58 1033 105 1062 10

59 1441 103 1480 15

58 1851 108 1878 20

59 2675 110 2712 30

475 143 1106 193 ETYMOLOGIARVM
1148 143 1276 191 LIB.
1316 143 1406 190 VI.
1446 140 1522 190 xix

124 278 175 326 in
197 293 281 326 ara
305 274 582 327 cremantur
607 291 693 325 seu
718 283 984 338 ponuntur.
1038 275 1204 324 Omne
1221 281 1388 322 autem
1415 275 1552 336 quod
1578 275 1691 322 Deo
1716 276 1873 334 datur,

124 368 208 407 aut
233 356 488 408 dedicatur
512 365 596 406 aut
612 365 938 406 consecratur.
999 356 1150 416 Quod
1171 355 1443 415 dedicatur,
1467 354 1683 404 dicendo
1702 356 1846 404 datur
1864 374 1876 416 3

125 441 260 489 unde
288 439 658 503 'etappellatun
730 439 878 487 Vnde
909 446 1069 486 errant
1103 436 1187 500 qui
1219 436 1646 485 consecrationem
1682 437 1877 486 dedica·

125 521 310 570 tionem
336 530 512 584 putant
537 519 810 583 significari.
867 518 1153 568 Immolatio
1177 518 1240 567 ab
1260 517 1475 582 antiquis
1501 517 1634 567 dicta
1653 534 1714 567 eo
1740 520 1875 582 quod
1899 528 1951 575 31

126 603 176 651 in
213 602 344 651 mole
374 601 538 652 altaris
571 601 732 665 posita
762 600 960 650 victima
998 602 1298 650 caederetur.
1370 602 1521 650 Vnde
1559 609 1608 650 et
1644 602 1877 648 mactatio

126 693 238 747 post
257 683 650 733 immolationem
668 692 754 732 est.
829 684 978 732 Nunc
997 692 1163 731 autem
1189 681 1465 731 immolatio
1484 682 1625 746 panis
1645 691 1693 731 et
1713 681 1877 730 calicis

127 766 371 827 convenit,
399 765 571 815 libatio
595 775 761 814 autem
788 766 1139 814 tantummodo
1169 763 1333 813 calicis
1360 764 1548 813 oblatio
1575 774 1664 813 est.
1740 763 1877 812 Hinc
1907 776 1970 823 32

127 858 201 897 est
225 847 347 897 illud
373 847 583 913 (Eccles.
603 862 678 910 50,
706 847 783 911 17)
805 866 814 896 :
856 850 867 873 ‘
888 848 952 895 Et
977 846 1148 895 libavit
1173 847 1236 895 de
1263 845 1501 909 sanguine
1526 847 1681 894 uvae.'
1741 844 1877 894 Sicut

129 939 177 978 et
203 928 522 979 saecularium
550 928 754 992 quidam
792 939 1050 992 poetarum
1080 928 1232 993 (Virg.
1256 930 1380 977 Aen.
1411 942 1450 989 7,
1476 927 1591 992 133)
1615 948 1623 977 ε
1665 930 1675 953 ‘
1697 928 1744 976 N
1749 929 1877 987 unc‚’

129 1010 300 1074 inquit,
333 1014 550 1074 ‘pateras
575 1010 725 1059 libate
752 1010 888 1059 Iovi.’
962 1009 1140 1059 Libare
1170 1025 1284 1073 ergo
1316 1009 1513 1073 proprie
1547 1011 1754 1059 fundere
1787 1018 1875 1068 est,

129 1101 482 1157 sumptumque
515 1108 701 1142 nomen
734 1109 793 1141 ex
826 1091 1008 1141 Libero
1033 1093 1266 1155 quodam,
1296 1091 1380 1154 qui
1413 1091 1463 1140 in
1497 1091 1705 1140 Graecia
1735 1108 1878 1139 usum

129 1174 340 1239 repperit
363 1174 486 1224 vitis.
562 1173 772 1223 Hostiae
797 1175 931 1238 apud
956 1183 1142 1223 veteres
1170 1172 1463 1223 dicebantur
1488 1172 1726 1222 sacrificia
1752 1188 1879 1235 quae
1904 1181 1967 1228 33

129 1256 314 1306 fiebant
329 1266 595 1320 antequam
612 1257 676 1306 ad
693 1258 887 1306 hostem
905 1265 1174 1320 pergerent.
1249 1254 1494 1304 Victimae
1513 1271 1628 1304 vero
1645 1254 1881 1304 sacrificia
1904 1264 1968 1312 34

129 1354 255 1402 quae
280 1348 392 1402 post
425 1339 693 1399 victoriam,
722 1338 928 1388 devictis
966 1339 1205 1398 hostibus,
1236 1338 1577 1386 immolabant.
1653 1339 1717 1386 Et
1743 1347 1879 1386 erant

128 1419 356 1470 victimae
380 1422 567 1470 maiora
591 1421 828 1470 sacrificia
855 1437 1002 1484 quam
1029 1420 1234 1469 hostiae.
1308 1419 1406 1468 Alii
1422 1418 1673 1468 victimam
1695 1419 1879 1468 dictam

128 1510 437 1565 putaverunt,
463 1502 579 1567 quia
603 1502 702 1552 ictu
729 1519 960 1567 percussa
985 1502 1210 1562 cadebat,
1240 1503 1314 1550 vel
1341 1501 1456 1565 quia
1488 1501 1652 1550 vincta
1685 1503 1748 1550 ad
1774 1517 1880 1550 aras

129 1585 417 1635 ducebatur.
490 1587 856 1634 Holocaustum
882 1584 1004 1634 illud
1029 1594 1120 1645 est,
1144 1583 1230 1632 ubi
1250 1592 1408 1633 totum
1436 1584 1548 1647 igne
1573 1582 1880 1631 consumitur
1904 1591 1967 1640 35

131 1667 267 1729 quod
304 1667 516 1716 offertur.
589 1666 798 1730 Antiqui
832 1666 964 1715 enim
1002 1683 1116 1715 cum
1150 1665 1364 1715 maxima
1399 1664 1638 1714 sacrificia
1674 1664 1880 1714 admini-

131 1757 350 1807 strarent,
377 1749 604 1798 solebant
628 1759 755 1798 totas
780 1748 966 1797 hostias
990 1748 1042 1796 in
1067 1764 1315 1796 sacrorum
1349 1764 1641 1797 consumere
1667 1749 1879 1807 flamma,

132 1839 179 1878 et
205 1829 311 1893 ipsa
336 1839 473 1879 erant
503 1832 946 1879 holocaustomata.
1011 1831 1162 1880 Ὅλον
1192 1829 1325 1879 enim
1360 1830 1550 1879 Graece
1580 1839 1737 1878 totum
1767 1830 1882 1878 dici-

130 1922 220 1972 tur,
258 1916 419 1964 καῦσις
453 1911 690 1973 incensi0‚
726 1922 774 1962 et
810 1914 1156 1962 holocaustum
1191 1922 1350 1961 totum
1385 1913 1660 1960 incensum.
1722 1912 1882 1960 Caeri—
1905 1906 1973 1966 36

131 1994 326 2043 moniae
351 1995 485 2058 apud
511 1994 715 2043 Latinos
742 1994 973 2043 dicuntur
998 2011 1133 2043 sacra
1158 1993 1326 2042 omnia
1351 2010 1478 2056 quae
1503 1994 1637 2055 apud
1663 1993 1881 2042 Graecos

131 2078 264 2138 orgia
289 2084 542 2124 vocantur.
617 2074 817 2138 Proprie
842 2085 1007 2124 autem
1033 2074 1192 2123 visum
1219 2084 1291 2123 est
1312 2074 1599 2123 doctoribus
1619 2091 1647 2122 a
1666 2075 1882 2123 carendo

132 2157 367 2220 appellari
409 2155 745 2216 caerimonias,
786 2156 925 2219 quasi
956 2155 1281 2216 carimonia53
1317 2173 1377 2204 eo
1411 2157 1548 2218 quod
1585 2172 1642 2204 ea
1672 2172 1798 2219 quae
1833 2156 1882 2205 in

88 2256 106 2295 ,-
134 2238 279 2287 sacris
306 2238 484 2287 divinis
508 2239 790 2298 offeruntur,
819 2240 868 2286 in
895 2254 986 2286 suo
1011 2254 1101 2287 usu
1128 2237 1179 2286 id
1204 2248 1424 2287 carerent
1448 2237 1676 2287 homines
1695 2255 1707 2297 3
1745 2239 1881 2301 quod

132 2336 318 2369 nomen
343 2319 490 2369 etiam
515 2319 568 2368 in
591 2336 684 2368 usu
709 2328 782 2368 est
807 2321 1076 2369 litterarum
1097 2328 1392 2369 sanctarum.
1441 2318 1539 2367 Alii
1559 2319 1881 2368 caerimonias
1905 2335 1966 2383 37

133 2402 326 2466 proprie
363 2403 413 2450 in
452 2401 882 2451 observationibus
918 2403 1217 2451 Iudaeorum
1252 2403 1493 2462 credunt;
1529 2401 1879 2451 abstinentiam

132 2483 316 2534 seilicet
341 2485 650 2547 quarundam
675 2500 897 2533 escarum
918 2485 1192 2532 secundum
1218 2493 1432 2533 veterem
1459 2484 1631 2547 legem,
1659 2500 1720 2532 eo
1745 2485 1881 2547 quod

132 2567 448 2615 observantes
463 2575 661 2615 careant
676 2567 752 2614 his
768 2566 913 2614 rebus
931 2565 1110 2629 quibus
1126 2582 1178 2614 se
1194 2565 1551 2614 abstinuerunt.
1577 2565 1878 2615 Sacrificium
1904 2560 1967 2618 38

133 2647 321 2697 dictum
347 2647 487 2712 quasi
514 2663 705 2696 sacrum
733 2649 933 2708 factum,
955 2647 1069 2710 quia
1095 2663 1239 2710 prece
1265 2647 1472 2711 mystica
1496 2657 1810 2696 consecratur
1830 2646 1878 2693 in

188 2793 212 2829 3
243 2786 363 2819 erant
382 2778 483 2819 BK1
714 2779 1024 2818 dedicationem
1045 2791 1129 2817 om.
1160 2777 1197 2815 T
1435 2790 1459 2827 5
1490 2778 1601 2817 mola
1621 2776 1676 2826 K,
1698 2777 1769 2816 vix
1787 2781 1882 2815 recle

136 2848 156 2883 7
189 2834 345 2874 labatio
363 2834 404 2873 Β
568 2832 725 2872 oblatio
746 2846 828 2872 om.
850 2832 896 2870 K
1078 2834 1104 2870 8
1134 2831 1261 2883 sicut]
1283 2833 1344 2871 sic
1378 2832 1414 2870 T
1587 2845 1636 2871 10
1666 2832 1768 2870 iovis
1800 2830 1886 2869 BT

140 2901 187 2927 12
216 2890 300 2928 utis
319 2888 362 2927 B
508 2901 556 2938 13
584 2888 638 2927 ad
658 2888 806 2926 hostes
825 2886 871 2924 K
1004 2887 1254 2926 sacrificium
1274 2885 1316 2924 Β
1466 2899 1513 2937 15
1543 2887 1775 2926 sacrificiae
1795 2884 1884 2923 ΒΚ

141 2956 186 2992 17
222 2943 311 2995 ubi]
333 2944 385 2983 ibi
413 2943 450 2982 T
592 2954 642 2982 21
673 2943 866 2981 incensio
885 2942 1020 2982 holoc.
1044 2941 1090 2979 K
1225 2953 1275 2979 22
1304 2954 1412 2991 quae
1426 2941 1567 2981 om.K
1701 2952 1754 2989 23
1783 2952 1878 2990 pro-

137 2997 271 3046 prium
292 2996 338 3035 K
472 2997 656 3037 cerendo
683 2996 720 3035 T
878 3009 930 3047 25
962 2997 1023 3049 id]
1047 2997 1114 3035 his
1137 2995 1173 3035 C
1334 2998 1388 3035 26
1417 2998 1459 3035 in
1481 3008 1599 3035 usum
1624 2994 1738 3046 (hm)
1763 2994 1886 3034 BCT

136 3063 349 3090 sacrarum
383 3050 429 3089 K
611 3051 840 3091 cerimonia
873 3050 919 3088 K
1134 3063 1186 3099 29
1230 3062 1311 3090 car.
1345 3053 1386 3090 in
1421 3052 1486 3090 his
1516 3049 1562 3087 K
1750 3049 1878 3088 absti-

137 3104 306 3145 nuerint
324 3105 405 3144 BC
564 3119 617 3155 30
646 3119 712 3156 qu.
735 3107 843 3145 sacri
866 3105 910 3142 K
1046 3106 1162 3156 quia]
1185 3105 1296 3154 quod
1318 3104 1363 3142 K
1525 3109 1818 3143 consecratum
1839 3102 1880 3140 B
