2176 3424
482 135 761 183 ISIDORI
812 135 1444 184 ETYMOLOGIARVM
1485 138 1614 184 LIB.
1655 137 1805 186 XIII.
1844 137 1938 184 xxii

341 262 531 312 Achaia
557 263 711 312 Iacob
744 265 1047 328 patriarchae
1080 274 1129 315 et
1165 265 1323 330 Ogygi
1360 266 1682 331 temporibus,
1707 269 1792 331 qui
1820 267 2083 317 Eleusinae

276 363 308 410 4
339 346 568 395 conditor
587 355 635 395 et
661 362 743 395 rex
768 345 870 406 fuit,
899 363 1186 410 nomenque
1209 348 1322 397 loco
1348 357 1396 397 et
1420 349 1629 412 tempori
1654 349 1805 399 dedit.
1857 349 2079 398 Tertium

336 426 574 476 diluvium
604 427 653 476 in
679 428 937 478 Thessalia
955 428 1121 492 Moysi
1145 431 1223 479 vel
1239 430 1619 494 Amphictyonis
1645 430 1949 495 temporibus
1974 431 2077 491 fuit,

333 508 417 571 qui
449 509 618 558 tertius
653 519 767 573 post
793 512 1070 575 Cecropem
1097 511 1330 575 regnavit.
1421 512 1576 563 Cuius
1603 513 1909 577 temporibus
1934 530 2079 576 aqua·

332 609 439 639 rum
466 590 674 641 inluvies
701 592 938 641 maiorem
964 602 1153 656 partem
1178 596 1477 657 populorum
1493 594 1780 643 Thessaliae
1804 594 2080 658 absumpsit
2107 610 2128 651 5

332 672 500 735 paucis
535 691 621 737 per
663 674 847 738 refugia
885 674 1132 723 montium
1168 675 1398 736 liberatis,
1428 675 1639 724 maxime
1677 675 1727 724 in
1764 685 1934 725 monte
1971 679 2079 725 Par-

333 773 454 804 naso
475 775 487 816 3
536 755 586 803 in
623 755 763 805 cuius
791 756 996 805 circuitu
1024 757 1303 806 Deucalion
1340 767 1459 807 tunc
1490 775 1640 821 regno
1672 758 1967 821 potiebatur,
1995 759 2079 820 qui

332 847 451 886 tunc
475 839 539 887 ad
571 855 623 887 se
657 837 842 887 ratibus
876 838 1218 902 confugientes
1250 849 1507 904 susceptos
1539 857 1624 903 per
1657 838 1853 902 gemina
1879 837 2079 887 Parnasi

330 919 443 983 iuga
468 918 589 968 fovit
614 928 662 968 et
687 919 820 968 aluit.
895 922 940 967 A
974 937 1075 983 quo
1108 931 1367 985 propterea
1402 937 1556 984 genus
1582 922 1843 969 hominum
1869 921 2080 969 Graeco—

330 1016 438 1047 rum
488 1001 684 1051 fabulae
733 1018 792 1050 ex
840 1001 1089 1065 lapidibus
1140 1012 1417 1066 reparatum
1467 1004 1629 1051 ferunt
1677 1002 1741 1051 ab
1784 1020 1844 1051 eo
1883 1011 2079 1065 propter
2108 1017 2157 1047 ιο

271 1094 302 1142 5
329 1081 590 1132 hominum
610 1083 808 1133 insitam
827 1083 988 1133 cordis
1010 1084 1257 1134 duritiam.
1320 1086 1417 1134 Sed
1435 1093 1482 1133 et
1508 1084 1711 1133 flumina
1732 1102 1846 1133 cum
1872 1084 2079 1134 insolitis

329 1174 474 1213 aucta
500 1163 740 1215 imbribus
767 1167 892 1214 ultra
917 1166 1349 1227 consuetudinem,
1379 1169 1456 1216 vel
1484 1166 1854 1215 diuturnitatem
1881 1168 1958 1216 vel
1984 1184 2080 1215 ma-

325 1246 655 1310 gnitudinem,
685 1250 966 1298 redundant
992 1251 1246 1313 multaque
1272 1258 1604 1312 prosternunt,
1634 1258 1682 1297 et
1709 1248 1815 1311 ipsa
1839 1247 2079 1297 diluvium

329 1329 575 1379 dicuntur.
651 1330 920 1380 Sciendum
955 1340 1136 1391 autem,
1164 1331 1370 1380 flumina
1400 1348 1515 1380 curn
1556 1348 1701 1395 supra
1740 1333 1946 1380 modum
1983 1348 2079 1380 cre-

332 1422 494 1472 scunt,
527 1428 630 1460 non
673 1422 866 1462 tantum
898 1415 962 1462 ad
1002 1430 1233 1477 praesens
1273 1413 1449 1463 inferre
1488 1414 1684 1472 damna,
1714 1415 1801 1463 sed
1843 1412 1990 1463 etiam
2031 1422 2078 1462 et
2106 1438 2151 1479 15

327 1493 491 1558 aliqua
518 1494 791 1558 significare
822 1496 998 1544 futura.

384 1639 410 1675 3
439 1625 505 1664 vel
545 1625 725 1678 Amph.]
766 1625 988 1665 deucalion
1031 1626 1081 1665 C1
1249 1639 1273 1676 5
1306 1631 1408 1677 part.
1448 1627 1540 1666 mai.
1576 1626 1618 1664 Β
1753 1627 1960 1666 adsumsit
1997 1626 2085 1666 ΚΤ

332 1694 353 1728 7
386 1687 486 1720 tunc
506 1694 589 1719 om.
610 1680 655 1719 K
766 1694 816 1720 10
846 1680 1008 1732 ferunt]
1032 1682 1202 1720 fuerunt
1224 1681 1258 1720 C
1263 1681 1272 1703 ¹
1383 1681 1434 1720 ab
1455 1694 1506 1720 eo
1526 1695 1608 1720 om.
1632 1680 1677 1720 K
1814 1695 1862 1731 13
1891 1688 2078 1732 proster-

330 1742 433 1775 nant
454 1734 556 1774 BKl
727 1748 775 1785 15
805 1736 959 1775 damna
978 1749 1060 1776 om.
1083 1735 1129 1773 K
1235 1742 1277 1776 et
1296 1735 1347 1775 ad
1369 1736 1421 1776 al.
1440 1735 1485 1774 K
