2228 3444
482 152 1116 202 ETYMOLOGIARVM
1156 153 1287 199 LIB.
1328 153 1416 199 IV.
1455 151 1517 199 vii

119 288 317 336 emissio
343 284 592 348 sanguinis
619 300 704 347 per
729 300 826 343 ora,
855 283 989 331 unde
1015 291 1063 331 et
1088 299 1273 331 nomen
1306 281 1511 345 accepit.
1584 282 1711 345 Αἷμα
1735 282 1868 330 enim

119 367 315 432 sanguis
351 367 543 416 dicitur.
616 364 747 414 Tisis
786 373 859 414 est
895 363 1130 413 ulceratio
1164 372 1212 413 et
1246 373 1410 412 tumor
1445 362 1497 411 in
1532 363 1866 427 pulmonibus,
1891 370 1944 419 17

118 451 202 512 qui
251 451 299 497 in
339 448 607 497 iuvenibus
654 446 844 495 facilius
885 445 1050 495 venire
1098 447 1236 494 solet.
1311 446 1478 497 Φθίσις
1522 454 1687 494 autem
1735 446 1868 507 apud

120 534 336 580 Graecos
384 530 529 589 dicta,
572 530 709 593 quod
750 528 810 577 sit
848 529 1131 577 consumtio
1173 527 1323 576 totius
1372 526 1601 591 corporis.
1695 527 1869 574 Tussis
1892 526 1947 572 18

71 631 92 671 5
119 616 307 664 Graece
340 614 403 662 ab
428 611 689 662 altitudine
715 619 928 671 vocatur,
958 611 1096 673 quod
1120 626 1148 658 a
1173 611 1422 673 profundo
1453 610 1664 673 pectoris
1691 607 1867 657 veniat.

120 697 274 747 Cuius
301 694 546 744 contraria
570 702 643 742 est
670 692 889 756 superior
915 691 966 739 in
991 692 1231 752 faucibus,
1260 692 1345 740 ubi
1371 708 1465 740 uva
1490 690 1667 740 titillat.
1740 692 1871 753 Apo·
1896 702 1953 749 19

119 788 279 828 stoma
304 794 332 825 a
357 774 651 826 collectione
685 790 870 822 nomen
902 775 1107 836 accepit.
1181 775 1311 822 Nam
1347 774 1666 822 collectiones
1694 773 1869 820 Graeci

117 868 401 923 apostomas
434 866 624 907 vocant.
701 854 874 919 Enpiis
911 857 1043 904 dicta
1076 856 1139 904 ab
1173 865 1434 918 apostoma
1469 853 1762 903 intrinsecus
1793 854 1868 902 vel
1891 866 1958 901 20

120 942 171 989 in
207 943 355 990 latere
390 941 468 989 vel
503 938 553 987 in
592 939 850 987 stomacho
884 954 998 985 curn
1033 938 1204 986 dolore
1242 946 1289 986 et
1326 936 1545 986 febribus
1581 945 1629 984 et
1663 937 1783 984 tussi
1822 945 1870 984 et

47 1039 97 1069 10
120 1022 490 1072 abundantibus
538 1018 724 1083 spumis
773 1027 821 1067 et
870 1018 1173 1081 purulentiis.
1266 1017 1543 1081 Hepaticus
1591 1017 1794 1066 morbus
1843 1033 1870 1064 e
1893 1029 1947 1063 21

120 1103 292 1153 iecoris
319 1103 548 1167 passione
568 1117 752 1150 nomen
772 1100 976 1163 accepit.
1035 1102 1210 1149 Graeci
1231 1101 1364 1149 enirn
1386 1101 1519 1148 iecur
1534 1099 1660 1162 ἧπαρ
1676 1107 1868 1148 vocant.

121 1185 345 1235 Lienosis
383 1184 446 1234 ab
484 1185 654 1247 splene
690 1182 987 1231 vocabulum
1031 1181 1253 1245 sumpsit.
1328 1181 1505 1230 Graeci
1541 1181 1674 1230 enim
1712 1183 1871 1243 σπλὴν
1892 1192 1955 1227 22

117 1267 215 1316 lien
241 1267 425 1316 dicunt.
483 1266 739 1329 Hydropis
765 1281 949 1313 nomen
975 1263 1184 1327 sumpsit
1202 1264 1266 1313 ab
1285 1280 1475 1327 aquoso
1495 1265 1703 1312 humore
1729 1262 1870 1312 cutis.
1896 1275 1959 1322 23

121 1351 249 1398 Nam
277 1349 452 1399 Graeci
478 1348 597 1411 ὕδωρ
621 1363 802 1410 aquam
828 1356 1139 1396 vocaverunt.
1215 1349 1305 1395 Est
1330 1347 1463 1395 enim
1496 1347 1673 1395 humor
1698 1346 1873 1394 subcu-

47 1449 91 1489 15
119 1440 291 1480 taneus
328 1448 443 1479 cum
480 1430 735 1478 inflatione
772 1438 997 1492 turgente
1034 1439 1082 1478 et
1119 1430 1338 1477 anhelitu
1376 1427 1578 1477 foetido.
1655 1426 1872 1476 Nefresis
1895 1435 1959 1481 24

117 1531 146 1562 a
171 1530 344 1562 renum
369 1515 603 1576 languore
628 1528 814 1560 nomen
843 1510 1048 1575 accepit.
1123 1513 1290 1560 Renes
1317 1509 1449 1559 enim
1477 1510 1654 1559 Graeci
1680 1511 1874 1573 νεφροὺς

119 1596 304 1646 dicunt.
379 1594 617 1644 Paralesis
643 1594 775 1643 dicta
799 1611 827 1642 a
853 1594 1069 1657 corporis
1096 1595 1453 1657 impensatione,
1482 1594 1609 1642 facta
1634 1610 1692 1642 ex
1719 1595 1871 1641 multa
1895 1608 1959 1656 25

119 1678 496 1742 infrigidatione,
518 1678 670 1726 autin
692 1686 796 1725 toto
817 1692 1034 1739 corpore,
1056 1685 1140 1725 aut
1166 1677 1215 1724 in
1242 1685 1390 1740 parte.
1450 1675 1661 1725 Cacexia
1687 1692 1871 1724 nomen
1893 1679 1961 1726 26

121 1762 329 1824 sumpsit
353 1778 381 1808 a
407 1761 624 1824 corporis
651 1758 825 1807 iniuria
854 1757 951 1825 [vel
982 1756 1193 1824 habitu}
1269 1759 1506 1824 Καχεξίαν
1532 1759 1664 1806 enim
1691 1759 1870 1806 malam

47 1860 97 1888 20
121 1842 430 1892 vexationem
458 1841 634 1891 Graeci
660 1850 973 1890 vocaverunt.
1047 1840 1124 1889 Fit
1157 1850 1322 1890 autem
1358 1842 1480 1889 haec
1512 1841 1674 1904 passio
1700 1841 1871 1888 intem-

121 1924 340 1989 perantia
363 1923 674 1988 aegrotantis,
703 1925 778 1972 vel
805 1922 1058 1973 curatione
1085 1925 1212 1972 mala
1240 1922 1582 1972 medicaminis
1602 1941 1612 1982 3
1649 1931 1733 1970 aut
1758 1931 1870 1985 post

118 2006 473 2071 aegritudinem
501 2007 638 2055 tarda
665 2004 946 2068 resumptio.
1023 2007 1211 2054 Atrofia
1241 2022 1426 2054 nomen
1459 2003 1650 2067 accepit
1675 2020 1703 2052 a
1728 2004 1870 2052 dimi·
1895 2008 1956 2057 27

120 2088 324 2137 nutione
344 2089 574 2150 corporis.
634 2089 763 2135 Nam
784 2086 961 2136 Graeci
988 2087 1275 2135 nutrimenti
1295 2086 1622 2135 cessationem
1644 2087 1872 2149 ἀτροφίαν

120 2171 306 2218 dicunt.
381 2171 470 2217 Est
518 2168 651 2218 enim
699 2167 910 2217 tenuitas
953 2170 1170 2231 corporis
1213 2185 1272 2218 ex
1310 2167 1470 2217 causis
1512 2167 1779 2216 latentibus
1822 2178 1869 2216 et

49 2274 94 2313 25
120 2252 354 2315 paulatim
381 2250 855 2300 convalescentibus.
918 2251 1081 2299 Sarcia
1107 2259 1179 2299 est
1205 2252 1507 2314 superfluum
1534 2249 1692 2298 carnis
1718 2249 1868 2299 incre·
1891 2249 1955 2295 28

121 2342 358 2394 mentum,
387 2350 487 2396 quo
511 2334 636 2380 ultra
669 2333 874 2381 modum
912 2348 1115 2395 corpora
1152 2333 1446 2395 saginantur.
1523 2331 1699 2381 Graeci
1736 2331 1868 2380 enim

180 2467 196 2491 1
230 2467 308 2504 per
326 2454 422 2506 ora]
443 2459 666 2505 pectorum
690 2453 735 2491 K
893 2453 1081 2505 accepit]
1103 2453 1253 2493 sumsit
1282 2453 1318 2492 T
1472 2453 1613 2492 emath
1637 2452 1735 2505 (-at)
1757 2452 1868 2493 codd.

120 2521 145 2558 3
175 2508 329 2561 φθίσις]
349 2510 441 2548 tisis
461 2509 572 2548 codd.
712 2521 736 2557 4
767 2509 1070 2548 consummatio
1092 2507 1137 2545 K
1143 2508 1180 2546 T
1315 2509 1341 2545 6
1370 2508 1565 2557 superius
1585 2506 1631 2545 K
1731 2508 1870 2547 titillat

121 2562 260 2604 BCK:
292 2564 467 2603 distillat
494 2564 530 2602 T
621 2563 859 2613 Apostuma
879 2563 924 2602 K
1074 2565 1099 2601 8
1129 2569 1374 2612 apostumas
1395 2561 1459 2602 K:
1490 2563 1759 2612 ἀποστήματα
1781 2563 1870 2602 edd.

121 2624 344 2668 apostuma
363 2618 410 2656 K
569 2619 639 2658 vel
660 2619 728 2659 lat.
754 2617 800 2656 K
960 2632 986 2668 9
1016 2619 1083 2657 vel
1105 2623 1230 2658 stom.
1253 2617 1295 2655 B
1452 2631 1501 2656 10
1529 2617 1712 2669 spumis]
1733 2618 1870 2667 sputis

120 2672 246 2713 Arev.
415 2673 652 2724 purulentis
678 2673 732 2712 T:
765 2672 999 2723 putulentis
1018 2672 1064 2710 K
1227 2672 1410 2722 Ipaticus
1438 2671 1493 2712 T:
1525 2672 1731 2723 Ypaticus
1750 2670 1874 2710 BCK

126 2739 170 2766 11
202 2726 326 2780 ἧπαρ]
347 2729 493 2779 ipaten
516 2729 638 2780 (-em)
661 2727 771 2767 codd.
901 2741 948 2778 13
979 2727 1144 2779 dicunt]
1163 2733 1314 2766 vocant
1339 2727 1374 2766 C
1483 2739 1530 2776 14
1561 2740 1656 2766 nam
1679 2758 1687 2767 .
1713 2757 1720 2766 .
1744 2756 1754 2766 .
1776 2739 1866 2766 voc.

121 2795 206 2821 om.
226 2781 273 2819 K
350 2782 474 2835 ὕδωρ]
490 2784 624 2834 ydros
648 2782 747 2834 (ἰὼ)
769 2781 934 2821 BCTU
1011 2789 1075 2822 est
1096 2782 1231 2833 enim]
1251 2795 1349 2820 nam
1370 2788 1434 2821 est
1456 2779 1502 2818 K
1640 2793 1687 2831 15
1709 2781 1868 2819 inflam-

123 2836 307 2876 matione
335 2836 382 2875 K
573 2840 623 2876 16
651 2837 874 2889 languore]
907 2838 1053 2876 dolore
1083 2837 1128 2874 K
1319 2835 1506 2889 νεφροὺς]
1537 2836 1718 2874 nefretin
1754 2835 1865 2874 codd.

126 2904 172 2940 17
205 2892 298 2933 Par.
322 2922 331 2932 .
355 2921 365 2932 .
392 2922 401 2932 .
425 2893 536 2932 facta
557 2906 638 2932 om.
661 2891 707 2929 K
813 2892 1038 2943 inpesione
1064 2891 1102 2930 T
1248 2904 1297 2941 19
1328 2891 1467 2931 inuria
1491 2889 1608 2928 C¹T2
1642 2889 1787 2928 habitu
1803 2888 1869 2927 K:

123 2945 273 2985 iniuria
294 2946 360 2986 vel
381 2947 526 2986 habitu
548 2947 666 2986 1362:
698 2947 753 2987 in.
775 2947 975 2986 alambitu
992 2947 1059 2986 D:
1083 2947 1138 2985 in.
1152 2946 1311 2985 ambitu
1333 2946 1385 2984 H
1491 2957 1538 2984 21
1573 2957 1657 2985 cur.
1677 2945 1786 2983 male
1814 2943 1867 2984 T:

125 3001 231 3039 mala
252 3002 469 3041 curatione
493 3002 527 3040 C
687 3014 738 3039 22
769 3001 1020 3051 egritudinis
1044 3001 1079 3040 C
1198 3001 1340 3052 tarda]
1361 3001 1500 3041 danda
1521 2998 1566 3036 K
1728 3013 1778 3049 24
1809 2999 1867 3037 in-

125 3055 312 3102 tentibus
340 3055 376 3094 T
537 3069 587 3105 25
620 3057 792 3095 Sarcian
814 3055 960 3095 BCK:
992 3055 1166 3096 Sarcina
1195 3055 1231 3094 T
