2228 3444
1099 151 1373 200 ISIDORI

266 283 323 331 14
349 264 419 332 [ἰὴ
445 269 598 326 παιάν,
628 267 672 330 ἰὴ
697 271 854 328 παιάν,
883 270 927 333 ἰὴ
951 270 1128 338 παιάν]
1207 274 1466 338 Elegiacus
1492 286 1658 327 autem
1684 281 1844 330 dictus
1872 298 1944 342 eo,
1975 285 2109 347 quod

347 349 623 398 modulatio
663 349 886 400 eiusdem
928 353 1158 402 carminis
1201 356 1465 406 conveniat
1498 359 1701 409 miseris.
1776 364 2104 415 Terentianus

346 432 437 479 hos
465 433 629 495 elegos
656 431 822 482 dicere
848 435 987 495 solet,
1007 437 1144 499 quod
1169 438 1387 487 clausula
1413 439 1520 489 talis
1547 440 1780 505 tristibus,
1809 454 1862 494 ut
1888 448 2102 509 tradunt,

266 529 322 578 15
343 513 504 577 aptior
538 524 666 564 esset
700 518 878 566 modis.
953 517 1055 567 Hic
1089 528 1256 569 autem
1291 522 1370 569 vix
1404 523 1611 573 omnino
1643 535 1837 576 constat
1861 545 1890 577 a
1914 545 2015 592 quo
2042 530 2102 580 sit

342 596 585 658 inventuS‚
615 597 708 646 nisi
735 598 850 662 quia
875 601 1010 662 apud
1036 618 1128 649 nos
1156 602 1347 651 Ennius
1374 621 1486 653 eum
1513 608 1644 669 prior
1668 625 1785 657 usus
1811 620 1897 659 est.
1971 614 2102 661 Nam
2128 632 2149 671 5

340 681 476 742 apud
502 681 722 729 Graecos
757 680 826 729 sic
860 683 1025 730 adhuc
1050 682 1108 731 lis
1134 685 1582 737 Grammaticorum
1611 691 1811 752 pendet,
1838 701 1891 741 ut
1917 694 2009 742 sub
2035 694 2102 743 iu-

339 761 452 810 dice
477 779 552 810 res
579 764 792 825 relegata
818 763 892 812 sit.
969 766 1099 813 Nam
1128 766 1331 829 quidam
1359 785 1529 818 eorum
1552 772 1924 835 Colophonium
1951 793 2102 838 quen-

339 845 469 903 dam,
500 845 705 906 quidam
732 844 1090 894 Archilochum
1117 858 1370 898 auctorem
1402 860 1551 915 atque
1577 852 1885 904 inventorem
1911 859 2097 906 volunt.

252 924 313 972 16
338 925 646 987 Bucolicum,
676 929 726 976 id
753 937 825 976 est
850 931 1095 991 pastorale
1121 947 1333 991 carmen,
1363 933 1584 997 plerique
1611 937 1859 999 Syracusis
1883 940 2096 1000 primum

336 1006 652 1069 conpositum
696 1026 725 1057 a
763 1011 1045 1072 pastoribus
1094 1012 1373 1075 opinantur,
1422 1017 1649 1065 nonnulli
1701 1020 2094 1073 Lacedaemone.
2125 1043 2173 1070 10

337 1090 569 1152 Namque
606 1099 891 1141 transeunte
929 1092 979 1141 in
1015 1095 1280 1143 Thraciam
1319 1098 1481 1146 Xerxe
1517 1115 1628 1162 rege
1667 1102 1939 1163 Persarum,
1980 1121 2093 1152 curn

335 1172 605 1234 Spartanae
630 1175 841 1237 virgines
868 1175 961 1224 sub
988 1176 1152 1224 hostili
1179 1187 1315 1226 metu
1342 1195 1505 1242 neque
1532 1183 1697 1244 egredi
1723 1183 1895 1233 urbem
1931 1202 2094 1250 neque

334 1269 571 1318 pompam
590 1256 900 1320 chorumque
915 1267 1158 1321 agrestem
1182 1259 1375 1310 Dianae
1392 1262 1455 1310 de
1472 1278 1609 1312 more
1630 1275 1925 1326 exercerent,
1950 1269 2093 1317 turba

334 1346 601 1399 pastorum,
644 1356 707 1388 ne
749 1339 919 1404 religio
956 1342 1252 1405 praeteriret,
1291 1346 1508 1394 eundern
1553 1346 1820 1396 inconditis
1863 1350 2092 1400 cantibus

331 1419 654 1468 celebrarunt.
750 1423 1039 1485 Appellatur
1079 1432 1244 1472 autem
1290 1427 1583 1475 Bucolicum
1624 1429 1688 1477 de
1728 1429 1898 1479 maiori
1937 1442 2089 1495 parte,
2119 1451 2164 1492 15

331 1501 555 1563 quamvis
581 1502 858 1566 opilionum
885 1504 1317 1569 caprariorumque
1344 1524 1595 1558 sermones
1629 1509 1679 1557 in
1714 1510 1782 1559 eis
1817 1521 1865 1561 et
1899 1513 2090 1563 cantica

254 1594 307 1644 17
330 1584 617 1634 inserantur.
695 1588 927 1649 Hymnos
953 1587 1167 1651 primum
1189 1591 1351 1639 David
1379 1593 1674 1655 prophetam
1695 1592 1744 1641 in
1770 1595 1969 1643 laudern
1993 1597 2088 1646 Dei

329 1665 652 1730 conposuisse
678 1685 735 1716 ac
753 1668 992 1718 cecinisse
1012 1670 1329 1719 manifestum
1347 1682 1434 1721 est.
1509 1673 1708 1724 Deinde
1727 1678 1860 1740 apud
1879 1678 2086 1741 gentiles

327 1748 484 1812 prima
523 1749 766 1799 Memmia
801 1750 1072 1801 Timothoe
1106 1752 1220 1801 fecit
1255 1755 1307 1801 in
1331 1755 1619 1818 Apollinem
1657 1767 1704 1806 et
1744 1761 1928 1821 Musas,
1958 1778 2086 1824 quae

326 1830 417 1880 fuit
455 1833 762 1896 temporibus
803 1833 953 1882 Ennii
994 1835 1141 1898 longe
1179 1845 1293 1898 post
1332 1837 1509 1886 David.
1587 1839 1779 1902 Hymni
1817 1851 1983 1891 autem
2025 1861 2083 1892 ex
2109 1862 2163 1890 20

247 1906 303 1956 18
328 1915 520 1964 Graeco
557 1914 608 1963 in
652 1914 884 1964 Latinum
923 1917 1095 1965 laudes
1133 1916 1525 1980 interpretantur.
1602 1921 1934 1984 Epithalamia
1969 1936 2083 1975 sunt

325 1998 543 2046 carmina
574 1997 888 2061 nubentium,
918 2015 1045 2062 quae
1078 1999 1405 2049 decantantur
1428 2002 1492 2050 ab
1519 2003 1824 2053 scholasticis
1850 2006 1900 2053 in
1931 2007 2085 2056 hono·

324 2096 426 2128 rem
455 2078 623 2143 sponsi
657 2089 705 2129 et
738 2097 964 2144 sponsae.
1039 2082 1184 2130 Haec
1217 2082 1432 2145 primurn
1459 2085 1696 2137 Salomon
1723 2086 1879 2136 edidit
1904 2090 1955 2136 in
1985 2091 2084 2138 lau-

324 2163 438 2210 dem
468 2163 722 2211 Ecclesiae
756 2172 804 2212 et
830 2162 1029 2213 Christi.
1107 2166 1181 2212 Ex
1214 2181 1315 2228 quo
1347 2165 1554 2229 gentiles
1590 2168 1682 2216 sibi
1708 2168 2081 2233 epithalamium

322 2243 648 2305 vindicarunt,
682 2253 730 2293 et
767 2244 905 2294 istius
938 2244 1131 2311 generis
1169 2263 1369 2296 carmen
1405 2250 1726 2313 adsumptum
1764 2260 1850 2300 est.
1927 2254 2079 2314 Quod
2107 2270 2155 2310 25

321 2343 475 2390 genus
508 2327 723 2390 primurn
748 2344 777 2375 a
801 2327 1069 2391 gentilibus
1102 2327 1153 2376 in
1184 2328 1343 2378 scenis
1378 2330 1732 2392 celebrabatur,
1772 2342 1945 2395 postea
1978 2344 2079 2383 tan-

322 2416 427 2454 turn
453 2406 503 2455 in
529 2408 714 2472 nuptiis
740 2409 911 2458 haesit.
973 2413 1223 2459 Vocatum
1249 2420 1415 2460 autem
1443 2412 1815 2475 epithalamium
1837 2431 1912 2475 eo,
1942 2419 2079 2479 quod

237 2499 298 2546 19
321 2487 371 2536 in
396 2490 625 2539 thalamis
652 2493 956 2541 decantetur.
1010 2496 1054 2541 T
1058 2494 1252 2553 hrenOS,
1276 2496 1413 2557 quod
1441 2494 1615 2544 Latine
1640 2497 1913 2546 lamentum
1939 2517 2078 2549 voca-

321 2587 444 2630 mus,
467 2571 655 2636 primus
675 2590 818 2623 versu
840 2574 1076 2624 Ieremias
1101 2575 1366 2639 conposuit
1386 2592 1533 2640 super
1558 2577 1731 2626 urbem
1759 2578 2075 2631 Hierusalem

378 2714 396 2739 1
433 2700 586 2741 Graeca
602 2703 694 2742 lzab.
723 2703 775 2743 T:
806 2717 889 2744 om.
913 2704 1035 2743 BCK
1145 2720 1169 2755 4
1201 2719 1296 2746 esse
1314 2706 1393 2746 BC
1408 2707 1479 2757 (cf.
1507 2707 1591 2748 Ter.
1616 2709 1736 2762 1799)
1761 2723 1771 2748 :
1801 2715 1866 2748 est
1890 2711 1928 2748 T
1978 2711 2075 2752 Hoc

318 2755 390 2796 K:
420 2755 538 2795 Hinc
559 2756 597 2795 T
719 2770 743 2807 5
772 2772 823 2798 eo
845 2772 907 2810 pr.
923 2772 988 2799 uS.
1007 2760 1122 2800 sitK
1241 2764 1267 2800 6
1297 2760 1349 2800 lis
1369 2760 1471 2801 CT:
1500 2761 1570 2801 lex
1586 2762 1674 2802 ΒΚ
1783 2777 1804 2814 7
1836 2764 2014 2816 religate
2046 2768 2084 2805 T

318 2811 530 2860 quendam
544 2825 629 2852 om.
646 2812 706 2850 K¹
807 2815 833 2852 8
863 2814 1031 2864 quidam
1049 2828 1131 2854 om.
1162 2815 1199 2853 T
1283 2829 1310 2866 9
1339 2829 1510 2856 carmen
1528 2830 1610 2858 om.
1631 2818 1680 2856 K
1768 2831 1818 2857 10
1845 2832 1869 2857 a
1885 2819 2018 2861 laced.
2043 2822 2082 2860 T

321 2879 366 2904 11
400 2879 497 2905 nam
515 2866 576 2904 K¹
746 2880 794 2918 13
823 2882 1158 2920 qorumcumque
1187 2870 1224 2908 T
1385 2873 1434 2910 16
1462 2885 1586 2922 quam
1602 2871 1694 2911 viso
1722 2871 1760 2910 T
1862 2880 1904 2912 et
1923 2888 2006 2916 om.
2030 2876 2077 2914 K

322 2933 372 2970 19
401 2921 575 2961 timotoe
603 2921 703 2963 BC:
735 2923 910 2963 timotae
931 2924 978 2962 K
995 2939 1004 2964 :
1034 2924 1211 2964 timothe
1239 2925 1278 2963 T
1435 2939 1489 2965 20
1517 2932 1658 2966 autem
1689 2940 1774 2967 om.
1803 2927 1856 2966 T1
2019 2933 2073 2968 26

317 2976 436 3014 cenis
460 2975 510 3014 C1
677 2977 918 3018 celebratur
937 2978 1045 3018 B1K
1056 2994 1064 3019 :
1097 2980 1422 3021 celebrabantur
1449 2980 1488 3020 T
1666 2995 1716 3032 27
1749 2982 1905 3034 haesit]
1926 2984 2006 3022 erit
2028 2984 2075 3023 K

317 3041 370 3079 ²9
398 3043 548 3070 versus
575 3032 612 3070 T
743 3033 888 3073 orbern
915 3033 992 3074 C1:
1021 3047 1102 3073 om.
1127 3033 1174 3072 K
