2176 3424
416 117 1044 166 ETYMOLOGIARVM
1084 118 1212 164 LIB.
1252 117 1390 164 xvi.
1430 83 1569 164 xxvi'

114 246 324 296 rationes
341 255 454 296 sunt
469 247 533 295 ab
549 248 713 295 Adam
739 262 895 310 usque
920 247 984 294 ad
1006 246 1177 307 Iacob,
1194 263 1251 294 ex
1270 245 1409 294 cuius
1430 246 1617 294 semine
1637 246 1852 296 nascitur

114 330 274 378 omnis
299 345 417 392 gens
445 330 595 377 Israel
618 346 631 388 3
667 337 713 377 et
730 326 899 391 viginti
919 328 1020 376 duo
1037 326 1146 376 libri
1162 327 1354 376 Veteris
1370 327 1678 377 Testamenti
1696 345 1852 392 usque

114 412 178 460 ad
205 413 418 471 Hester3
454 418 502 459 et
526 408 695 473 viginti
721 411 928 459 duarum
955 409 1220 458 litterarum
1247 418 1359 458 sunt
1385 411 1641 470 elementa,
1672 410 1852 473 quibus

116 499 308 540 constat
346 490 540 540 divinae
582 490 700 554 legis
742 490 978 540 doctrina.
1066 490 1162 539 His
1202 490 1344 554 igitur
1383 490 1617 554 exemplis
1657 491 1854 540 modius

68 587 90 626 5
117 573 284 636 viginti
321 575 532 622 duorum
569 572 887 622 sextariorum
923 590 952 621 a
990 575 1166 636 Moyse
1215 574 1491 622 secundum
1530 590 1694 622 sacrae
1736 573 1855 637 legis

117 672 396 703 mensuram
423 657 623 704 effectus
650 664 722 704 est
746 675 754 704 ε
793 663 840 703 et
866 654 1089 718 quamvis
1115 655 1335 704 diversae
1369 665 1538 718 gentes
1574 655 1688 704 huic
1725 672 1857 705 men-

118 753 257 785 surae
290 738 486 800 pondus
521 738 598 785 vel
629 735 845 784 adiciant
874 735 1154 799 ignorantes
1187 739 1264 785 vel
1294 738 1567 796 detrahant,
1595 740 1728 801 apud
1757 740 1858 786 He-

117 819 291 867 braeos
317 817 668 867 constitutione
693 816 860 866 divina
886 817 968 866 tali
984 819 1170 867 ratione
1192 827 1419 867 servatur.
1495 818 1699 868 Modius
1725 818 1858 867 enim

119 917 146 947 a
180 901 331 948 modo
365 898 538 948 dictus.
614 898 751 947 Hinc
789 907 836 947 et
866 898 1076 959 modica,
1106 901 1156 948 id
1193 909 1266 948 est
1302 901 1569 949 moderata.
1644 899 1860 948 Modicis

48 996 96 1024 10
120 981 249 1031 enim
278 982 455 1030 modus
480 998 665 1030 nomen
691 980 908 1044 inposuit
933 1001 942 1030 :
979 998 1094 1030 narn
1122 981 1320 1031 modica
1344 998 1433 1045 pro
1458 981 1617 1045 parvis
1643 982 1859 1041 abusive,

122 1080 222 1111 non
247 1064 441 1126 proprie
467 1064 693 1112 dicimus.
765 1064 935 1112 Satum
961 1080 1115 1127 genus
1135 1073 1207 1113 est
1234 1081 1491 1113 mensurae
1517 1066 1649 1113 iuxta
1674 1081 1861 1112 morem
1887 1080 1933 1113 11

121 1144 400 1208 provinciae
449 1146 732 1205 Palestinae,
779 1162 934 1193 unum
977 1154 1025 1194 et
1066 1145 1329 1194 dimidium
1380 1146 1604 1195 modium
1647 1147 1861 1210 capiens.

123 1227 274 1277 Cuius
301 1244 484 1276 nomen
510 1243 568 1276 ex
603 1227 838 1276 Hebraeo
865 1244 1092 1276 sermone
1129 1237 1337 1276 tractum
1363 1238 1461 1289 est,
1497 1230 1702 1278 ‘satum'
1733 1227 1864 1277 enim

121 1310 254 1371 apud
280 1325 363 1357 eos
390 1307 673 1356 nominatur
698 1310 914 1372 sumptio
940 1308 1041 1358 sive
1067 1310 1257 1369 levatio,
1288 1325 1348 1358 eo
1381 1311 1516 1373 quod
1554 1310 1637 1373 qui
1670 1309 1867 1359 metitur

52 1404 96 1443 15
123 1391 332 1440 eandem
360 1406 638 1438 mensuram
666 1399 826 1438 sumat
852 1407 909 1438 ac
936 1392 1079 1439 levet.
1154 1393 1243 1440 Est
1270 1401 1318 1440 et
1353 1391 1504 1440 alium
1531 1402 1706 1451 satum,
1736 1407 1868 1440 men-

125 1489 235 1521 sura
271 1471 588 1542 sextariorum
624 1471 792 1534 viginti
827 1473 1039 1520 duorum
1075 1489 1226 1536 capax
1258 1472 1399 1536 quasi
1430 1473 1640 1522 modius.
1716 1475 1867 1522 Batus
1892 1481 1946 1517 12

125 1565 324 1604 vocatur
351 1553 600 1603 Hebraica
625 1553 790 1617 lingua
814 1554 877 1602 ab
903 1554 1083 1603 olearia
1110 1556 1253 1615 mola,
1282 1572 1409 1618 quae
1437 1556 1599 1604 ‘beth'
1623 1556 1758 1618 apud
1784 1571 1869 1604 eos

125 1638 201 1685 vel
226 1636 383 1684 ‘bata’
409 1637 702 1695 nominatur,
723 1636 922 1699 capiens
943 1635 1300 1700 quinquaginta
1320 1637 1526 1686 sextaria
1538 1656 1550 1698 3
1583 1654 1710 1700 quae
1736 1654 1872 1686 men·

128 1734 236 1766 sura
261 1735 360 1766 una
384 1720 544 1766 molae
569 1716 675 1766 vice
700 1717 973 1780 proteritur.
1045 1719 1302 1782 Amphora
1321 1728 1495 1767 vocata
1520 1720 1657 1782 quod
1682 1717 1798 1766 hinc
1823 1728 1871 1767 et
1897 1730 1950 1776 13

55 1818 104 1846 20
127 1796 243 1845 inde
268 1797 465 1845 levetur.
541 1797 686 1844 Haec
713 1797 901 1844 Graece
926 1813 955 1844 a
980 1797 1132 1859 figura
1152 1798 1225 1845 sui
1246 1796 1378 1846 dicta
1398 1796 1587 1857 dicitur,
1612 1799 1748 1860 quod
1768 1796 1872 1846 eius

127 1893 275 1926 ansae
310 1879 585 1940 geminatae
622 1876 880 1926 videantur
910 1893 1050 1926 aures
1081 1877 1269 1926 imitari.
1345 1878 1542 1941 Recipit
1572 1888 1737 1928 autem
1772 1878 1871 1927 vini

127 1962 204 2008 vel
229 1976 385 2022 aquae
410 1961 589 2022 pedem
611 1961 921 2022 quadratum,
943 1962 1173 2008 frumenti
1194 1977 1307 2008 vero
1325 1960 1517 2009 modios
1539 1960 1739 2010 Italicos
1760 1970 1868 2009 tres.

130 2042 300 2090 Cadus
326 2043 517 2090 Graeca
541 2042 779 2103 amphora
812 2051 884 2088 est
918 2040 1178 2090 continens
1210 2058 1355 2089 urnas
1389 2051 1499 2090 tres.
1573 2045 1709 2090 Vrna
1741 2059 1873 2091 men·
1896 2055 1948 2101 14

131 2139 240 2171 sura
266 2131 338 2171 est
364 2139 512 2184 quam
541 2121 744 2184 quidam
765 2122 1064 2184 quartarium
1085 2122 1270 2172 dicunt.
1336 2123 1535 2187 Proprie
1559 2134 1725 2173 autem
1751 2141 1874 2172 urna

58 2232 106 2271 25
131 2221 214 2252 vas
251 2213 336 2263 est,
370 2219 496 2266 quae
532 2221 620 2267 pro
658 2204 934 2252 condendis
974 2205 1319 2253 defunctorum
1362 2204 1607 2254 cineribus
1649 2205 1873 2254 adhiberi

132 2287 267 2335 solet.
343 2287 421 2335 De
447 2302 548 2348 quo
574 2295 719 2348 poeta
746 2285 952 2350 (Lucan.
978 2300 1018 2348 7,
1044 2285 1160 2351 819)
1183 2307 1192 2336 ε

468 2369 620 2418 Caelo
658 2367 834 2430 tegitur
870 2369 954 2431 qui
994 2385 1094 2417 non
1131 2369 1282 2416 habet
1319 2385 1506 2416 urnam.

135 2449 394 2498 Medimna
426 2465 654 2497 mensura
690 2457 762 2497 est
799 2448 1018 2512 quinque
1056 2449 1350 2499 modiorum.
1412 2449 1673 2499 Medimna
1708 2459 1873 2499 autem
1898 2458 1951 2507 15

136 2529 309 2578 Latina
335 2529 499 2593 lingua
523 2539 738 2590 vocatur,
766 2530 817 2578 id
844 2540 916 2579 est
951 2530 1168 2591 dimidia,
1198 2549 1258 2581 eo
1287 2533 1423 2594 quod
1449 2531 1669 2595 quinque
1696 2531 1874 2580 modiis

61 2639 112 2679 30
135 2611 374 2672 metiatur,
403 2611 486 2675 qui
512 2621 584 2660 est
609 2611 843 2661 dimidius
868 2629 1100 2661 numerus
1125 2630 1153 2661 a
1179 2615 1396 2676 perfecto
1421 2613 1638 2662 denario.
1690 2613 1875 2662 Artaba
1898 2614 1957 2661 16

192 2755 216 2792 3
246 2748 344 2781 sunt
363 2742 440 2783 litt.
462 2741 622 2791 K(non
642 2742 691 2788 C)
749 2744 776 2780 6
804 2755 1043 2780 mensuram
1064 2755 1114 2780 ex
1130 2743 1380 2792 scripturam
1402 2742 1448 2779 K
1516 2756 1537 2791 7
1566 2743 1798 2792 ignoranss*
1822 2742 1879 2780 Βι

142 2809 191 2837 10
219 2796 387 2848 modus]
406 2796 544 2835 modis
565 2796 703 2834 Tante
717 2809 817 2836 corr.
900 2810 944 2834 11
979 2795 1146 2836 Statum
1162 2796 1204 2834 Β
1218 2801 1312 2837 ante
1328 2810 1427 2837 corr.
1522 2811 1570 2846 14
1600 2798 1670 2847 qui
1688 2803 1826 2836 metur
1849 2797 1886 2836 T

145 2862 190 2900 15
219 2851 332 2890 aliud
353 2850 399 2888 K
491 2857 675 2890 sumtum
703 2849 741 2887 T
824 2864 870 2901 17
903 2852 1003 2890 beth
1028 2865 1110 2890 om.
1135 2851 1222 2890 ΒΚ
1318 2853 1368 2890 18
1397 2853 1465 2891 vel
1485 2851 1601 2903 bata]
1621 2852 1787 2891 valbata
1807 2851 1854 2891 K
1870 2866 1879 2891 ε

139 2905 226 2944 vult
245 2906 341 2944 bata
360 2905 417 2944 Β1
554 2918 638 2955 qua
656 2903 702 2942 K
726 2923 743 2937 -<
885 2919 933 2956 19
962 2907 1072 2945 mola
1092 2905 1139 2943 K
1290 2906 1454 2946 Anfora
1474 2906 1585 2946 codd.
1612 2907 1693 2956 (hic
1709 2911 1746 2945 et
1763 2907 1882 2954 alibi)

140 2966 313 3000 vocatur
330 2960 376 2999 K
511 2974 564 2999 20
595 2973 670 2999 sua
691 2958 731 2996 Β
842 2960 970 3011 dicta]
992 2959 1122 2999 ὤατον
1143 2961 1321 3000 Hultsch
1462 2974 1513 3000 22
1542 2962 1820 3010 quadrantem
1841 2961 1883 2999 Β

143 3021 230 3053 tres
249 3027 332 3054 om.
355 3014 400 3051 K
491 3027 542 3063 23
575 3015 691 3053 Orna
713 3013 758 3050 K
855 3027 906 3063 24
937 3028 1039 3054 orna
1058 3014 1104 3053 K
1203 3028 1254 3065 25
1285 3029 1391 3066 quae
1411 3018 1535 3056 etiam
1561 3015 1595 3054 C
1659 3015 1756 3067 pro]
1779 3023 1822 3055 et
1841 3015 1887 3053 K

144 3081 193 3117 27
224 3067 428 3108 ornamK
535 3081 588 3118 30
619 3082 643 3107 a
664 3082 744 3108 om.
772 3067 816 3105 K
