2228 3444
476 121 1106 169 ETYMOLOGIARVM
1146 123 1274 169 LIB.
1315 124 1432 170 VII.
1473 122 1518 169 vi

128 258 314 312 patrem
341 249 581 314 gessisset,
611 249 711 299 sive
737 252 873 313 quod
899 252 949 298 in
974 252 1082 314 ipso
1109 252 1240 301 bello
1268 251 1432 301 David
1463 261 1693 316 pacatum
1719 253 1869 303 fuisse
1927 316 1933 318 ψ

125 331 299 394 legitur
308 332 423 392 filio,
439 334 567 381 adeo
583 341 636 381 ut
653 332 800 381 etiam
810 349 990 397 magno
1007 335 1303 383 cumdolore
1321 334 1589 383 extinctum
1599 337 1864 399 plangeret.

126 413 354 464 Roboam
381 414 590 463 latitudo
614 414 798 478 populi,
828 423 875 464 et
901 414 1046 478 ipsud
1071 433 1157 478 per
1181 416 1499 479 antiphrasin,
1529 419 1665 480 quod
1691 419 1865 467 decem
1892 421 1961 469 68

122 494 345 543 tribubus
379 496 442 544 ab
475 512 534 544 eo
565 496 812 559 separatis,
841 498 969 546 duae
1006 506 1197 545 tantum
1236 497 1280 547 ei
1318 497 1515 547 relictae
1553 499 1663 547 sint.
1737 499 1866 548 Abia
1893 505 1969 563 69

76 592 97 632 5
122 585 258 639 pater
301 576 561 638 Dominus,
607 579 683 626 vel
720 586 856 642 pater
893 578 996 627 fuit.
1071 581 1172 628 Asa
1215 582 1406 639 tollens,
1447 580 1547 629 sive
1585 583 1863 631 sustollens.

123 660 357 721 Iosaphat
386 659 590 707 Domini
616 659 870 710 iudicium.
924 662 1101 720 Ioram,
1128 663 1212 724 qui
1233 671 1306 711 est
1326 664 1559 711 excelsus.
1623 663 1863 712 Achazias

119 741 497 803 adprehendens
548 741 838 791 Dominum.
930 743 1130 792 Athalia
1183 754 1379 807 tempus
1434 744 1654 793 Domini.
1749 748 1862 795 Ioas
1887 763 1953 812 70

119 821 320 884 spirans,
348 825 423 872 vel
451 822 655 871 Domini
681 824 840 873 robur.
917 827 1142 874 Amasias
1173 828 1413 889 populum
1449 828 1640 875 tollens.
1717 829 1861 877 Ozias
1887 847 1939 895 71

119 904 353 953 fortitudo
392 904 610 953 Domini.
686 905 882 954 Azarias
930 907 1166 955 auxilium
1212 907 1433 956 Domini.
1508 907 1653 957 Ozias
1695 919 1862 958 autem

49 1004 96 1031 10
118 987 221 1049 ipse
254 996 327 1035 est
360 988 443 1049 qui
477 988 674 1036 Azarias
705 989 890 1051 duplici
926 989 1143 1038 nomine.
1236 991 1337 1039 Iste
1375 999 1447 1039 est
1484 990 1581 1054 qui,
1621 990 1863 1040 inlicitum

118 1067 209 1116 sibi
246 1068 575 1118 sacerdotium
612 1071 861 1119 vindicare
895 1081 1116 1132 conatus,
1151 1073 1285 1135 lepra
1322 1072 1372 1120 in
1409 1074 1569 1122 fronte
1601 1090 1861 1137 percussus

116 1159 202 1198 est.
277 1152 505 1199 Ioatham
532 1160 603 1200 est
629 1153 887 1215 perfectus.
962 1154 1225 1202 Pulchram
1251 1154 1599 1218 etymologiam
1626 1155 1856 1206 nominis.
1886 1170 1947 1220 72

117 1232 253 1280 Fecit
296 1231 426 1280 enim
470 1242 658 1281 rectum
701 1233 751 1281 in
788 1243 1058 1298 conspectu
1103 1234 1323 1295 Domini,
1369 1246 1416 1285 et
1455 1246 1647 1300 portam
1691 1239 1862 1303 templi

117 1313 393 1363 aedificavit
435 1317 691 1364 excelsam.
766 1318 933 1364 Achaz
974 1318 1369 1380 adprehendens.
1446 1319 1681 1368 Ezechias
1725 1321 1860 1370 fortis
1885 1337 1949 1385 73

44 1413 91 1454 15
120 1396 378 1445 Dominus.
456 1399 688 1446 Manasse
731 1398 1014 1447 obliviosus.
1090 1402 1182 1448 Per
1223 1402 1379 1449 multa
1418 1402 1551 1449 enim
1593 1403 1776 1452 scelera
1815 1413 1862 1452 et

118 1477 367 1541 sacrilegia
390 1478 651 1542 reliquerat
678 1487 724 1527 et
751 1479 934 1529 oblitus
965 1482 1120 1529 fuerat
1153 1482 1334 1530 Deum.
1365 1479 1487 1547 [sive
1514 1485 1649 1546 quod
1677 1484 1860 1534 oblitus

116 1568 188 1607 est
210 1562 345 1609 Deus
372 1571 686 1624 peccatorum
705 1559 869 1627 illius.]
931 1565 1099 1611 Amon
1120 1563 1279 1612 fidelis
1300 1566 1375 1613 vel
1401 1575 1622 1614 onustus.
1688 1566 1856 1628 Iosias,
1886 1584 1948 1633 74

116 1640 200 1689 ubi
237 1651 309 1690 est
345 1644 603 1692 incensum
637 1642 855 1703 Domini,
890 1644 1084 1708 propria
1123 1645 1418 1709 etymologia
1449 1647 1680 1696 nominis.
1756 1651 1858 1698 Iste

116 1719 229 1788 [est]
249 1721 379 1772 enim
397 1724 481 1788 qui
503 1724 762 1772 simulacra
781 1724 1051 1775 conbussit.
1098 1729 1308 1776 Ioachaz
1323 1728 1568 1778 robustus.
1617 1732 1856 1793 Ioachim,
1883 1747 1943 1797 75

42 1823 92 1851 20
114 1803 199 1852 ubi
225 1814 297 1853 est
322 1808 639 1870 praeparatio.
726 1808 967 1856 Eliachim
997 1809 1091 1856 Dei
1112 1809 1414 1859 resurrectio.
1477 1812 1703 1862 Ieconias
1729 1831 1861 1877 prae-

113 1889 300 1950 paratio
328 1888 546 1938 Domini.
621 1889 886 1940 Sedechias
907 1892 1061 1939 iustus
1090 1891 1309 1940 Domini.
1385 1894 1647 1943 Ieroboam
1677 1895 1859 1945 iudica·
1884 1903 1951 1963 76

114 1970 182 2017 tio
207 1968 307 2018 sive
335 1986 482 2019 causa
500 1971 682 2034 populi,
707 1974 796 2032 vel,
819 1981 871 2019 ut
897 1971 1101 2035 quidam
1125 1974 1277 2031 aiunt,
1301 1973 1476 2023 divisio
1498 1974 1855 2039 interpretatur,

114 2067 201 2113 pro
232 2068 292 2100 eo
326 2053 462 2114 quod
497 2052 547 2100 in
578 2069 728 2116 regno
760 2052 863 2101 eius
898 2052 1083 2102 divisus
1114 2053 1174 2102 sit
1203 2056 1415 2117 populus
1448 2058 1614 2118 Israel,
1647 2068 1694 2108 et
1724 2077 1858 2123 prae-

113 2131 240 2181 cisus
269 2150 297 2181 a
322 2150 472 2197 regno
499 2134 657 2198 stirpis
685 2136 862 2184 David.
940 2134 1209 2184 Divisionis
1236 2135 1368 2184 enim
1394 2138 1565 2201 populi
1591 2157 1738 2190 causa
1763 2141 1854 2190 iste

44 2236 89 2277 25
113 2216 279 2263 extitit.
354 2215 550 2264 Zambri
583 2218 799 2279 psalmus
825 2218 901 2265 vel
934 2216 1184 2266 canticum
1215 2235 1396 2267 meum.
1472 2220 1612 2269 Omri
1637 2224 1854 2286 crispans
1880 2235 1941 2285 77

171 2355 187 2380 1
221 2344 378 2394 egisset
399 2343 444 2382 K
644 2346 757 2398 ipso]
781 2346 850 2385 illo
874 2347 907 2385 C
1109 2347 1264 2399 David]
1288 2349 1485 2388 dixerunt
1507 2350 1552 2387 K
1567 2352 1665 2402 (pro
1686 2353 1755 2402 dd,
1779 2354 1804 2393 i.
1821 2368 1849 2395 e.

114 2399 273 2451 David)
440 2405 608 2449 pactum
632 2399 681 2439 61
703 2415 711 2439 :
742 2407 960 2451 peccatum
980 2400 1024 2438 K
1186 2416 1210 2440 2
1257 2404 1509 2454 plangerent
1533 2405 1582 2444 61
1604 2420 1612 2444 :
1642 2407 1854 2458 plangerit

113 2452 159 2491 K
319 2467 343 2504 3
372 2454 505 2506 quod]
528 2461 571 2494 ut
592 2455 637 2492 K
658 2455 759 2505 (non
780 2456 843 2505 A)
1012 2469 1035 2503 4
1064 2457 1253 2496 tribubus
1277 2458 1312 2496 C
1328 2459 1430 2509 (non
1451 2461 1513 2511 A)
1638 2461 1711 2513 eo]
1734 2463 1795 2502 eis
1811 2463 1857 2501 K

114 2512 214 2553 (non
235 2508 298 2560 A)
492 2510 606 2562 sep.]
629 2516 694 2548 set
716 2511 902 2559 parentis
925 2510 975 2549 61
1175 2517 1272 2551 sunt
1292 2512 1434 2552 ΑΒ61
1644 2516 1754 2555 Abia
1775 2549 1782 2556 .
1806 2547 1816 2557 .
1838 2548 1848 2558 .

113 2562 209 2602 fort.
235 2563 403 2602 Domini
427 2565 468 2615 (ξ
495 2570 561 2615 71)
585 2578 668 2604 om.
691 2564 737 2603 K
844 2578 869 2615 5
900 2565 1023 2605 tolles
1040 2565 1101 2604 C:
1121 2567 1270 2606 dolens
1290 2567 1378 2605 AB
1487 2569 1615 2621 sust.]
1636 2572 1852 2611 sustinens

114 2616 149 2654 C
167 2618 268 2668 (non
284 2618 345 2667 A)
515 2632 536 2668 7
565 2620 896 2668 deprehendens
918 2621 952 2660 C
968 2620 1070 2670 (non
1090 2621 1153 2672 A)
1321 2624 1346 2660 8
1375 2623 1503 2662 robur
1522 2638 1571 2662 ex
1588 2626 1718 2664 rubor
1737 2626 1852 2665 AT:

111 2671 226 2710 solus
248 2671 297 2710 61
462 2687 488 2724 9
518 2674 645 2712 Ozias
663 2680 800 2714 autem
823 2705 833 2715 .
857 2706 866 2715 .
893 2705 903 2715 .
925 2676 1100 2715 Azarias
1130 2689 1216 2716 om.
1235 2676 1282 2714 K
1419 2684 1559 2717 autern
1581 2693 1661 2718 om.
1685 2680 1726 2718 Β
1749 2682 1852 2732 (non

113 2726 175 2776 A)
365 2739 413 2766 10
434 2734 497 2767 est
518 2742 601 2768 om.
624 2727 670 2766 K
689 2730 789 2781 (non
810 2730 872 2781 A)
1108 2730 1293 2771 inlicitus
1311 2731 1355 2769 Β
1374 2746 1383 2771 :
1414 2733 1574 2772 inlicite
1595 2734 1642 2772 K
1659 2735 1762 2786 (non
1783 2736 1847 2780 A)

117 2793 165 2818 12
195 2781 367 2830 pulchre
388 2780 435 2820 K
633 2797 681 2832 14
709 2783 874 2836 Achaz]
898 2785 1107 2824 Achazias
1130 2785 1276 2836 (Aca-)
1299 2786 1388 2824 ΒΚ
1552 2800 1599 2838 15
1628 2789 1785 2828 domini
1806 2788 1854 2827 K

113 2834 209 2886 per]
225 2849 326 2886 prae
343 2835 389 2874 K
496 2838 559 2877 vel
575 2839 784 2888 permulta
894 2840 1129 2889 deliquerat
1142 2840 1350 2892 Schwarz,
1361 2843 1467 2892 fort.
1490 2848 1586 2881 recle
1700 2846 1749 2882 16
1780 2845 1847 2883 dei

120 2888 199 2928 TU
318 2891 409 2931 sive
434 2923 441 2931 .
465 2922 473 2931 .
497 2924 504 2932 .
528 2893 637 2932 illius
656 2893 749 2933 hab.
773 2892 807 2934 C
812 2893 912 2933 T2U
924 2909 932 2934 :
963 2908 1046 2934 om.
1069 2893 1156 2932 ΒΚ
1163 2894 1212 2932 Τ1
1345 2909 1390 2946 17
1423 2897 1478 2936 sit
1500 2896 1535 2935 C
1642 2898 1848 2938 honestus

116 2943 227 2996 (on-)
249 2944 361 2986 codd.
501 2949 550 2986 18
582 2947 770 2998 Domini]
793 2949 860 2988 dei
882 2948 928 2987 K
1066 2963 1115 3000 19
1144 2955 1208 2989 est
1228 2963 1310 2990 om.
1335 2949 1424 2989 ΒΚ
1438 2966 1446 2990 :
1476 2952 1570 2991 lzab.
1595 2951 1671 2990 CT
1777 2954 1848 3002 qui

113 3010 195 3038 om.
220 2996 266 3036 K
426 3014 480 3041 20
510 3001 712 3042 Eliachim
735 3003 836 3055 Dei]
857 3005 1051 3044 hebraice
1073 3005 1116 3043 in
1139 3006 1218 3044 deo
1240 3004 1286 3043 K
1300 3005 1403 3057 (non
1425 3006 1465 3044 Α
1473 3008 1488 3058 >
1638 3020 1688 3044 22
1717 3008 1847 3048 veluti

113 3051 180 3091 B:
210 3053 276 3092 vel
303 3053 340 3092 T
457 3069 509 3106 24
539 3069 624 3106 reg.
646 3057 687 3097 in
708 3057 801 3098 stir.
824 3058 872 3097 61
983 3070 1034 3108 25
1063 3059 1134 3098 Za.
1157 3060 1223 3098 vel
1245 3073 1308 3110 ps.
1333 3059 1379 3099 K
1488 3073 1624 3098 meum
1643 3059 1747 3103 BT:
1778 3063 1846 3102 vel

113 3107 314 3156 hymnum
347 3108 472 3161 (ym-)
508 3109 586 3149 CK
686 3138 693 3143 «
745 3113 878 3152 ombri
911 3113 966 3154 C:
1010 3114 1141 3152 umbri
1173 3112 1218 3152 K
