2176 3424
1081 108 1354 157 ISIDORI

345 235 591 284 contrario
624 244 814 284 tantum
850 243 923 283 est
957 235 1130 297 frigida
1156 246 1208 282 ut
1242 235 1442 283 obrutas
1470 237 1606 283 nives
1642 236 1792 282 fluere
1818 249 1920 282 non
1946 233 2088 293 sinat,

345 320 473 367 adeo
500 317 660 367 calida
684 326 738 366 ut
764 325 1092 366 maturescere
1117 333 1265 380 poma
1290 316 1551 380 conpellat.

266 401 323 440 IV
485 403 568 448 DE
594 415 964 449 LEGVMINIBVS.
1015 400 1291 463 Legumina
1308 416 1337 446 a
1353 400 1566 461 legendo
1592 396 1737 457 dicta,
1759 397 1898 460 quasi
1915 399 2071 447 electa
2080 414 2093 458 3

348 491 536 532 veteres
569 482 701 532 enim
727 481 930 531 meliora
963 496 1190 544 quaeque
1226 480 1488 544 legebant3
1539 479 1640 528 sive
1674 481 1809 542 quod
1847 496 1996 528 manu
2033 481 2096 528 le-

296 577 326 611 2
349 574 525 628 gantur
548 582 641 613 nec
667 564 938 613 sectionem
976 563 1236 626 requirant.
1313 561 1642 626 Leguminum
1669 562 1878 624 plurima
1901 578 2094 624 genera,
2121 586 2143 627 5

351 664 409 696 ex
446 647 626 710 quibus
665 648 791 706 faba,
820 647 1065 704 lenticula,
1099 644 1275 708 pisum,
1309 646 1529 702 faselum,
1566 643 1706 703 cicer,
1736 643 1960 706 lupinum
1998 659 2098 706 gra-

296 743 327 791 3
350 729 472 778 tiora
499 729 548 776 in
579 745 723 777 usum
756 728 1016 777 hominum
1042 726 1283 775 videntur.
1358 727 1493 774 Faba
1521 727 1711 774 Graeca
1743 724 2038 788 etymologia
2070 741 2098 772 a

351 812 601 860 vescendo
627 810 924 859 vocabulum
952 808 1174 872 sumpsit,
1203 807 1343 871 quasi
1375 809 1513 871 faga3
1552 811 1720 872 φαγεῖν
1753 806 1885 856 enirn
1912 809 2100 856 Graece

352 895 615 943 comedere
649 892 839 942 dicitur.
914 890 1135 940 Primum
1173 890 1305 940 enim
1344 890 1571 939 homines
1608 890 1706 938 hoc
1742 887 1990 952 legumine
2026 887 2101 937 usi

352 984 478 1024 sunt.
552 975 718 1023 Huius
757 973 945 1038 species
984 975 1127 1034 duae,
1174 989 1382 1035 quarum
1422 973 1573 1020 altera
1616 970 1908 1031 communis,
1951 972 2102 1019 altera
2129 986 2176 1014 10

297 1065 330 1112 4
354 1058 609 1123 Aegyptia.
682 1059 817 1106 Faba
843 1059 967 1106 fresa
1004 1055 1136 1106 dicta
1173 1073 1233 1105 eo
1267 1056 1404 1119 quod
1438 1072 1494 1104 ea
1529 1054 1754 1104 homines
1780 1055 2023 1114 frendant,
2050 1053 2102 1102 id

299 1150 330 1202 5
354 1151 426 1191 est
466 1143 702 1205 frangant,
746 1149 794 1189 et
838 1141 1075 1188 molendo
1115 1139 1454 1188 conminuant.
1530 1136 1698 1186 Lentis
1746 1145 1920 1185 vocata
1967 1137 2103 1199 quod

295 1224 330 1272 6
354 1225 559 1272 humida
580 1232 627 1272 et
651 1225 784 1272 lenta
810 1231 896 1282 est,
923 1223 1000 1270 vel
1035 1223 1170 1284 quod
1196 1222 1431 1269 adhaeret
1456 1219 1610 1269 humi.
1683 1221 1912 1267 Faselum
1937 1227 2102 1266 autem

301 1316 330 1368 7
355 1315 402 1354 et
418 1307 546 1354 cicer
562 1306 751 1354 Graeca
770 1305 974 1353 nomina
991 1313 1117 1352 sunt.
1181 1304 1278 1351 Sed
1298 1304 1503 1351 faselum
1531 1341 1540 1351 .
1570 1340 1579 1351 .
1608 1340 1617 1350 .
1682 1301 1931 1364 Lupinum
1959 1302 2104 1350 Grae-

356 1405 469 1437 cum
490 1397 538 1437 et
564 1389 709 1451 ipsud
729 1404 915 1436 nomen
931 1396 1003 1436 est
1025 1405 1033 1434 :
1071 1387 1134 1435 de
1160 1402 1260 1448 quo
1285 1384 1528 1449 Vergilius
1555 1383 1754 1449 (Georg.
1779 1402 1818 1442 1,
1842 1383 1923 1448 75)
1945 1403 1954 1434 ε
2130 1407 2176 1449 15

986 1467 1274 1531 Tristesque
1310 1466 1479 1531 lupini,

356 1551 471 1615 quia
497 1553 685 1600 vultum
711 1552 950 1615 gustantis
986 1549 1314 1599 amaritudine
1348 1547 1668 1609 contristant3
1723 1548 1855 1596 unde
1880 1563 1965 1596 eos
1992 1564 2106 1611 prae

303 1640 333 1688 8
356 1633 683 1683 amaritudine
709 1650 800 1682 nec
837 1633 1014 1681 vermis
1049 1649 1140 1680 nec
1177 1633 1331 1680 ullum
1368 1631 1551 1678 animal
1587 1629 1817 1679 comedit.
1891 1629 2104 1690 Medica,

357 1716 498 1777 vicia,
531 1732 699 1765 ervum
737 1715 1032 1778 pabulorum
1071 1715 1258 1777 optima
1295 1721 1421 1761 sunt.
1497 1713 1699 1760 Medica
1737 1711 1885 1772 dicta,
1923 1713 2037 1774 quia
2077 1727 2106 1759 a

360 1800 524 1847 Medis
551 1799 782 1847 translata
808 1806 880 1846 est
914 1796 963 1844 in
991 1795 1249 1845 Graeciam
1288 1803 1511 1858 tempore
1544 1810 1644 1856 quo
1670 1810 1778 1842 eam
1809 1796 1990 1842 Xerxes
2024 1809 2105 1841 rex
2132 1808 2176 1838 ac

360 1883 616 1929 Persarum
643 1878 832 1927 invasit.
891 1881 1034 1927 Haec
1054 1879 1206 1926 semel
1223 1876 1395 1925 seritur
1411 1885 1459 1924 et
1484 1877 1657 1925 decem
1677 1875 1819 1924 annis
1838 1884 2103 1939 permanet,

300 1981 334 2027 9
360 1962 426 2011 ita
463 1971 515 2010 ut
553 1971 725 2026 quater
760 1962 836 2010 vel
874 1960 1028 2009 sexies
1061 1958 1212 2022 possit
1250 1975 1335 2022 per
1359 1974 1544 2006 annum
1572 1956 1736 2006 recidi.
1811 1957 1952 2005 Vicia
1977 1956 2108 2005 dicta

362 2047 498 2108 quod
535 2045 613 2093 vix
649 2046 712 2093 ad
750 2044 991 2107 triplicem
1026 2041 1278 2106 perveniat
1315 2042 1544 2101 fructum,
1581 2057 1694 2088 cum
1731 2039 1825 2088 alia
1860 2041 2108 2102 legumina

361 2135 653 2190 proventum
680 2126 895 2174 habeant
920 2124 1156 2174 fertilem:
1194 2124 1328 2172 unde
1354 2131 1402 2171 et
1427 2121 1670 2186 Vergilius
1698 2120 1896 2186 (Georg.
1923 2139 1961 2181 1,
1979 2136 2001 2183 7
2011 2120 2084 2185 5):

911 2210 979 2255 Vt
1014 2205 1176 2255 tenuis
1213 2207 1339 2254 fetus
1376 2203 1543 2253 viciae.
2133 2234 2172 2275 ,ἑ

280 2303 339 2340 10
365 2290 697 2353 Pisum,quod
708 2306 767 2339 eo
785 2285 1662 2353 pensabaturaliquidauriminutum.
1708 2287 1837 2334 Nam
1850 2285 2106 2348 pisaurum

295 2393 339 2427 11
364 2372 554 2422 dicitur.
630 2374 813 2421 Ervum
857 2389 885 2419 a
924 2372 1117 2420 Graeco
1160 2370 1305 2418 trahit
1347 2368 1678 2426 vocabulum3
1740 2369 1836 2415 hoc
1872 2366 2003 2416 enim
2041 2365 2108 2414 illi

424 2517 440 2541 1
474 2508 593 2542 tanto
615 2502 724 2542 codd.
882 2503 982 2540 sinit
1011 2501 1048 2539 T
1201 2514 1224 2538 2
1254 2499 1496 2550 conpellant
1518 2499 1561 2536 D
1710 2511 1735 2548 3
1769 2499 1869 2548 Leg.
1893 2498 2046 2536 alendo
2069 2497 2110 2534 D

365 2559 476 2598 dicta
497 2571 578 2597 om.
605 2557 664 2596 Dl
756 2570 860 2607 quas
881 2558 931 2596 el.
965 2556 1001 2594 T
1105 2569 1128 2605 4
1160 2555 1344 2605 ligantur
1365 2553 1410 2591 K
1517 2566 1541 2603 5
1572 2553 1668 2604 nec]
1694 2566 1748 2591 ne
1776 2553 1813 2591 T
1915 2555 1941 2590 6
1971 2553 2106 2602 pisum

365 2627 448 2653 om.
478 2613 514 2651 T
591 2613 617 2651 8
647 2611 814 2663 φαγεῖν]
835 2612 927 2661 fage
947 2610 1055 2650 codd.
1147 2623 1196 2649 10
1224 2610 1297 2649 alt.
1317 2608 1426 2658 Aeg.
1446 2607 1517 2647 alt.
1537 2621 1686 2647 comm.
1717 2607 1754 2644 T
1835 2619 1880 2646 11
1913 2605 2110 2645 frescaK

366 2681 458 2707 eam
479 2667 570 2707 dett.
671 2667 847 2705 fendant
873 2666 910 2704 T
1059 2678 1105 2703 12
1136 2671 1178 2704 et
1199 2664 1295 2704 mol.
1317 2676 1378 2702 co.
1401 2676 1482 2703 om.
1515 2663 1551 2701 T
1705 2675 1752 2712 13
1782 2661 1917 2712 humi]
1939 2660 2107 2699 humida

366 2723 454 2762 DT
643 2734 690 2771 14
722 2722 854 2760 circer
882 2721 918 2759 T
1063 2721 1140 2759 sed
1161 2720 1234 2759 fas.
1256 2732 1337 2758 om.
1361 2717 1441 2756 CK
1459 2719 1560 2767 (non
1582 2716 1722 2768 EUV)
1915 2728 1960 2764 17
1990 2722 2101 2764 gust.

366 2777 687 2817 amaritudinem
708 2777 751 2815 D
920 2776 967 2814 18
997 2775 1193 2814 comedet
1215 2773 1407 2826 (comm-)
1437 2773 1513 2811 TD
1706 2784 1754 2821 19
1783 2770 1954 2809 erumbo
1975 2782 2041 2819 pa.
2065 2768 2110 2805 K

367 2847 392 2872 a
413 2832 587 2871 medicis
607 2830 653 2868 K
872 2845 924 2870 20
954 2843 1032 2868 rex
1051 2843 1133 2869 om.
1156 2828 1202 2866 K
1407 2839 1455 2865 21
1488 2826 1610 2866 simul
1631 2825 1741 2864 codd.
1943 2824 2043 2863 anni
2064 2822 2110 2860 K

367 2892 618 2937 permanent
637 2885 681 2923 D
844 2897 895 2936 23
927 2885 1018 2936 vix]
1041 2885 1107 2923 vis
1127 2884 1170 2923 D
1328 2884 1380 2921 26
1413 2882 1511 2921 Pisu
1531 2880 1599 2920 K:
1631 2880 1729 2919 Pisa
1749 2878 1838 2917 DT
1954 2891 2004 2917 ea
2025 2877 2112 2916 DT

367 2955 513 2981 aurum
554 2941 622 2980 mi.
665 2939 710 2978 K
745 2945 841 2978 ante
878 2953 976 2981 corr.
1171 2950 1267 2977 narn
1309 2936 1528 2976 Pisaurum
1566 2936 1646 2975 dic.
1686 2935 1798 2984 quod
1837 2933 1919 2972 illic
1957 2945 2105 2972 aurum

368 3003 590 3046 pensatum
612 3002 676 3034 est
695 2993 809 3034 Serv.
831 2996 891 3033 ad
906 2995 1010 3035 Aen.
1035 2995 1073 3044 6,
1092 2995 1182 3043 825.
1244 2990 1447 3044 Nugatmss
1464 2990 1650 3030 Isidorus
