2176 3424
334 117 967 166 ETYMOLOGIARVM
1005 119 1133 164 LIB.
1174 118 1371 164 XVIII.
1411 115 1613 163 xliii—liii

100 259 300 308 ctorem,
341 249 425 311 qui
471 256 738 311 antequam
787 249 995 296 mimum
1034 258 1249 311 agerent,
1299 246 1519 295 fabulam
1562 248 1847 309 pronuntia-

100 328 267 397 re[n]t.
340 332 471 379 Nam
497 330 690 378 fabulae
717 331 783 378 ita
807 330 1220 392 conponebantur
1245 346 1273 377 a
1299 330 1458 391 poetis
1483 338 1536 376 ut
1561 327 1845 391 aptissimae

101 422 265 461 essent
290 413 445 461 motui
470 411 703 475 corporis.

238 497 318 542 DE
355 508 749 542 SALTATOROEVS.
822 494 1087 541 Saltatores
1136 501 1302 540 autem
1350 491 1634 540 nominatos
1689 494 1845 540 Varro
1871 504 1903 540 L

53 593 76 632 5
101 576 219 625 dicit
243 576 307 623 ab
332 576 527 624 Arcade
551 574 695 635 Salio,
723 591 872 637 quern
906 576 1102 623 Aeneas
1129 575 1179 621 in
1206 573 1398 622 Italiam
1427 590 1596 622 secum
1622 572 1843 630 adduxit,

99 657 283 720 quique
309 656 468 719 primo
492 656 660 705 docuit
688 658 946 704 Romanos
971 657 1313 704 adolescentes
1338 655 1532 703 nobiles
1558 657 1749 703 saltare.

236 741 378 800 va
395 751 498 793 Qvo
514 751 760 786 PATRONO
778 751 999 785 AGATVR.
1040 739 1103 784 Et
1120 746 1192 785 est
1208 738 1353 800 plane
1369 737 1419 784 in
1435 736 1619 784 artibus
1636 735 1843 785 scenicis
1867 746 1922 784 LI

102 818 266 867 Liberi
303 828 350 867 et
387 820 593 867 Veneris
635 818 976 882 patrocinium,
1016 835 1143 881 quae
1182 817 1369 881 privata
1408 827 1455 866 et
1497 817 1693 880 propria
1729 827 1844 866 sunt

101 918 290 960 scenae,
319 903 382 950 de
413 910 552 964 gestu
583 909 631 949 et
660 902 877 963 corporis
911 902 1058 949 fluxu.
1134 902 1265 948 Nam
1297 899 1554 948 mollitiam
1586 900 1768 948 Libero
1798 910 1846 948 et

29 998 78 1027 10
99 981 280 1032 Veneri
317 981 637 1041 inmolabant,
681 981 748 1030 illi
790 999 876 1045 per
914 999 1099 1042 sexum,
1141 981 1209 1029 illi
1248 998 1334 1045 per
1372 983 1540 1030 luxum
1581 980 1844 1030 dissoluti:

98 1080 224 1126 quae
250 1081 364 1112 vero
390 1063 458 1112 ibi
482 1063 687 1113 vocibus
713 1072 761 1112 et
787 1063 948 1113 modis
974 1073 1022 1112 et
1054 1062 1248 1127 organis
1274 1073 1322 1112 et
1356 1062 1467 1126 lyris
1497 1062 1843 1126 transiguntur,

97 1145 354 1209 Apol—lines
379 1155 426 1194 et
453 1147 622 1194 Musas
648 1155 696 1194 et
722 1145 972 1195 Minervas
999 1155 1047 1195 et
1076 1144 1349 1194 Mercurios
1375 1153 1612 1207 patronos
1639 1144 1843 1194 habent.

99 1229 251 1289 Quod
293 1229 647 1291 spectaculum,
689 1226 982 1287 Christiane,
1027 1229 1177 1277 odere
1226 1227 1394 1287 debes,
1437 1243 1649 1290 quorum
1697 1226 1846 1276 odisti

97 1318 337 1358 auctores.

29 1403 75 1443 ¹5
235 1393 318 1439 DE
342 1405 779 1439 AMPHlTHEATRO.
840 1390 1275 1453 Amphitheatrum
1300 1392 1438 1438 locus
1463 1400 1537 1439 est
1561 1391 1842 1452 spectaculi,
1868 1395 1944 1434 LlI

99 1473 183 1522 ubi
209 1483 429 1536 pugnant
447 1472 756 1536 gladiatores.
830 1475 894 1521 Et
927 1474 1044 1522 inde
1074 1474 1246 1521 ludum
1280 1471 1625 1535 gladiatorium
1655 1470 1844 1520 dictum

99 1556 235 1618 quod
267 1554 318 1603 in
348 1572 408 1604 eo
438 1554 638 1603 iuvenes
672 1571 815 1603 usum
851 1571 1100 1603 armorum
1137 1555 1331 1603 diverso
1365 1563 1502 1603 motu
1538 1552 1845 1612 condiscant,

98 1647 146 1686 et
171 1638 324 1687 modo
363 1637 487 1686 inter
512 1654 564 1686 se
588 1645 672 1685 aut
696 1635 870 1699 gladiis
897 1645 981 1684 aut
1007 1635 1183 1699 pugnis
1209 1645 1467 1694 certantes,
1498 1636 1650 1683 modo
1676 1644 1847 1683 contra

100 1719 280 1768 bestias
306 1720 622 1778 incedentes,
662 1718 747 1766 ubi
772 1735 875 1766 non
900 1717 1032 1777 odio,
1060 1719 1148 1767 sed
1181 1717 1400 1780 praemio
1430 1716 1598 1765 inlecti
1632 1717 1846 1765 subeunt

14 1815 78 1843 ,20
100 1802 247 1850 ferale
294 1809 556 1849 certamen.
630 1799 1062 1862 Amphitheatrum
1110 1798 1312 1859 dictum,
1358 1800 1495 1861 quod
1543 1816 1600 1847 ex
1648 1798 1846 1847 duobus
1869 1812 1900 1846 2

100 1881 298 1931 theatris
358 1884 418 1931 sit
476 1883 676 1930 factum.
748 1883 880 1930 Nam
933 1880 1351 1944 amphitheatrum
1406 1881 1676 1929 rotundum
1737 1890 1811 1929 est
1832 1899 1845 1941 ς

98 1966 343 2013 theatrum
369 1980 483 2013 vero
508 1981 567 2012 ex
598 1962 765 2012 medio
797 1964 1166 2026 amphitheatro
1197 1972 1282 2021 est,
1311 1962 1607 2011 semicirculi
1641 1964 1847 2026 figuram

99 2047 301 2095 habens.

237 2130 320 2175 DE
355 2141 490 2175 LVDo
526 2141 792 2182 EQVESTRL
866 2128 1062 2175 Genera
1095 2125 1421 2189 gladiatorum
1453 2127 1605 2188 plura,
1633 2142 1844 2189 quorum
1869 2136 1968 2176 LIII

28 2226 76 2266 ²5
101 2209 286 2273 primus
317 2210 463 2258 ludus
497 2207 812 2270 equestrium.
886 2210 1004 2256 Duo
1037 2209 1171 2256 enim
1207 2206 1396 2270 equites
1433 2206 1846 2270 praecedentibus

100 2290 232 2354 prius
257 2290 405 2353 signis
425 2289 728 2349 militaribus,
749 2306 875 2338 unus
895 2306 923 2338 a
947 2299 1083 2353 parte
1109 2288 1323 2348 orientis,
1341 2291 1461 2338 alter
1485 2289 1549 2337 ab
1575 2288 1848 2339 occidentis

101 2373 437 2435 procedebant
462 2371 512 2419 in
537 2371 675 2434 equis
700 2371 824 2420 albis
845 2387 959 2419 cum
984 2370 1141 2420 aureis
1166 2370 1315 2434 galeis
1342 2371 1614 2419 minoribus
1641 2380 1689 2420 et
1714 2370 1849 2419 habi-

102 2453 303 2503 lioribus
344 2455 520 2514 armis,
579 2452 748 2516 sicque
794 2452 948 2501 atroci
994 2452 1354 2516 perseverantia
1400 2469 1488 2516 pro
1535 2452 1713 2501 virtute
1760 2470 1849 2501 sua

162 2598 178 2623 1
214 2583 284 2633 qui
304 2597 369 2623 an.
394 2583 462 2622 mi.
489 2596 554 2632 ag.
572 2583 723 2622 BTU:
751 2583 822 2632 qui
842 2584 922 2622 hoc
943 2584 1122 2633 primum
1143 2596 1209 2633 ag.
1232 2583 1298 2621 N:
1330 2584 1402 2632 qui
1422 2584 1502 2622 hoc
1523 2596 1645 2633 quam
1666 2584 1847 2632 primum

103 2652 168 2688 ag.
193 2637 239 2677 K
255 2638 354 2688 (pro
376 2650 503 2686 quum
517 2640 548 2684 ἶ)
660 2650 685 2675 2
715 2651 738 2676 a
758 2651 840 2676 om.
872 2638 927 2678 T1
1039 2651 1063 2686 4
1095 2638 1164 2678 Sa.
1190 2644 1290 2676 sunt
1312 2638 1515 2677 nominati
1536 2638 1648 2676 sicut
1667 2637 1746 2676 Va.
1763 2637 1853 2676 KN

105 2694 209 2744 (non
234 2692 291 2742 U)
455 2705 476 2740 7
508 2692 562 2730 Et
580 2705 663 2731 om.
687 2691 818 2730 BKN
833 2692 937 2741 (non
962 2692 1017 2740 U)
1130 2692 1278 2743 plane]
1298 2699 1439 2731 autem
1461 2691 1549 2730 ΚΝ
1668 2692 1849 2731 scenicis

103 2748 144 2786 B
152 2747 229 2786 TU
243 2761 252 2785 ι
270 2746 498 2796 spectaculi
514 2745 602 2784 KN
680 2760 706 2795 9
737 2752 778 2784 et
795 2747 848 2785 de
865 2760 982 2795 corp.
999 2746 1045 2784 K
1108 2748 1222 2785 flexu
1237 2746 1328 2785 dett.
1419 2760 1468 2786 10
1498 2760 1574 2796 per
1591 2748 1750 2786 fluxum
1763 2746 1851 2784 ΒΚ

109 2815 153 2840 11
187 2801 316 2852 quae]
338 2801 407 2849 qui
426 2800 472 2840 K
653 2813 699 2838 12
727 2801 954 2850 apollinem
976 2801 1046 2840 K:
1076 2807 1119 2840 et
1139 2801 1365 2852 apollinem
1386 2802 1433 2840 N
1576 2806 1618 2840 et
1641 2801 1742 2840 Min.
1763 2814 1845 2839 om.

107 2855 194 2894 KN
209 2857 313 2906 (non
337 2853 392 2906 U)
558 2856 808 2894 mercurium
831 2855 993 2906 K(non
1020 2855 1080 2905 U)
1277 2868 1325 2904 13
1355 2869 1499 2896 corum
1524 2855 1587 2894 U:
1619 2855 1739 2894 cuius
1765 2854 1853 2894 ΚΝ

112 2913 160 2948 16
188 2911 272 2948 uibi
294 2915 339 2948 ut
357 2909 434 2950 vid.
463 2909 500 2949 T
515 2914 610 2948 ante
627 2923 725 2949 corr.
925 2923 970 2958 17
1001 2910 1132 2960 quod]
1155 2923 1237 2959 quo
1266 2910 1302 2948 T
1459 2923 1536 2948 usu
1560 2910 1625 2961 (ex
1645 2923 1741 2949 corr.
1761 2912 1793 2961 3)
1818 2910 1854 2948 T

107 2971 233 3005 mutu,
254 2964 313 3004 T:
341 2965 465 3004 modo
482 2963 527 3002 K
625 2976 673 3003 21
707 2977 804 3002 nam
820 2978 857 3003 a.
871 2978 934 3004 ro.
953 2970 1019 3004 est
1031 2969 1128 3015 post
1141 2965 1303 3004 habens
1319 2966 1377 3016 (v.
1396 2964 1465 3015 23)
1492 2964 1529 3002 T
1624 2976 1676 3014 25
1706 2964 1849 3015 ludus]

108 3031 207 3058 usus
226 3017 272 3056 K
289 3019 306 3069 <
310 3024 388 3069 pro
408 3018 523 3057 lusus
540 3021 571 3067 ζ)
688 3019 739 3056 26
768 3018 909 3070 parte]
931 3024 1056 3068 porta
1077 3017 1122 3056 K
1127 3018 1164 3058 T
1261 3032 1311 3069 27
1342 3020 1423 3069 gal.
1447 3031 1537 3058 aur.
1561 3017 1650 3056 ΚΝ
1667 3021 1770 3070 (non
1790 3018 1850 3070 U)
