2176 3424
1095 149 1368 199 ISIDORI

357 279 585 343 Squamis
613 278 745 328 enim
772 278 911 342 quasi
938 277 1201 341 unguibus,
1223 278 1372 327 costis
1399 279 1538 342 quasi
1563 279 1784 329 cruribus
1811 279 2097 328 innituntur.

260 361 332 422 46
356 362 505 412 Vnde
530 361 568 410 si
595 361 645 409 in
671 360 892 424 qualibet
918 361 1136 423 corporis
1161 370 1297 424 parte
1329 360 1394 409 ab
1418 362 1529 410 alvo
1553 379 1711 425 usque
1735 363 1799 411 ad
1825 370 1972 424 caput
1997 360 2097 410 ictu

353 444 521 508 aliquo
554 442 846 503 conlidatur,
877 442 1056 491 debilis
1093 441 1285 491 reddita
1322 459 1519 491 cursum
1557 445 1739 493 habere
1775 460 1877 492 non
1911 445 2065 506 possit
2088 462 2101 503 3

353 526 469 590 quia
505 525 809 589 ubicumque
845 524 926 573 ille
962 523 1087 572 ictus
1124 523 1363 585 inciderit,
1403 526 1594 588 spinam
1632 525 1788 586 solvit,
1827 542 1914 589 per
1950 541 2099 588 quam

354 618 601 658 costarum
627 609 779 671 pedes
805 616 853 656 et
878 615 1042 655 motus
1061 606 1278 669 corporis
1304 606 1590 670 agebantur.
1651 610 1909 672 Serpentes
1934 615 2099 656 autem
2124 630 2146 672 5

354 691 440 740 diu
466 690 627 739 vivere
652 689 898 748 dicuntur,
927 690 1054 737 adeo
1079 697 1132 736 ut
1158 690 1382 752 deposita
1407 698 1571 738 vetere
1601 689 1769 738 tunica
1795 699 2098 738 senectutem

265 781 330 831 47
355 774 605 837 deponere
645 781 794 834 atque
837 770 888 818 in
925 770 1175 819 iuventam
1218 770 1377 819 redire
1424 771 1788 834 perhibeantur.
1879 773 2100 820 Tunicae

354 856 656 918 serpentium
691 852 893 902 exuviae
930 861 1294 915 nuncupantur,
1330 869 1390 901 eo
1424 854 1559 916 quod
1594 853 1685 913 his,
1724 853 1927 916 quando
1967 869 2101 901 sene-

355 946 512 998 scunt,
532 952 639 985 sese
659 944 858 994 exuunt,
880 934 1061 998 quibus
1082 933 1213 983 exuti
1233 933 1281 981 in
1302 933 1552 983 iuventam
1578 936 1798 983 redeunt.
1856 936 2103 983 Dicuntur

262 1021 329 1081 48
354 1019 486 1068 enim
513 1018 714 1068 exuviae
740 1027 787 1066 et
814 1017 1058 1076 induviae,
1088 1018 1203 1079 quia
1229 1026 1471 1065 exuuntur
1496 1026 1544 1065 et
1570 1018 1855 1065 induuntur.
1928 1017 2104 1079 Pytha·
2129 1037 2176 1067 10

353 1119 494 1165 goras
515 1100 635 1149 dicit
652 1102 715 1150 de
736 1101 953 1148 medulla
972 1098 1188 1147 hominis
1211 1098 1403 1158 mortui,
1427 1115 1554 1161 quae
1574 1099 1625 1146 in
1643 1098 1783 1161 spina
1803 1107 1888 1157 est,
1909 1114 2102 1160 serpen-

353 1194 453 1232 tem
492 1184 675 1242 creari3
722 1183 858 1245 quod
885 1180 1033 1229 etiam
1061 1180 1270 1229 Ovidius
1306 1179 1354 1227 in
1382 1181 1933 1242 Metamorphoseorum
1968 1178 2101 1227 libris

354 1273 711 1314 commemorat
738 1263 908 1312 dicens
934 1261 1037 1327 (15,
1057 1263 1174 1325 398)
1197 1283 1205 1311 :

491 1349 615 1396 Sunt
653 1345 737 1409 qui
776 1362 890 1393 cum
928 1346 1095 1392 clauso
1134 1345 1405 1406 putrefacta
1442 1353 1515 1393 est
1552 1343 1692 1407 spina
1729 1344 1989 1405 sepulchro

491 1428 667 1477 mutari
705 1429 912 1476 credunt
949 1428 1191 1474 humanas
1227 1443 1387 1489 angue
1425 1427 1680 1475 medullas.
2128 1447 2175 1488 15

355 1513 508 1574 Quod
539 1510 578 1559 si
613 1511 840 1569 creditur,
871 1508 1046 1557 merito
1084 1508 1245 1557 evenit
1283 1518 1336 1556 ut
1374 1510 1498 1556 sicut
1536 1524 1620 1571 per
1658 1515 1934 1571 serpentem
1972 1522 2102 1554 mors

356 1593 585 1653 hominis,
611 1593 675 1641 ita
701 1602 749 1640 et
769 1590 986 1640 hominis
1009 1599 1165 1639 morte
1186 1607 1400 1653 serpens.
1465 1592 1635 1639 Fertur
1658 1599 1824 1638 autem
1850 1589 1986 1651 quod
2012 1605 2104 1637 ser-

356 1692 479 1739 pens
507 1676 761 1724 hominem
791 1675 982 1722 nudum
1009 1690 1109 1722 non
1137 1674 1198 1722 sit
1223 1689 1370 1721 ausus
1397 1674 1695 1735 contingere.

293 1765 331 1804 V
495 1761 578 1806 DE
621 1770 902 1804 VERMIBVS.
974 1757 1019 1802 V
1025 1754 1170 1803 ermis
1209 1763 1282 1803 est
1317 1755 1501 1802 animal
1539 1755 1675 1817 quod
1713 1755 2004 1816 plerumque
2041 1753 2103 1801 de

356 1857 516 1900 carne,
546 1842 623 1889 vel
649 1841 712 1888 de
738 1838 887 1902 ligno,
915 1839 991 1886 vel
1013 1839 1076 1886 de
1102 1853 1416 1899 quacumque
1442 1852 1492 1884 re
1518 1846 1709 1884 terrena
1734 1837 1839 1883 sine
1865 1836 1966 1882 ullo
1991 1851 2104 1882 con·
2129 1853 2176 1882 20

358 1923 530 1971 cubitu
551 1922 765 1986 gignitur
783 1940 796 1981 3
831 1919 944 1968 licet
971 1934 1351 1981 nonnumquam
1378 1927 1426 1965 et
1452 1918 1515 1965 de
1541 1918 1644 1966 ovis
1670 1924 1950 1974 nascuntur,
1979 1915 2104 1964 sicut

359 2004 569 2068 scorpio.
643 2005 768 2054 Sunt
797 2011 963 2051 autem
996 2016 1186 2049 vermes
1219 2008 1303 2047 aut
1333 2008 1501 2058 terrae,
1529 2007 1613 2047 aut
1646 2015 1818 2062 aquae,
1850 2006 1934 2046 aut
1966 1997 2103 2055 aeriS,

358 2098 441 2136 aut
475 2086 710 2145 carnium,
746 2094 830 2133 aut
864 2082 1127 2142 frondium,
1164 2090 1249 2130 aut
1278 2080 1537 2144 lignorum,
1565 2089 1649 2128 aut
1684 2081 2103 2128 vestimentorum.

305 2183 335 2217 2
360 2172 556 2217 Aranea
591 2166 768 2216 vermis
805 2165 942 2224 aeris,
971 2165 1033 2213 ab
1069 2163 1192 2213 aeris
1230 2164 1530 2211 nutrimento
1567 2161 1914 2225 cognominata
1932 2179 1944 2220 3
1980 2177 2107 2224 quae

361 2250 536 2314 exiguo
562 2265 766 2312 corpore
791 2249 939 2310 longa
964 2247 1046 2293 fila
1070 2245 1287 2305 deducit,
1315 2254 1362 2293 et
1389 2246 1515 2292 telae
1539 2260 1732 2306 semper
1757 2242 1944 2292 intenta
1969 2259 2108 2290 num·
2133 2262 2176 2303 25:

361 2349 509 2396 quam
537 2330 718 2380 desinit
742 2329 980 2388 laborare,
1002 2336 1296 2390 perpetuum
1323 2325 1569 2375 sustinens
1595 2325 1644 2373 in
1671 2342 1756 2373 sua
1781 2334 1883 2373 arte
1908 2340 2108 2388 suspen-

263 2475 265 2477 ι
307 2432 336 2479 3
364 2415 516 2463 dium.
609 2413 914 2475 Sanguisuga
955 2408 1133 2458 vermis
1182 2407 1423 2471 aquatilis,
1468 2407 1599 2455 dicta
1642 2408 1778 2470 quod
1817 2408 2104 2470 sanguinem

362 2497 499 2560 sugit.
590 2492 881 2543 Potantibus
925 2491 1057 2540 enim
1100 2489 1368 2548 insidiatur,
1409 2505 1623 2551 cumque
1664 2488 1843 2537 labitur
1883 2488 2107 2537 faucibus

361 2581 438 2627 vel
475 2577 559 2626 ubi
597 2577 789 2639 uspiam
825 2574 1145 2632 adhaerescit,
1186 2572 1474 2634 sanguinem
1511 2570 1670 2619 haurit
1688 2589 1700 2630 3
1736 2579 1784 2619 et
1813 2587 1925 2618 cum
1953 2570 2108 2620 nimio

421 2722 437 2747 1
471 2713 610 2748 costas
638 2706 675 2744 T
792 2718 815 2743 2
845 2718 892 2744 se
912 2703 980 2743 B:
1010 2716 1098 2742 om.
1118 2703 1164 2741 K
1273 2701 1366 2740 alva
1386 2701 1427 2738 Β
1549 2714 1573 2750 3
1604 2712 1727 2750 posse
1748 2701 1794 2738 K
1915 2714 1938 2749 4
1968 2699 2106 2739 solvet

364 2777 488 2814 quem
511 2768 613 2802 eost.
636 2762 682 2799 K
808 2773 831 2810 5
863 2772 1042 2808 serpens
1071 2758 1108 2796 T
1229 2770 1256 2807 9
1285 2756 1425 2794 exutis
1446 2755 1491 2794 K
1618 2755 1764 2794 dicunt
1784 2755 1830 2793 K
1955 2767 2004 2793 10
2033 2767 2102 2794 en.
2166 2788 2169 2790 ,

364 2825 407 2858 et
434 2832 500 2858 eX.
543 2817 580 2855 T
685 2828 753 2864 qu.
785 2822 826 2853 et
858 2827 928 2853 ex.
963 2813 1026 2852 T:
1056 2812 1170 2862 quod
1202 2824 1269 2851 eX.
1304 2810 1392 2849 ΒΚ
1559 2822 1606 2848 12
1637 2809 1863 2848 metasoros
1891 2821 2036 2847 eorum
2075 2808 2114 2847 T

367 2886 416 2923 13
447 2876 652 2911 memorat
677 2870 712 2909 C
846 2882 894 2918 14
923 2874 989 2907 est
1009 2881 1092 2907 om.
1114 2865 1238 2905 BCK
1350 2876 1397 2913 15
1429 2865 1603 2904 credant
1622 2863 1710 2902 BT
1818 2876 1864 2913 17
1895 2862 1958 2914 et]
1973 2864 2016 2901 in
2045 2863 2106 2903 T:

350 2928 454 2978 fort.
471 2941 526 2966 ex
610 2938 692 2964 mo,
707 2924 921 2974 serpentis
940 2922 978 2961 T
1086 2922 1135 2959 18
1155 2919 1391 2970 tangereK
1500 2932 1552 2958 20
1571 2918 1637 2957 vel
1651 2930 1773 2967 quac.
1794 2917 1831 2956 T
1935 2930 1982 2956 21
2008 2917 2048 2958 li.
2063 2925 2106 2957 et

363 2995 432 3022 no.
454 2982 501 3020 K
609 2979 757 3018 ovibus
777 2978 819 3016 Β
929 2990 980 3015 22
1011 2981 1082 3016 aut
1102 2981 1172 3015 aut
1191 2988 1258 3024 aq.
1280 2974 1327 3013 K
1450 2987 1502 3022 24
1529 2972 1644 3011 Area
1670 2971 1722 3011 T¹
1833 2972 2105 3021 cognomina-

362 3042 431 3075 tur
455 3037 490 3076 C
597 3046 648 3084 25
677 3033 762 3072 tela
784 3033 822 3072 T
927 3033 1111 3071 intentus
1125 3029 1171 3068 K
1278 3031 1331 3067 26
1360 3029 1547 3068 laborem
1567 3026 1602 3066 C
1708 3039 1758 3077 27
1788 3027 1944 3065 vermis
1964 3040 2047 3067 om.
2061 3026 2109 3065 K

362 3090 546 3141 aquatile
567 3089 613 3127 K
625 3102 633 3127 ε
666 3087 829 3139 aqualis
845 3085 900 3124 Β1
1012 3087 1064 3124 28
1084 3083 1327 3136 putantibus
1343 3083 1389 3122 K
1467 3082 1664 3121 inlabitur
1682 3081 1717 3120 C
1821 3093 1875 3131 29
1893 3081 2105 3120 adheserit

365 3147 497 3198 (ade—)
521 3144 608 3182 ΒΚ
