<?xml version="1.0" encoding="UTF-8"?>
<!DOCTYPE html PUBLIC "-//W3C//DTD XHTML 1.0 Transitional//EN"
    "http://www.w3.org/TR/xhtml1/DTD/xhtml1-transitional.dtd">
<html xmlns="http://www.w3.org/1999/xhtml" xml:lang="en" lang="en">
 <head>
  <title>
</title>
<meta http-equiv="Content-Type" content="text/html;charset=utf-8" />
  <meta name='ocr-system' content='tesseract 3.04.00' />
  <meta name='ocr-capabilities' content='ocr_page ocr_carea ocr_par ocr_line ocrx_word'/>
</head>
<body>
  <div class='ocr_page' id='page_1' title='image "./isidori01isiduoft/isidori01isiduoft_0508.png"; bbox 0 0 2176 3424; ppageno 0'>
   <div class='ocr_carea' id='block_1_1' title="bbox 1090 130 1361 179">
    <p class='ocr_par' dir='ltr' id='par_1_1' title="bbox 1090 130 1361 179">
     <span class='ocr_line' id='line_1_1' title="bbox 1090 130 1361 179; baseline 0.007 -3"><span class='ocrx_word' id='word_1_1' title='bbox 1090 130 1361 179; x_wconf 89' lang='lat' dir='ltr'>ISIDORI</span> 
     </span>
    </p>
   </div>
   <div class='ocr_carea' id='block_1_2' title="bbox 253 254 2176 2461">
    <p class='ocr_par' dir='ltr' id='par_1_2' title="bbox 269 254 2092 570">
     <span class='ocr_line' id='line_1_2' title="bbox 269 254 2092 324; baseline 0.003 -20"><span class='ocrx_word' id='word_1_2' title='bbox 269 270 325 316; x_wconf 90' lang='lat'>31</span> <span class='ocrx_word' id='word_1_3' title='bbox 351 254 634 303; x_wconf 82' lang='lat' dir='ltr'>dilacerant.</span> <span class='ocrx_word' id='word_1_4' title='bbox 728 258 1010 320; x_wconf 82' lang='lat' dir='ltr'>Hercyniae</span> <span class='ocrx_word' id='word_1_5' title='bbox 1048 274 1162 306; x_wconf 89' lang='lat' dir='ltr'>aves</span> <span class='ocrx_word' id='word_1_6' title='bbox 1205 257 1367 308; x_wconf 89' lang='lat' dir='ltr'>dictae</span> <span class='ocrx_word' id='word_1_7' title='bbox 1408 259 1472 309; x_wconf 89' lang='lat' dir='ltr'>ab</span> <span class='ocrx_word' id='word_1_8' title='bbox 1517 261 1771 324; x_wconf 91' lang='lat' dir='ltr'>Hercynio</span> <span class='ocrx_word' id='word_1_9' title='bbox 1811 263 1935 310; x_wconf 91' lang='lat' dir='ltr'>saltu</span> <span class='ocrx_word' id='word_1_10' title='bbox 1975 263 2092 311; x_wconf 91' lang='lat' dir='ltr'>Ger-</span> 
     </span>
     <span class='ocr_line' id='line_1_3' title="bbox 349 336 2089 407; baseline 0.005 -22"><span class='ocrx_word' id='word_1_11' title='bbox 349 336 554 398; x_wconf 83' lang='lat' dir='ltr'>maniae,</span> <span class='ocrx_word' id='word_1_12' title='bbox 602 337 687 387; x_wconf 91' lang='lat' dir='ltr'>ubi</span> <span class='ocrx_word' id='word_1_13' title='bbox 726 348 1008 399; x_wconf 91' lang='lat' dir='ltr'>nascuntur,</span> <span class='ocrx_word' id='word_1_14' title='bbox 1056 357 1263 403; x_wconf 89' lang='lat' dir='ltr'>quarum</span> <span class='ocrx_word' id='word_1_15' title='bbox 1308 341 1489 404; x_wconf 90' lang='lat' dir='ltr'>pinnae</span> <span class='ocrx_word' id='word_1_16' title='bbox 1530 345 1659 393; x_wconf 93' lang='lat' dir='ltr'>adeo</span> <span class='ocrx_word' id='word_1_17' title='bbox 1697 360 1782 407; x_wconf 90' lang='lat' dir='ltr'>per</span> <span class='ocrx_word' id='word_1_18' title='bbox 1824 343 2089 393; x_wconf 88' lang='lat' dir='ltr'>obscurum</span> 
     </span>
     <span class='ocr_line' id='line_1_4' title="bbox 347 419 2091 490; baseline 0.004 -22"><span class='ocrx_word' id='word_1_19' title='bbox 347 419 562 468; x_wconf 83' lang='lat' dir='ltr'>emicant</span> <span class='ocrx_word' id='word_1_20' title='bbox 587 430 639 469; x_wconf 89' lang='lat' dir='ltr'>ut</span> <span class='ocrx_word' id='word_1_21' title='bbox 665 420 890 484; x_wconf 89' lang='lat' dir='ltr'>quamvis</span> <span class='ocrx_word' id='word_1_22' title='bbox 917 438 1014 470; x_wconf 85' lang='lat' dir='ltr'>nox</span> <span class='ocrx_word' id='word_1_23' title='bbox 1040 422 1245 471; x_wconf 86' lang='lat' dir='ltr'>obtenta</span> <span class='ocrx_word' id='word_1_24' title='bbox 1269 423 1435 473; x_wconf 91' lang='lat' dir='ltr'>densis</span> <span class='ocrx_word' id='word_1_25' title='bbox 1462 425 1678 475; x_wconf 89' lang='lat' dir='ltr'>tenebris</span> <span class='ocrx_word' id='word_1_26' title='bbox 1713 428 1787 486; x_wconf 87' lang='lat' dir='ltr'>sit,</span> <span class='ocrx_word' id='word_1_27' title='bbox 1816 427 1880 475; x_wconf 92' lang='lat' dir='ltr'>ad</span> <span class='ocrx_word' id='word_1_28' title='bbox 1916 426 2091 490; x_wconf 88' lang='lat' dir='ltr'>praesi-</span> 
     </span>
     <span class='ocr_line' id='line_1_5' title="bbox 346 502 2091 570; baseline 0.003 -19"><span class='ocrx_word' id='word_1_29' title='bbox 346 502 485 552; x_wconf 89' lang='lat' dir='ltr'>dium</span> <span class='ocrx_word' id='word_1_30' title='bbox 512 502 697 552; x_wconf 89' lang='lat' dir='ltr'>itineris</span> <span class='ocrx_word' id='word_1_31' title='bbox 731 503 975 567; x_wconf 88' lang='lat' dir='ltr'>dirigendi</span> <span class='ocrx_word' id='word_1_32' title='bbox 1011 504 1286 567; x_wconf 91' lang='lat' dir='ltr'>praeiactae</span> <span class='ocrx_word' id='word_1_33' title='bbox 1321 505 1660 568; x_wconf 85' lang='lat' dir='ltr'>interluceant,</span> <span class='ocrx_word' id='word_1_34' title='bbox 1689 525 1959 570; x_wconf 88' lang='lat' dir='ltr'>cursusque</span> <span class='ocrx_word' id='word_1_35' title='bbox 1985 507 2091 556; x_wconf 91' lang='lat' dir='ltr'>viae</span> 
     </span>
    </p>

    <p class='ocr_par' dir='ltr' id='par_1_3' title="bbox 259 585 2137 737">
     <span class='ocr_line' id='line_1_6' title="bbox 259 585 2137 654; baseline 0.003 -20"><span class='ocrx_word' id='word_1_36' title='bbox 259 606 324 652; x_wconf 87' lang='lat'>32</span> <span class='ocrx_word' id='word_1_37' title='bbox 346 595 510 649; x_wconf 89' lang='lat' dir='ltr'>pateat</span> <span class='ocrx_word' id='word_1_38' title='bbox 559 585 744 636; x_wconf 91' lang='lat' dir='ltr'>indicio</span> <span class='ocrx_word' id='word_1_39' title='bbox 791 588 1071 650; x_wconf 91' lang='lat' dir='ltr'>plumarum</span> <span class='ocrx_word' id='word_1_40' title='bbox 1121 588 1429 651; x_wconf 89' lang='lat' dir='ltr'>fulgentium.</span> <span class='ocrx_word' id='word_1_41' title='bbox 1525 591 1865 640; x_wconf 89' lang='lat' dir='ltr'>Onocrotalon</span> <span class='ocrx_word' id='word_1_42' title='bbox 1913 590 2092 640; x_wconf 89' lang='lat' dir='ltr'>Graeci</span> <span class='ocrx_word' id='word_1_43' title='bbox 2115 614 2137 654; x_wconf 85' lang='lat'>5</span> 
     </span>
     <span class='ocr_line' id='line_1_7' title="bbox 346 666 2093 737; baseline 0.003 -21"><span class='ocrx_word' id='word_1_44' title='bbox 346 678 525 717; x_wconf 84' lang='lat' dir='ltr'>vocant</span> <span class='ocrx_word' id='word_1_45' title='bbox 551 678 709 719; x_wconf 92' lang='lat' dir='ltr'>rostro</span> <span class='ocrx_word' id='word_1_46' title='bbox 734 671 896 732; x_wconf 88' lang='lat' dir='ltr'>longo.</span> <span class='ocrx_word' id='word_1_47' title='bbox 973 666 1226 736; x_wconf 86' lang='lat' dir='ltr'>[Quorum</span> <span class='ocrx_word' id='word_1_48' title='bbox 1260 673 1363 720; x_wconf 94' lang='lat' dir='ltr'>duo</span> <span class='ocrx_word' id='word_1_49' title='bbox 1394 688 1575 735; x_wconf 86' lang='lat' dir='ltr'>genera</span> <span class='ocrx_word' id='word_1_50' title='bbox 1608 682 1751 722; x_wconf 88' lang='lat' dir='ltr'>sunt:</span> <span class='ocrx_word' id='word_1_51' title='bbox 1787 674 1922 723; x_wconf 92' lang='lat' dir='ltr'>aliud</span> <span class='ocrx_word' id='word_1_52' title='bbox 1947 690 2093 737; x_wconf 88' lang='lat' dir='ltr'>aqua-</span> 
     </span>
    </p>

    <p class='ocr_par' dir='ltr' id='par_1_4' title="bbox 259 750 2091 984">
     <span class='ocr_line' id='line_1_8' title="bbox 259 750 2091 820; baseline 0.003 -22"><span class='ocrx_word' id='word_1_53' title='bbox 259 770 322 816; x_wconf 90' lang='lat'>33</span> <span class='ocrx_word' id='word_1_54' title='bbox 346 750 442 810; x_wconf 93' lang='lat' dir='ltr'>tile,</span> <span class='ocrx_word' id='word_1_55' title='bbox 461 750 595 800; x_wconf 92' lang='lat' dir='ltr'>aliud</span> <span class='ocrx_word' id='word_1_56' title='bbox 617 750 935 818; x_wconf 68' lang='lat' dir='ltr'>solitudinis]</span> <span class='ocrx_word' id='word_1_57' title='bbox 1008 752 1111 802; x_wconf 86' lang='lat' dir='ltr'>Ibis</span> <span class='ocrx_word' id='word_1_58' title='bbox 1128 753 1229 803; x_wconf 89' lang='lat' dir='ltr'>avis</span> <span class='ocrx_word' id='word_1_59' title='bbox 1253 756 1353 804; x_wconf 90' lang='lat' dir='ltr'>Nili</span> <span class='ocrx_word' id='word_1_60' title='bbox 1375 755 1606 817; x_wconf 88' lang='lat' dir='ltr'>fluminis,</span> <span class='ocrx_word' id='word_1_61' title='bbox 1628 774 1755 820; x_wconf 92' lang='lat' dir='ltr'>quae</span> <span class='ocrx_word' id='word_1_62' title='bbox 1776 756 2091 820; x_wconf 88' lang='lat' dir='ltr'>semetipsam</span> 
     </span>
     <span class='ocr_line' id='line_1_9' title="bbox 345 834 2090 902; baseline 0.003 -20"><span class='ocrx_word' id='word_1_63' title='bbox 345 843 532 898; x_wconf 85' lang='lat' dir='ltr'>purgat,</span> <span class='ocrx_word' id='word_1_64' title='bbox 574 844 730 884; x_wconf 87' lang='lat' dir='ltr'>rostro</span> <span class='ocrx_word' id='word_1_65' title='bbox 772 834 823 883; x_wconf 91' lang='lat' dir='ltr'>in</span> <span class='ocrx_word' id='word_1_66' title='bbox 865 852 1015 883; x_wconf 91' lang='lat' dir='ltr'>anum</span> <span class='ocrx_word' id='word_1_67' title='bbox 1059 853 1239 899; x_wconf 90' lang='lat' dir='ltr'>aquam</span> <span class='ocrx_word' id='word_1_68' title='bbox 1282 838 1511 887; x_wconf 90' lang='lat' dir='ltr'>fundens.</span> <span class='ocrx_word' id='word_1_69' title='bbox 1607 841 1751 887; x_wconf 90' lang='lat' dir='ltr'>Haec</span> <span class='ocrx_word' id='word_1_70' title='bbox 1790 838 2090 902; x_wconf 89' lang='lat' dir='ltr'>serpentium</span> 
     </span>
     <span class='ocr_line' id='line_1_10' title="bbox 347 917 2089 984; baseline 0.002 -20"><span class='ocrx_word' id='word_1_71' title='bbox 347 933 440 965; x_wconf 87' lang='lat' dir='ltr'>ova</span> <span class='ocrx_word' id='word_1_72' title='bbox 476 918 700 976; x_wconf 85' lang='lat' dir='ltr'>vescitur,</span> <span class='ocrx_word' id='word_1_73' title='bbox 738 917 1064 980; x_wconf 87' lang='lat' dir='ltr'>gratissimam</span> <span class='ocrx_word' id='word_1_74' title='bbox 1101 935 1160 967; x_wconf 84' lang='lat' dir='ltr'>ex</span> <span class='ocrx_word' id='word_1_75' title='bbox 1196 917 1266 967; x_wconf 92' lang='lat' dir='ltr'>eis</span> <span class='ocrx_word' id='word_1_76' title='bbox 1303 935 1467 968; x_wconf 88' lang='lat' dir='ltr'>escam</span> <span class='ocrx_word' id='word_1_77' title='bbox 1505 919 1634 969; x_wconf 90' lang='lat' dir='ltr'>nidis</span> <span class='ocrx_word' id='word_1_78' title='bbox 1673 920 1772 969; x_wconf 90' lang='lat' dir='ltr'>suis</span> <span class='ocrx_word' id='word_1_79' title='bbox 1810 923 2089 984; x_wconf 85' lang='lat' dir='ltr'>deportans.</span> 
     </span>
    </p>

    <p class='ocr_par' dir='ltr' id='par_1_5' title="bbox 258 1000 2176 1148">
     <span class='ocr_line' id='line_1_11' title="bbox 258 1000 2176 1066; baseline 0.002 -20"><span class='ocrx_word' id='word_1_80' title='bbox 258 1018 323 1066; x_wconf 85' lang='lat'>34</span> <span class='ocrx_word' id='word_1_81' title='bbox 349 1000 583 1062; x_wconf 90' lang='lat' dir='ltr'>Meropes</span> <span class='ocrx_word' id='word_1_82' title='bbox 621 1001 925 1064; x_wconf 90' lang='lat' dir='ltr'>eosdemque</span> <span class='ocrx_word' id='word_1_83' title='bbox 963 1011 1010 1050; x_wconf 91' lang='lat' dir='ltr'>et</span> <span class='ocrx_word' id='word_1_84' title='bbox 1042 1002 1226 1064; x_wconf 82' lang='lat' dir='ltr'>gaulos,</span> <span class='ocrx_word' id='word_1_85' title='bbox 1271 1001 1355 1064; x_wconf 90' lang='lat' dir='ltr'>qui</span> <span class='ocrx_word' id='word_1_86' title='bbox 1397 1013 1623 1066; x_wconf 91' lang='lat' dir='ltr'>parentes</span> <span class='ocrx_word' id='word_1_87' title='bbox 1669 1020 1783 1052; x_wconf 93' lang='lat' dir='ltr'>suos</span> <span class='ocrx_word' id='word_1_88' title='bbox 1826 1005 2094 1053; x_wconf 92' lang='lat' dir='ltr'>recondere</span> <span class='ocrx_word' id='word_1_89' title='bbox 2121 1022 2176 1049; x_wconf 60' lang='lat'>101</span> 
     </span>
     <span class='ocr_line' id='line_1_12' title="bbox 345 1081 2089 1148; baseline 0.003 -19"><span class='ocrx_word' id='word_1_90' title='bbox 345 1090 494 1144; x_wconf 91' lang='lat' dir='ltr'>atque</span> <span class='ocrx_word' id='word_1_91' title='bbox 513 1083 642 1130; x_wconf 91' lang='lat' dir='ltr'>alere</span> <span class='ocrx_word' id='word_1_92' title='bbox 659 1081 904 1131; x_wconf 91' lang='lat' dir='ltr'>dicuntur.</span> <span class='ocrx_word' id='word_1_93' title='bbox 963 1083 1240 1132; x_wconf 91' lang='lat' dir='ltr'>Coredulus</span> <span class='ocrx_word' id='word_1_94' title='bbox 1257 1101 1411 1147; x_wconf 89' lang='lat' dir='ltr'>genus</span> <span class='ocrx_word' id='word_1_95' title='bbox 1432 1084 1641 1144; x_wconf 90' lang='lat' dir='ltr'>volatile,</span> <span class='ocrx_word' id='word_1_96' title='bbox 1665 1085 1805 1148; x_wconf 84' lang='lat' dir='ltr'>quasi</span> <span class='ocrx_word' id='word_1_97' title='bbox 1822 1102 1905 1134; x_wconf 93' lang='lat' dir='ltr'>cor</span> <span class='ocrx_word' id='word_1_98' title='bbox 1922 1087 2089 1135; x_wconf 82' lang='lat' dir='ltr'>edens,</span> 
     </span>
    </p>

    <p class='ocr_par' dir='ltr' id='par_1_6' title="bbox 258 1164 2094 1314">
     <span class='ocr_line' id='line_1_13' title="bbox 258 1164 2094 1229; baseline 0.002 -17"><span class='ocrx_word' id='word_1_99' title='bbox 258 1178 322 1227; x_wconf 84' lang='lat'>35</span> <span class='ocrx_word' id='word_1_100' title='bbox 350 1165 625 1214; x_wconf 89' lang='lat' dir='ltr'>Monedula</span> <span class='ocrx_word' id='word_1_101' title='bbox 649 1164 764 1224; x_wconf 90' lang='lat' dir='ltr'>avis,</span> <span class='ocrx_word' id='word_1_102' title='bbox 785 1164 926 1228; x_wconf 87' lang='lat' dir='ltr'>quasi</span> <span class='ocrx_word' id='word_1_103' title='bbox 946 1168 1213 1226; x_wconf 91' lang='lat' dir='ltr'>monetula,</span> <span class='ocrx_word' id='word_1_104' title='bbox 1234 1183 1361 1229; x_wconf 90' lang='lat' dir='ltr'>quae</span> <span class='ocrx_word' id='word_1_105' title='bbox 1381 1168 1502 1216; x_wconf 90' lang='lat' dir='ltr'>dum</span> <span class='ocrx_word' id='word_1_106' title='bbox 1522 1184 1695 1216; x_wconf 86' lang='lat' dir='ltr'>aurum</span> <span class='ocrx_word' id='word_1_107' title='bbox 1715 1167 1916 1228; x_wconf 88' lang='lat' dir='ltr'>invenit,</span> <span class='ocrx_word' id='word_1_108' title='bbox 1937 1170 2094 1217; x_wconf 91' lang='lat' dir='ltr'>aufert</span> 
     </span>
     <span class='ocr_line' id='line_1_14' title="bbox 346 1246 2092 1314; baseline 0.002 -19"><span class='ocrx_word' id='word_1_109' title='bbox 346 1255 394 1295; x_wconf 87' lang='lat' dir='ltr'>et</span> <span class='ocrx_word' id='word_1_110' title='bbox 420 1248 651 1295; x_wconf 85' lang='lat' dir='ltr'>occultat.</span> <span class='ocrx_word' id='word_1_111' title='bbox 723 1246 900 1297; x_wconf 91' lang='lat' dir='ltr'>Cicero</span> <span class='ocrx_word' id='word_1_112' title='bbox 926 1264 1014 1310; x_wconf 89' lang='lat' dir='ltr'>pro</span> <span class='ocrx_word' id='word_1_113' title='bbox 1030 1247 1230 1296; x_wconf 90' lang='lat' dir='ltr'>Valerio</span> <span class='ocrx_word' id='word_1_114' title='bbox 1252 1250 1431 1298; x_wconf 87' lang='lat' dir='ltr'>Flacco</span> <span class='ocrx_word' id='word_1_115' title='bbox 1453 1248 1560 1313; x_wconf 83' lang='lat'>(76)</span> <span class='ocrx_word' id='word_1_116' title='bbox 1587 1269 1596 1299; x_wconf 89' lang='lat'><strong>:</strong></span> <span class='ocrx_word' id='word_1_117' title='bbox 1627 1252 1771 1299; x_wconf 87' lang='lat' dir='ltr'>‘Non</span> <span class='ocrx_word' id='word_1_118' title='bbox 1791 1252 1900 1314; x_wconf 88' lang='lat' dir='ltr'>plus</span> <span class='ocrx_word' id='word_1_119' title='bbox 1920 1268 2092 1299; x_wconf 89' lang='lat' dir='ltr'>aurum</span> 
     </span>
    </p>

    <p class='ocr_par' dir='ltr' id='par_1_7' title="bbox 253 1327 2168 1723">
     <span class='ocr_line' id='line_1_15' title="bbox 253 1327 2093 1395; baseline 0.002 -16"><span class='ocrx_word' id='word_1_120' title='bbox 253 1336 321 1394; x_wconf 86' lang='lat'>36</span> <span class='ocrx_word' id='word_1_121' title='bbox 345 1327 434 1379; x_wconf 89' lang='lat' dir='ltr'>tibi</span> <span class='ocrx_word' id='word_1_122' title='bbox 471 1345 620 1392; x_wconf 91' lang='lat' dir='ltr'>quam</span> <span class='ocrx_word' id='word_1_123' title='bbox 660 1330 959 1378; x_wconf 90' lang='lat' dir='ltr'>monedulae</span> <span class='ocrx_word' id='word_1_124' title='bbox 996 1329 1443 1380; x_wconf 68' lang='lat' dir='ltr'>committendum.²</span> <span class='ocrx_word' id='word_1_125' title='bbox 1519 1331 1815 1395; x_wconf 91' lang='lat' dir='ltr'>Vespertilio</span> <span class='ocrx_word' id='word_1_126' title='bbox 1852 1349 1939 1395; x_wconf 90' lang='lat' dir='ltr'>pro</span> <span class='ocrx_word' id='word_1_127' title='bbox 1976 1342 2093 1382; x_wconf 85' lang='lat' dir='ltr'>tem-</span> 
     </span>
     <span class='ocr_line' id='line_1_16' title="bbox 343 1410 2168 1478; baseline 0.003 -20"><span class='ocrx_word' id='word_1_128' title='bbox 343 1427 462 1473; x_wconf 91' lang='lat' dir='ltr'>pore</span> <span class='ocrx_word' id='word_1_129' title='bbox 487 1427 674 1459; x_wconf 91' lang='lat' dir='ltr'>nomen</span> <span class='ocrx_word' id='word_1_130' title='bbox 698 1410 904 1474; x_wconf 89' lang='lat' dir='ltr'>accepit,</span> <span class='ocrx_word' id='word_1_131' title='bbox 934 1427 993 1460; x_wconf 93' lang='lat' dir='ltr'>eo</span> <span class='ocrx_word' id='word_1_132' title='bbox 1019 1413 1157 1475; x_wconf 90' lang='lat' dir='ltr'>quod</span> <span class='ocrx_word' id='word_1_133' title='bbox 1183 1413 1345 1461; x_wconf 87' lang='lat' dir='ltr'>lucem</span> <span class='ocrx_word' id='word_1_134' title='bbox 1372 1412 1563 1476; x_wconf 85' lang='lat' dir='ltr'>fugiens</span> <span class='ocrx_word' id='word_1_135' title='bbox 1590 1415 1880 1477; x_wconf 89' lang='lat' dir='ltr'>crepusculo</span> <span class='ocrx_word' id='word_1_136' title='bbox 1906 1431 2094 1478; x_wconf 89' lang='lat' dir='ltr'>vesper·</span> <span class='ocrx_word' id='word_1_137' title='bbox 2123 1439 2168 1478; x_wconf 88' lang='lat'>15</span> 
     </span>
     <span class='ocr_line' id='line_1_17' title="bbox 343 1492 2092 1557; baseline 0.002 -17"><span class='ocrx_word' id='word_1_138' title='bbox 343 1492 449 1541; x_wconf 92' lang='lat' dir='ltr'>tino</span> <span class='ocrx_word' id='word_1_139' title='bbox 474 1492 795 1542; x_wconf 88' lang='lat' dir='ltr'>circumvolet</span> <span class='ocrx_word' id='word_1_140' title='bbox 820 1493 1075 1557; x_wconf 89' lang='lat' dir='ltr'>praecipiti</span> <span class='ocrx_word' id='word_1_141' title='bbox 1093 1504 1231 1543; x_wconf 88' lang='lat' dir='ltr'>motu</span> <span class='ocrx_word' id='word_1_142' title='bbox 1251 1504 1374 1554; x_wconf 89' lang='lat' dir='ltr'>acta,</span> <span class='ocrx_word' id='word_1_143' title='bbox 1395 1505 1442 1543; x_wconf 89' lang='lat' dir='ltr'>et</span> <span class='ocrx_word' id='word_1_144' title='bbox 1459 1494 1759 1544; x_wconf 90' lang='lat' dir='ltr'>tenuissimis</span> <span class='ocrx_word' id='word_1_145' title='bbox 1779 1495 2092 1545; x_wconf 89' lang='lat' dir='ltr'>brachiorum</span> 
     </span>
     <span class='ocr_line' id='line_1_18' title="bbox 345 1574 2095 1639; baseline 0.002 -16"><span class='ocrx_word' id='word_1_146' title='bbox 345 1574 580 1624; x_wconf 89' lang='lat' dir='ltr'>membris</span> <span class='ocrx_word' id='word_1_147' title='bbox 615 1592 884 1639; x_wconf 75' lang='lat' dir='ltr'>suspensa,</span> <span class='ocrx_word' id='word_1_148' title='bbox 920 1575 1103 1624; x_wconf 92' lang='lat' dir='ltr'>animal</span> <span class='ocrx_word' id='word_1_149' title='bbox 1142 1576 1355 1625; x_wconf 90' lang='lat' dir='ltr'>murium</span> <span class='ocrx_word' id='word_1_150' title='bbox 1394 1576 1564 1638; x_wconf 90' lang='lat' dir='ltr'>simile,</span> <span class='ocrx_word' id='word_1_151' title='bbox 1593 1595 1696 1627; x_wconf 92' lang='lat' dir='ltr'>non</span> <span class='ocrx_word' id='word_1_152' title='bbox 1732 1586 1832 1626; x_wconf 89' lang='lat' dir='ltr'>tam</span> <span class='ocrx_word' id='word_1_153' title='bbox 1870 1595 1992 1627; x_wconf 89' lang='lat' dir='ltr'>voce</span> <span class='ocrx_word' id='word_1_154' title='bbox 2028 1596 2095 1628; x_wconf 87' lang='lat' dir='ltr'>re-</span> 
     </span>
     <span class='ocr_line' id='line_1_19' title="bbox 346 1657 2095 1723; baseline 0.002 -18"><span class='ocrx_word' id='word_1_155' title='bbox 346 1675 527 1706; x_wconf 90' lang='lat' dir='ltr'>sonans</span> <span class='ocrx_word' id='word_1_156' title='bbox 554 1675 704 1721; x_wconf 91' lang='lat' dir='ltr'>quam</span> <span class='ocrx_word' id='word_1_157' title='bbox 731 1657 969 1718; x_wconf 71' lang='lat' dir='ltr'>stridore,</span> <span class='ocrx_word' id='word_1_158' title='bbox 1007 1658 1171 1722; x_wconf 88' lang='lat' dir='ltr'>specie</span> <span class='ocrx_word' id='word_1_159' title='bbox 1201 1676 1403 1723; x_wconf 92' lang='lat' dir='ltr'>quoque</span> <span class='ocrx_word' id='word_1_160' title='bbox 1434 1659 1642 1708; x_wconf 87' lang='lat' dir='ltr'>volatilis</span> <span class='ocrx_word' id='word_1_161' title='bbox 1681 1659 1826 1709; x_wconf 91' lang='lat' dir='ltr'>simul</span> <span class='ocrx_word' id='word_1_162' title='bbox 1864 1670 1911 1709; x_wconf 88' lang='lat' dir='ltr'>et</span> <span class='ocrx_word' id='word_1_163' title='bbox 1945 1661 2095 1723; x_wconf 89' lang='lat' dir='ltr'>quad-</span> 
     </span>
    </p>

    <p class='ocr_par' dir='ltr' id='par_1_8' title="bbox 264 1739 2176 2052">
     <span class='ocr_line' id='line_1_20' title="bbox 264 1739 2094 1815; baseline 0.002 -27"><span class='ocrx_word' id='word_1_164' title='bbox 264 1765 324 1815; x_wconf 86' lang='lat'>37</span> <span class='ocrx_word' id='word_1_165' title='bbox 347 1757 509 1805; x_wconf 90' lang='lat' dir='ltr'>rupes,</span> <span class='ocrx_word' id='word_1_166' title='bbox 535 1741 672 1804; x_wconf 91' lang='lat' dir='ltr'>quod</span> <span class='ocrx_word' id='word_1_167' title='bbox 709 1740 759 1788; x_wconf 91' lang='lat' dir='ltr'>in</span> <span class='ocrx_word' id='word_1_168' title='bbox 796 1739 901 1788; x_wconf 90' lang='lat' dir='ltr'>aliis</span> <span class='ocrx_word' id='word_1_169' title='bbox 938 1740 1111 1790; x_wconf 91' lang='lat' dir='ltr'>avibus</span> <span class='ocrx_word' id='word_1_170' title='bbox 1149 1740 1346 1805; x_wconf 90' lang='lat' dir='ltr'>reperiri</span> <span class='ocrx_word' id='word_1_171' title='bbox 1383 1759 1487 1791; x_wconf 91' lang='lat' dir='ltr'>non</span> <span class='ocrx_word' id='word_1_172' title='bbox 1525 1744 1666 1791; x_wconf 90' lang='lat' dir='ltr'>solet.</span> <span class='ocrx_word' id='word_1_173' title='bbox 1737 1742 1969 1791; x_wconf 91' lang='lat' dir='ltr'>Luscinia</span> <span class='ocrx_word' id='word_1_174' title='bbox 1992 1741 2094 1791; x_wconf 92' lang='lat' dir='ltr'>avis</span> 
     </span>
     <span class='ocr_line' id='line_1_21' title="bbox 348 1822 2176 1887; baseline 0.001 -16"><span class='ocrx_word' id='word_1_175' title='bbox 348 1823 466 1873; x_wconf 92' lang='lat' dir='ltr'>inde</span> <span class='ocrx_word' id='word_1_176' title='bbox 515 1840 702 1872; x_wconf 92' lang='lat' dir='ltr'>nomen</span> <span class='ocrx_word' id='word_1_177' title='bbox 751 1822 972 1886; x_wconf 87' lang='lat' dir='ltr'>sumpsit,</span> <span class='ocrx_word' id='word_1_178' title='bbox 1018 1823 1133 1886; x_wconf 90' lang='lat' dir='ltr'>quia</span> <span class='ocrx_word' id='word_1_179' title='bbox 1175 1833 1325 1872; x_wconf 90' lang='lat' dir='ltr'>cantu</span> <span class='ocrx_word' id='word_1_180' title='bbox 1377 1841 1467 1872; x_wconf 90' lang='lat' dir='ltr'>suo</span> <span class='ocrx_word' id='word_1_181' title='bbox 1515 1823 1789 1887; x_wconf 89' lang='lat' dir='ltr'>significare</span> <span class='ocrx_word' id='word_1_182' title='bbox 1833 1826 1956 1874; x_wconf 90' lang='lat' dir='ltr'>solet</span> <span class='ocrx_word' id='word_1_183' title='bbox 1995 1825 2093 1873; x_wconf 90' lang='lat' dir='ltr'>diei</span> <span class='ocrx_word' id='word_1_184' title='bbox 2123 1845 2176 1874; x_wconf 90' lang='lat'>20</span> 
     </span>
     <span class='ocr_line' id='line_1_22' title="bbox 348 1904 2095 1970; baseline 0 -15"><span class='ocrx_word' id='word_1_185' title='bbox 348 1906 590 1970; x_wconf 90' lang='lat' dir='ltr'>surgentis</span> <span class='ocrx_word' id='word_1_186' title='bbox 625 1915 862 1965; x_wconf 86' lang='lat' dir='ltr'>exortum,</span> <span class='ocrx_word' id='word_1_187' title='bbox 886 1904 1027 1968; x_wconf 88' lang='lat' dir='ltr'>quasi</span> <span class='ocrx_word' id='word_1_188' title='bbox 1059 1904 1257 1954; x_wconf 91' lang='lat' dir='ltr'>lucinia.</span> <span class='ocrx_word' id='word_1_189' title='bbox 1332 1907 1524 1954; x_wconf 86' lang='lat' dir='ltr'>Eadem</span> <span class='ocrx_word' id='word_1_190' title='bbox 1553 1915 1600 1955; x_wconf 95' lang='lat' dir='ltr'>et</span> <span class='ocrx_word' id='word_1_191' title='bbox 1626 1908 1872 1965; x_wconf 88' lang='lat' dir='ltr'>acredula,</span> <span class='ocrx_word' id='word_1_192' title='bbox 1900 1908 1963 1955; x_wconf 94' lang='lat' dir='ltr'>de</span> <span class='ocrx_word' id='word_1_193' title='bbox 1998 1923 2095 1969; x_wconf 87' lang='lat' dir='ltr'>qua</span> 
     </span>
     <span class='ocr_line' id='line_1_23' title="bbox 349 1986 1238 2052; baseline -0.004 -12"><span class='ocrx_word' id='word_1_194' title='bbox 349 1989 524 2040; x_wconf 92' lang='lat' dir='ltr'>Cicero</span> <span class='ocrx_word' id='word_1_195' title='bbox 551 1988 601 2036; x_wconf 91' lang='lat' dir='ltr'>in</span> <span class='ocrx_word' id='word_1_196' title='bbox 628 1986 964 2051; x_wconf 87' lang='lat' dir='ltr'>Prognosticis</span> <span class='ocrx_word' id='word_1_197' title='bbox 991 1986 1129 2051; x_wconf 86' lang='lat' dir='ltr'>(frag.</span> <span class='ocrx_word' id='word_1_198' title='bbox 1157 1987 1206 2052; x_wconf 88' lang='lat'>6)</span> <span class='ocrx_word' id='word_1_199' title='bbox 1229 2007 1238 2036; x_wconf 82' lang='lat' dir='ltr'><strong><em>z</em></strong></span> 
     </span>
    </p>

    <p class='ocr_par' dir='ltr' id='par_1_9' title="bbox 678 2068 1769 2119">
     <span class='ocr_line' id='line_1_24' title="bbox 678 2068 1769 2119; baseline 0.001 -1"><span class='ocrx_word' id='word_1_200' title='bbox 678 2072 741 2118; x_wconf 87' lang='lat' dir='ltr'>Et</span> <span class='ocrx_word' id='word_1_201' title='bbox 778 2068 1048 2119; x_wconf 90' lang='lat' dir='ltr'>matutinos</span> <span class='ocrx_word' id='word_1_202' title='bbox 1085 2079 1278 2119; x_wconf 84' lang='lat' dir='ltr'>exercet</span> <span class='ocrx_word' id='word_1_203' title='bbox 1313 2071 1545 2119; x_wconf 87' lang='lat' dir='ltr'>acredula</span> <span class='ocrx_word' id='word_1_204' title='bbox 1581 2079 1769 2119; x_wconf 84' lang='lat' dir='ltr'>cantus.</span> 
     </span>
    </p>

    <p class='ocr_par' dir='ltr' id='par_1_10' title="bbox 262 2151 2176 2381">
     <span class='ocr_line' id='line_1_25' title="bbox 262 2151 2096 2215; baseline 0 -13"><span class='ocrx_word' id='word_1_205' title='bbox 262 2155 327 2214; x_wconf 88' lang='lat'>38</span> <span class='ocrx_word' id='word_1_206' title='bbox 350 2154 498 2201; x_wconf 91' lang='lat' dir='ltr'>Vlula</span> <span class='ocrx_word' id='word_1_207' title='bbox 516 2151 618 2201; x_wconf 87' lang='lat' dir='ltr'>avis</span> <span class='ocrx_word' id='word_1_208' title='bbox 641 2154 731 2202; x_wconf 84' lang='grc' dir='ltr'>ἀπὸ</span> <span class='ocrx_word' id='word_1_209' title='bbox 751 2156 834 2201; x_wconf 83' lang='grc' dir='ltr'>τοῦ</span> <span class='ocrx_word' id='word_1_210' title='bbox 854 2154 1107 2212; x_wconf 80' lang='grc' dir='ltr'>ὀλολύζειν,</span> <span class='ocrx_word' id='word_1_211' title='bbox 1131 2151 1182 2200; x_wconf 93' lang='lat' dir='ltr'>id</span> <span class='ocrx_word' id='word_1_212' title='bbox 1202 2160 1275 2200; x_wconf 90' lang='lat' dir='ltr'>est</span> <span class='ocrx_word' id='word_1_213' title='bbox 1300 2169 1329 2199; x_wconf 91' lang='lat' dir='ltr'>a</span> <span class='ocrx_word' id='word_1_214' title='bbox 1353 2154 1554 2215; x_wconf 88' lang='lat' dir='ltr'>planctu</span> <span class='ocrx_word' id='word_1_215' title='bbox 1575 2161 1623 2201; x_wconf 88' lang='lat' dir='ltr'>et</span> <span class='ocrx_word' id='word_1_216' title='bbox 1642 2153 1790 2212; x_wconf 89' lang='lat' dir='ltr'>luctu,</span> <span class='ocrx_word' id='word_1_217' title='bbox 1815 2152 2096 2213; x_wconf 80' lang='lat' dir='ltr'>nominata3</span> 
     </span>
     <span class='ocr_line' id='line_1_26' title="bbox 351 2233 2176 2299; baseline -0.001 -15"><span class='ocrx_word' id='word_1_218' title='bbox 351 2252 464 2284; x_wconf 89' lang='lat' dir='ltr'>cum</span> <span class='ocrx_word' id='word_1_219' title='bbox 482 2234 614 2283; x_wconf 90' lang='lat' dir='ltr'>enim</span> <span class='ocrx_word' id='word_1_220' title='bbox 631 2237 809 2283; x_wconf 90' lang='lat' dir='ltr'>clamat</span> <span class='ocrx_word' id='word_1_221' title='bbox 825 2243 908 2282; x_wconf 86' lang='lat' dir='ltr'>aut</span> <span class='ocrx_word' id='word_1_222' title='bbox 926 2235 1095 2283; x_wconf 89' lang='lat' dir='ltr'>fletum</span> <span class='ocrx_word' id='word_1_223' title='bbox 1113 2233 1330 2282; x_wconf 88' lang='lat' dir='ltr'>imitatur</span> <span class='ocrx_word' id='word_1_224' title='bbox 1345 2243 1428 2282; x_wconf 88' lang='lat' dir='ltr'>aut</span> <span class='ocrx_word' id='word_1_225' title='bbox 1444 2233 1696 2298; x_wconf 87' lang='lat' dir='ltr'>gemitum.</span> <span class='ocrx_word' id='word_1_226' title='bbox 1733 2236 1881 2284; x_wconf 90' lang='lat' dir='ltr'>Vnde</span> <span class='ocrx_word' id='word_1_227' title='bbox 1898 2244 1946 2284; x_wconf 93' lang='lat' dir='ltr'>et</span> <span class='ocrx_word' id='word_1_228' title='bbox 1961 2236 2095 2299; x_wconf 89' lang='lat' dir='ltr'>apud</span> <span class='ocrx_word' id='word_1_229' title='bbox 2122 2254 2176 2294; x_wconf 62' lang='lat'>251·</span> 
     </span>
     <span class='ocr_line' id='line_1_27' title="bbox 348 2315 2099 2381; baseline 0 -15"><span class='ocrx_word' id='word_1_230' title='bbox 348 2334 554 2381; x_wconf 88' lang='lat' dir='ltr'>augures</span> <span class='ocrx_word' id='word_1_231' title='bbox 581 2316 620 2366; x_wconf 93' lang='lat' dir='ltr'>si</span> <span class='ocrx_word' id='word_1_232' title='bbox 643 2320 939 2366; x_wconf 90' lang='lat' dir='ltr'>lamentetur</span> <span class='ocrx_word' id='word_1_233' title='bbox 963 2315 1221 2375; x_wconf 89' lang='lat' dir='ltr'>tristitiam,</span> <span class='ocrx_word' id='word_1_234' title='bbox 1251 2325 1419 2365; x_wconf 89' lang='lat' dir='ltr'>tacens</span> <span class='ocrx_word' id='word_1_235' title='bbox 1445 2317 1706 2366; x_wconf 91' lang='lat' dir='ltr'>ostendere</span> <span class='ocrx_word' id='word_1_236' title='bbox 1730 2317 1878 2365; x_wconf 90' lang='lat' dir='ltr'>fertur</span> <span class='ocrx_word' id='word_1_237' title='bbox 1902 2333 2099 2380; x_wconf 91' lang='lat' dir='ltr'>prospe-</span> 
     </span>
    </p>

    <p class='ocr_par' dir='ltr' id='par_1_11' title="bbox 256 2397 2098 2461">
     <span class='ocr_line' id='line_1_28' title="bbox 256 2397 2098 2461; baseline -0.001 -12"><span class='ocrx_word' id='word_1_238' title='bbox 256 2408 326 2454; x_wconf 89' lang='lat'>39</span> <span class='ocrx_word' id='word_1_239' title='bbox 349 2400 556 2449; x_wconf 89' lang='lat' dir='ltr'>ritatem.</span> <span class='ocrx_word' id='word_1_240' title='bbox 632 2399 778 2448; x_wconf 91' lang='lat' dir='ltr'>Bubo</span> <span class='ocrx_word' id='word_1_241' title='bbox 817 2416 845 2447; x_wconf 91' lang='lat' dir='ltr'>a</span> <span class='ocrx_word' id='word_1_242' title='bbox 882 2415 1006 2448; x_wconf 90' lang='lat' dir='ltr'>sono</span> <span class='ocrx_word' id='word_1_243' title='bbox 1043 2398 1177 2448; x_wconf 89' lang='lat' dir='ltr'>vocis</span> <span class='ocrx_word' id='word_1_244' title='bbox 1215 2397 1529 2461; x_wconf 89' lang='lat' dir='ltr'>conpositum</span> <span class='ocrx_word' id='word_1_245' title='bbox 1569 2415 1755 2448; x_wconf 91' lang='lat' dir='ltr'>nomen</span> <span class='ocrx_word' id='word_1_246' title='bbox 1795 2399 1960 2457; x_wconf 87' lang='lat' dir='ltr'>habet,</span> <span class='ocrx_word' id='word_1_247' title='bbox 1997 2399 2098 2448; x_wconf 89' lang='lat' dir='ltr'>avis</span> 
     </span>
    </p>
   </div>
   <div class='ocr_carea' id='block_1_3' title="bbox 353 2527 2101 3017">
    <p class='ocr_par' dir='ltr' id='par_1_12' title="bbox 353 2527 2101 3017">
     <span class='ocr_line' id='line_1_29' title="bbox 411 2527 2098 2578; baseline -0.001 -8"><span class='ocrx_word' id='word_1_248' title='bbox 411 2544 427 2570; x_wconf 92' lang='lat'>1</span> <span class='ocrx_word' id='word_1_249' title='bbox 461 2531 648 2569; x_wconf 87' lang='lat' dir='ltr'>lacerant</span> <span class='ocrx_word' id='word_1_250' title='bbox 671 2528 706 2568; x_wconf 90' lang='lat' dir='ltr'><em>C</em></span> <span class='ocrx_word' id='word_1_251' title='bbox 815 2543 838 2568; x_wconf 83' lang='lat'><strong>2</strong></span> <span class='ocrx_word' id='word_1_252' title='bbox 867 2530 978 2568; x_wconf 88' lang='lat' dir='ltr'>adeo</span> <span class='ocrx_word' id='word_1_253' title='bbox 995 2542 1076 2569; x_wconf 86' lang='lat' dir='ltr'>om.</span> <span class='ocrx_word' id='word_1_254' title='bbox 1110 2527 1147 2567; x_wconf 94' lang='lat' dir='ltr'><em>T</em></span> <span class='ocrx_word' id='word_1_255' title='bbox 1250 2528 1428 2567; x_wconf 87' lang='lat' dir='ltr'>obscuro</span> <span class='ocrx_word' id='word_1_256' title='bbox 1450 2527 1553 2567; x_wconf 82' lang='lat' dir='ltr'>BT:</span> <span class='ocrx_word' id='word_1_257' title='bbox 1588 2541 1650 2566; x_wconf 89' lang='lat' dir='ltr'>-ra</span> <span class='ocrx_word' id='word_1_258' title='bbox 1674 2528 1709 2567; x_wconf 89' lang='lat' dir='ltr'><em>C</em></span> <span class='ocrx_word' id='word_1_259' title='bbox 1814 2542 1837 2576; x_wconf 87' lang='lat'><strong>4</strong></span> <span class='ocrx_word' id='word_1_260' title='bbox 1867 2528 2098 2578; x_wconf 86' lang='lat' dir='ltr'>preiactata</span> 
     </span>
     <span class='ocr_line' id='line_1_30' title="bbox 361 2582 2101 2634; baseline -0.002 -8"><span class='ocrx_word' id='word_1_261' title='bbox 361 2586 413 2626; x_wconf 86' lang='lat' dir='ltr'>T:</span> <span class='ocrx_word' id='word_1_262' title='bbox 445 2585 581 2624; x_wconf 88' lang='lat' dir='ltr'>iactae</span> <span class='ocrx_word' id='word_1_263' title='bbox 602 2585 670 2623; x_wconf 89' lang='lat' dir='ltr'>K:</span> <span class='ocrx_word' id='word_1_264' title='bbox 702 2585 811 2624; x_wconf 87' lang='lat' dir='ltr'>iacta</span> <span class='ocrx_word' id='word_1_265' title='bbox 825 2584 882 2623; x_wconf 94' lang='grc' dir='ltr'>Β1</span> <span class='ocrx_word' id='word_1_266' title='bbox 901 2598 912 2624; x_wconf 86' lang='lat'>:</span> <span class='ocrx_word' id='word_1_267' title='bbox 939 2584 1133 2634; x_wconf 87' lang='lat' dir='ltr'>proiecta</span> <span class='ocrx_word' id='word_1_268' title='bbox 1155 2583 1203 2623; x_wconf 80' lang='lat' dir='ltr'>Cl</span> <span class='ocrx_word' id='word_1_269' title='bbox 1357 2584 1452 2622; x_wconf 89' lang='lat' dir='ltr'>viae</span> <span class='ocrx_word' id='word_1_270' title='bbox 1473 2596 1555 2621; x_wconf 84' lang='lat' dir='ltr'>om.</span> <span class='ocrx_word' id='word_1_271' title='bbox 1574 2582 1615 2619; x_wconf 89' lang='grc' dir='ltr'><em>Β</em></span> <span class='ocrx_word' id='word_1_272' title='bbox 1779 2595 1803 2631; x_wconf 88' lang='grc'>5</span> <span class='ocrx_word' id='word_1_273' title='bbox 1830 2589 1999 2634; x_wconf 86' lang='lat' dir='ltr'>pateant</span> <span class='ocrx_word' id='word_1_274' title='bbox 2022 2584 2101 2623; x_wconf 90' lang='lat' dir='ltr'>CK</span> 
     </span>
     <span class='ocr_line' id='line_1_31' title="bbox 353 2636 2099 2692; baseline -0.002 -13"><span class='ocrx_word' id='word_1_275' title='bbox 353 2641 628 2692; x_wconf 87' lang='lat' dir='ltr'>plurimarum</span> <span class='ocrx_word' id='word_1_276' title='bbox 650 2640 690 2678; x_wconf 88' lang='grc' dir='ltr'><em>Β</em></span> <span class='ocrx_word' id='word_1_277' title='bbox 863 2641 890 2677; x_wconf 90' lang='grc'>6</span> <span class='ocrx_word' id='word_1_278' title='bbox 919 2652 1097 2689; x_wconf 90' lang='lat' dir='ltr'>quorum</span> <span class='ocrx_word' id='word_1_279' title='bbox 1118 2669 1127 2678; x_wconf 94' lang='lat'><strong>.</strong></span> <span class='ocrx_word' id='word_1_280' title='bbox 1158 2669 1167 2678; x_wconf 93' lang='lat'><strong>.</strong></span> <span class='ocrx_word' id='word_1_281' title='bbox 1193 2669 1202 2678; x_wconf 93' lang='lat'><strong>.</strong></span> <span class='ocrx_word' id='word_1_282' title='bbox 1225 2638 1337 2677; x_wconf 87' lang='lat' dir='ltr'>solit.</span> <span class='ocrx_word' id='word_1_283' title='bbox 1353 2639 1448 2678; x_wconf 77' lang='lat' dir='ltr'>hab.</span> <span class='ocrx_word' id='word_1_284' title='bbox 1470 2637 1551 2676; x_wconf 85' lang='lat' dir='ltr'>BG</span> <span class='ocrx_word' id='word_1_285' title='bbox 1562 2637 1640 2675; x_wconf 83' lang='lat' dir='ltr'>TU</span> <span class='ocrx_word' id='word_1_286' title='bbox 1655 2636 1771 2676; x_wconf 89' lang='lat' dir='ltr'><em>Mon.</em></span> <span class='ocrx_word' id='word_1_287' title='bbox 1795 2652 1803 2676; x_wconf 93' lang='lat'><strong>:</strong></span> <span class='ocrx_word' id='word_1_288' title='bbox 1832 2651 1915 2677; x_wconf 82' lang='lat' dir='ltr'>om.</span> <span class='ocrx_word' id='word_1_289' title='bbox 1938 2637 2099 2677; x_wconf 86' lang='lat' dir='ltr'><em>CDFK</em></span> 
     </span>
     <span class='ocr_line' id='line_1_32' title="bbox 353 2691 2096 2745; baseline -0.003 -9"><span class='ocrx_word' id='word_1_290' title='bbox 353 2700 453 2736; x_wconf 85' lang='lat' dir='ltr'>sunt</span> <span class='ocrx_word' id='word_1_291' title='bbox 474 2707 573 2745; x_wconf 87' lang='lat' dir='ltr'>gen.</span> <span class='ocrx_word' id='word_1_292' title='bbox 595 2695 636 2732; x_wconf 88' lang='grc' dir='ltr'><em>Β</em></span> <span class='ocrx_word' id='word_1_293' title='bbox 833 2708 853 2743; x_wconf 92' lang='lat'><strong>7</strong></span> <span class='ocrx_word' id='word_1_294' title='bbox 887 2694 949 2732; x_wconf 93' lang='lat' dir='ltr'>Ibi</span> <span class='ocrx_word' id='word_1_295' title='bbox 971 2694 1027 2733; x_wconf 89' lang='grc' dir='ltr'>Β1</span> <span class='ocrx_word' id='word_1_296' title='bbox 1046 2707 1054 2731; x_wconf 92' lang='lat'>:</span> <span class='ocrx_word' id='word_1_297' title='bbox 1087 2707 1167 2733; x_wconf 81' lang='lat' dir='ltr'>om.</span> <span class='ocrx_word' id='word_1_298' title='bbox 1189 2693 1234 2731; x_wconf 91' lang='lat' dir='ltr'><em>D</em></span> <span class='ocrx_word' id='word_1_299' title='bbox 1255 2693 1358 2744; x_wconf 83' lang='lat' dir='ltr'>(non</span> <span class='ocrx_word' id='word_1_300' title='bbox 1379 2693 1419 2732; x_wconf 83' lang='lat' dir='ltr'><em>F</em></span> <span class='ocrx_word' id='word_1_301' title='bbox 1420 2693 1436 2745; x_wconf 86' lang='lat'>)</span> <span class='ocrx_word' id='word_1_302' title='bbox 1603 2693 1832 2742; x_wconf 89' lang='lat' dir='ltr'>semetipsa</span> <span class='ocrx_word' id='word_1_303' title='bbox 1847 2693 1894 2730; x_wconf 88' lang='lat' dir='ltr'><strong><em>K</em></strong></span> <span class='ocrx_word' id='word_1_304' title='bbox 1911 2695 2014 2743; x_wconf 81' lang='lat' dir='ltr'>(non</span> <span class='ocrx_word' id='word_1_305' title='bbox 2033 2691 2078 2730; x_wconf 93' lang='lat' dir='ltr'><em>D</em></span> <span class='ocrx_word' id='word_1_306' title='bbox 2083 2712 2096 2743; x_wconf 77' lang='lat'><em>)</em></span> 
     </span>
     <span class='ocr_line' id='line_1_33' title="bbox 355 2746 2096 2801; baseline -0.003 -11"><span class='ocrx_word' id='word_1_307' title='bbox 355 2765 380 2801; x_wconf 93' lang='lat'><strong>9</strong></span> <span class='ocrx_word' id='word_1_308' title='bbox 410 2749 648 2801; x_wconf 87' lang='lat' dir='ltr'>gratissima</span> <span class='ocrx_word' id='word_1_309' title='bbox 670 2749 715 2786; x_wconf 89' lang='lat' dir='ltr'><em>K</em></span> <span class='ocrx_word' id='word_1_310' title='bbox 826 2750 1053 2799; x_wconf 87' lang='lat' dir='ltr'>deportant</span> <span class='ocrx_word' id='word_1_311' title='bbox 1076 2748 1126 2787; x_wconf 85' lang='lat' dir='ltr'>C1</span> <span class='ocrx_word' id='word_1_312' title='bbox 1268 2761 1318 2787; x_wconf 92' lang='lat'>10</span> <span class='ocrx_word' id='word_1_313' title='bbox 1348 2754 1389 2786; x_wconf 90' lang='lat' dir='ltr'>et</span> <span class='ocrx_word' id='word_1_314' title='bbox 1410 2761 1492 2787; x_wconf 82' lang='lat' dir='ltr'>om.</span> <span class='ocrx_word' id='word_1_315' title='bbox 1515 2747 1557 2785; x_wconf 90' lang='grc' dir='ltr'><em>Β</em></span> <span class='ocrx_word' id='word_1_316' title='bbox 1669 2747 1813 2786; x_wconf 86' lang='lat' dir='ltr'>caulos</span> <span class='ocrx_word' id='word_1_317' title='bbox 1842 2747 1888 2785; x_wconf 92' lang='lat' dir='ltr'><em>K</em></span> <span class='ocrx_word' id='word_1_318' title='bbox 1907 2761 1916 2785; x_wconf 90' lang='lat'>:</span> <span class='ocrx_word' id='word_1_319' title='bbox 1945 2746 2096 2797; x_wconf 86' lang='lat' dir='ltr'>gaulus</span> 
     </span>
     <span class='ocr_line' id='line_1_34' title="bbox 354 2801 2096 2855; baseline -0.003 -11"><span class='ocrx_word' id='word_1_320' title='bbox 354 2806 395 2844; x_wconf 93' lang='grc' dir='ltr'><em>Β</em></span> <span class='ocrx_word' id='word_1_321' title='bbox 415 2820 424 2844; x_wconf 79' lang='lat' dir='ltr'><em>z</em></span> <span class='ocrx_word' id='word_1_322' title='bbox 453 2804 670 2855; x_wconf 83' lang='lat' dir='ltr'>galbeolos</span> <span class='ocrx_word' id='word_1_323' title='bbox 691 2802 826 2843; x_wconf 78' lang='lat' dir='ltr'>Sclzol.</span> <span class='ocrx_word' id='word_1_324' title='bbox 848 2804 974 2842; x_wconf 74' lang='lat' dir='ltr'>Bern.</span> <span class='ocrx_word' id='word_1_325' title='bbox 1000 2802 1140 2854; x_wconf 83' lang='lat' dir='ltr'>Georg.</span> <span class='ocrx_word' id='word_1_326' title='bbox 1163 2817 1203 2852; x_wconf 89' lang='lat'>4,</span> <span class='ocrx_word' id='word_1_327' title='bbox 1230 2815 1276 2851; x_wconf 91' lang='lat'>14</span> <span class='ocrx_word' id='word_1_328' title='bbox 1467 2815 1511 2840; x_wconf 88' lang='lat'>11</span> <span class='ocrx_word' id='word_1_329' title='bbox 1543 2802 1696 2841; x_wconf 88' lang='lat' dir='ltr'>dicitur</span> <span class='ocrx_word' id='word_1_330' title='bbox 1714 2801 1756 2840; x_wconf 92' lang='grc' dir='ltr'><em>Β</em></span> <span class='ocrx_word' id='word_1_331' title='bbox 1950 2813 1998 2840; x_wconf 88' lang='lat'>12</span> <span class='ocrx_word' id='word_1_332' title='bbox 2028 2814 2096 2851; x_wconf 88' lang='lat' dir='ltr'>qu.</span> 
     </span>
     <span class='ocr_line' id='line_1_35' title="bbox 355 2855 2099 2907; baseline -0.002 -8"><span class='ocrx_word' id='word_1_333' title='bbox 355 2860 564 2900; x_wconf 85' lang='lat' dir='ltr'>monetala</span> <span class='ocrx_word' id='word_1_334' title='bbox 582 2858 622 2897; x_wconf 93' lang='grc' dir='ltr'><em>Β</em></span> <span class='ocrx_word' id='word_1_335' title='bbox 643 2873 652 2898; x_wconf 90' lang='lat'><strong>:</strong></span> <span class='ocrx_word' id='word_1_336' title='bbox 681 2871 749 2907; x_wconf 91' lang='lat' dir='ltr'>qu.</span> <span class='ocrx_word' id='word_1_337' title='bbox 777 2859 981 2897; x_wconf 89' lang='lat' dir='ltr'>monitula</span> <span class='ocrx_word' id='word_1_338' title='bbox 1000 2858 1047 2896; x_wconf 92' lang='lat' dir='ltr'><em>K</em></span> <span class='ocrx_word' id='word_1_339' title='bbox 1155 2870 1247 2895; x_wconf 90' lang='lat' dir='ltr'>cum</span> <span class='ocrx_word' id='word_1_340' title='bbox 1269 2855 1391 2896; x_wconf 87' lang='lat' dir='ltr'>BCK</span> <span class='ocrx_word' id='word_1_341' title='bbox 1527 2870 1575 2906; x_wconf 86' lang='lat'>13</span> <span class='ocrx_word' id='word_1_342' title='bbox 1605 2863 1647 2896; x_wconf 88' lang='lat' dir='ltr'>et</span> <span class='ocrx_word' id='word_1_343' title='bbox 1667 2870 1751 2895; x_wconf 86' lang='lat' dir='ltr'>om.</span> <span class='ocrx_word' id='word_1_344' title='bbox 1773 2856 1815 2895; x_wconf 90' lang='grc' dir='ltr'><em>Β</em></span> <span class='ocrx_word' id='word_1_345' title='bbox 1923 2869 2025 2896; x_wconf 90' lang='lat' dir='ltr'>auro</span> <span class='ocrx_word' id='word_1_346' title='bbox 2050 2855 2099 2895; x_wconf 86' lang='lat' dir='ltr'>C¹</span> 
     </span>
     <span class='ocr_line' id='line_1_36' title="bbox 353 2911 2095 3017; baseline -0.003 -8"><span class='ocrx_word' id='word_1_347' title='bbox 353 2928 418 3008; x_wconf 60' lang='lat' dir='ltr'>Z*-</span> <span class='ocrx_word' id='word_1_348' title='bbox 434 2914 583 3009; x_wconf 58' lang='lat' dir='ltr'>qauatffl</span> <span class='ocrx_word' id='word_1_349' title='bbox 602 2913 799 3007; x_wconf 58' lang='lat' dir='ltr'>qJ⁰¹¹³²¹¹¹</span> <span class='ocrx_word' id='word_1_350' title='bbox 824 2913 905 3006; x_wconf 66' lang='lat'>⁶18</span> <span class='ocrx_word' id='word_1_351' title='bbox 934 2911 1224 3007; x_wconf 56' lang='grc' dir='ltr'>νοῗζὲἒέῗςΚ</span> <span class='ocrx_word' id='word_1_352' title='bbox 1365 2924 1419 3017; x_wconf 67' lang='grc' dir='ltr'>ἕξ</span> <span class='ocrx_word' id='word_1_353' title='bbox 1443 2911 1688 3006; x_wconf 48' lang='grc' dir='ltr'>ἓιῖξῂὲἓῖιε</span> <span class='ocrx_word' id='word_1_354' title='bbox 1706 2911 2095 3004; x_wconf 51' lang='lat' dir='ltr'>,OW132335252-</span> 
     </span>
    </p>
   </div>
   <div class='ocr_carea' id='block_1_4' title="bbox 355 3019 2099 3184">
    <p class='ocr_par' dir='ltr' id='par_1_13' title="bbox 355 3019 2099 3184">
     <span class='ocr_line' id='line_1_37' title="bbox 356 3019 2099 3075; baseline -0.002 -12"><span class='ocrx_word' id='word_1_355' title='bbox 356 3038 409 3063; x_wconf 83' lang='lat'>20</span> <span class='ocrx_word' id='word_1_356' title='bbox 437 3024 556 3075; x_wconf 88' lang='lat' dir='ltr'>quia]</span> <span class='ocrx_word' id='word_1_357' title='bbox 571 3024 684 3073; x_wconf 87' lang='lat' dir='ltr'>quod</span> <span class='ocrx_word' id='word_1_358' title='bbox 705 3023 752 3062; x_wconf 90' lang='lat' dir='ltr'><em>K</em></span> <span class='ocrx_word' id='word_1_359' title='bbox 883 3035 930 3060; x_wconf 80' lang='lat'>21</span> <span class='ocrx_word' id='word_1_360' title='bbox 964 3021 1180 3062; x_wconf 80' lang='lat' dir='ltr'>exordium</span> <span class='ocrx_word' id='word_1_361' title='bbox 1201 3020 1245 3060; x_wconf 89' lang='lat' dir='ltr'><em>K</em></span> <span class='ocrx_word' id='word_1_362' title='bbox 1261 3020 1334 3073; x_wconf 85' lang='grc' dir='ltr'>(Β1</span> <span class='ocrx_word' id='word_1_363' title='bbox 1358 3035 1399 3061; x_wconf 84' lang='lat' dir='ltr'>n.</span> <span class='ocrx_word' id='word_1_364' title='bbox 1415 3021 1463 3071; x_wconf 84' lang='lat' dir='ltr'>l.)</span> <span class='ocrx_word' id='word_1_365' title='bbox 1574 3019 1776 3071; x_wconf 81' lang='lat' dir='ltr'>agredula</span> <span class='ocrx_word' id='word_1_366' title='bbox 1796 3049 1805 3059; x_wconf 90' lang='lat'><em>.</em></span> <span class='ocrx_word' id='word_1_367' title='bbox 1828 3049 1839 3059; x_wconf 86' lang='lat'><strong>.</strong></span> <span class='ocrx_word' id='word_1_368' title='bbox 1864 3049 1874 3059; x_wconf 92' lang='lat'><strong>.</strong></span> <span class='ocrx_word' id='word_1_369' title='bbox 1896 3020 2099 3070; x_wconf 87' lang='lat' dir='ltr'>agredula</span> 
     </span>
     <span class='ocr_line' id='line_1_38' title="bbox 355 3073 2099 3128; baseline -0.002 -11"><span class='ocrx_word' id='word_1_370' title='bbox 355 3078 402 3117; x_wconf 88' lang='lat' dir='ltr'><em>K</em></span> <span class='ocrx_word' id='word_1_371' title='bbox 516 3092 569 3128; x_wconf 87' lang='lat'>23</span> <span class='ocrx_word' id='word_1_372' title='bbox 599 3078 761 3118; x_wconf 84' lang='lat' dir='ltr'>exercit</span> <span class='ocrx_word' id='word_1_373' title='bbox 791 3077 878 3115; x_wconf 88' lang='grc' dir='ltr'>ΒΚ</span> <span class='ocrx_word' id='word_1_374' title='bbox 999 3089 1050 3127; x_wconf 88' lang='lat'>25</span> <span class='ocrx_word' id='word_1_375' title='bbox 1080 3076 1212 3127; x_wconf 69' lang='lat' dir='ltr'>gem]</span> <span class='ocrx_word' id='word_1_376' title='bbox 1234 3076 1391 3115; x_wconf 89' lang='lat' dir='ltr'>luctum</span> <span class='ocrx_word' id='word_1_377' title='bbox 1411 3076 1451 3114; x_wconf 88' lang='grc' dir='ltr'><em>Β</em></span> <span class='ocrx_word' id='word_1_378' title='bbox 1559 3087 1629 3114; x_wconf 91' lang='lat' dir='ltr'>un.</span> <span class='ocrx_word' id='word_1_379' title='bbox 1653 3087 1722 3125; x_wconf 88' lang='lat' dir='ltr'>ap.</span> <span class='ocrx_word' id='word_1_380' title='bbox 1749 3073 1788 3112; x_wconf 95' lang='lat' dir='ltr'><em>T</em></span> <span class='ocrx_word' id='word_1_381' title='bbox 1905 3088 1956 3125; x_wconf 89' lang='lat'>27</span> <span class='ocrx_word' id='word_1_382' title='bbox 1987 3074 2099 3114; x_wconf 90' lang='lat' dir='ltr'>Bufo</span> 
     </span>
     <span class='ocr_line' id='line_1_39' title="bbox 363 3130 1153 3184; baseline -0.004 -12"><span class='ocrx_word' id='word_1_383' title='bbox 363 3132 610 3184; x_wconf 73' lang='lat' dir='ltr'>T&lt;passim&gt;</span> <span class='ocrx_word' id='word_1_384' title='bbox 748 3143 858 3172; x_wconf 86' lang='lat' dir='ltr'>nom.</span> <span class='ocrx_word' id='word_1_385' title='bbox 883 3131 978 3171; x_wconf 79' lang='lat' dir='ltr'>hab.</span> <span class='ocrx_word' id='word_1_386' title='bbox 1002 3145 1084 3171; x_wconf 83' lang='lat' dir='ltr'>om.</span> <span class='ocrx_word' id='word_1_387' title='bbox 1116 3130 1153 3170; x_wconf 91' lang='lat' dir='ltr'><em>T</em></span> 
     </span>
    </p>
   </div>
  </div>
 </body>
</html>
