2176 3424
1094 93 1363 144 ISIDORI

359 228 483 267 nunt
533 219 725 284 sibique
774 220 983 270 invicem
1024 223 1349 272 succedentes
1387 225 1576 272 nullum
1614 224 1832 273 laborem
1870 228 2101 288 ponderis

265 313 334 349 20
360 301 592 351 sentiunt.
669 304 965 368 Tragelaphi
1004 321 1032 352 a
1059 305 1261 354 Graecis
1303 306 1558 367 nominati,
1604 307 1688 370 qui
1727 325 1881 371 quum
1925 311 2100 359 eadem

358 383 522 446 specie
548 385 644 434 sint
681 395 734 434 ut
771 387 915 447 cervi,
943 386 1142 436 villosos
1179 397 1346 437 tamen
1383 388 1569 438 habent
1604 407 1766 438 armos
1803 400 1856 439 ut
1891 391 2026 452 hirci,
2054 403 2102 442 et

357 477 524 516 menta
563 467 816 531 promissis
853 470 978 517 hirta
1017 469 1200 530 barbis,
1241 469 1327 533 qui
1367 487 1468 518 non
1498 470 1615 520 alibi
1653 481 1766 521 sunt
1799 489 1948 536 quam
1975 475 2102 524 circa

276 561 333 597 21
357 549 640 598 Phasidem.
714 551 927 600 Hinnuli
955 551 1039 599 filii
1067 560 1181 600 sunt
1205 568 1462 601 cervorum
1491 550 1575 620 [ab
1602 553 1807 603 innuere
1832 554 1965 615 dicti,
1988 554 2103 617 quia
2125 568 2146 609 5

267 645 334 679 22
356 633 422 680 ad
447 641 625 680 nutum
664 635 830 683 matris
869 631 1284 700 absconduntur]
1359 636 1628 684 Dammula
1652 645 1838 695 vocata,
1867 637 2003 699 quod
2039 637 2103 685 de

358 731 508 762 manu
535 715 761 779 effugiat:
800 716 1031 765 timidum
1068 716 1251 765 animal
1289 726 1336 765 et
1372 716 1554 766 inbelle
1575 735 1586 777 ;
1625 719 1688 767 de
1725 734 1826 782 quo
1865 718 2102 768 Martialis

356 797 456 862 (13,
481 796 596 860 94)=

547 883 710 929 Dente
746 882 944 930 timetur
981 898 1114 943 aper,
1150 883 1425 930 defendunt
1463 899 1647 932 cornua
1683 900 1911 932 cervum:

640 962 846 1011 inbelles
885 964 1060 1012 damae
1098 963 1218 1026 quid
1255 963 1349 1012 nisi
1386 967 1568 1027 praeda
1604 968 1810 1014 sumus?
2128 976 2176 1005 1²

268 1063 333 1110 23
359 1048 536 1108 Lepus,
580 1044 777 1108 levipes,
821 1045 935 1108 quia
977 1045 1209 1094 velociter
1257 1046 1415 1095 currit.
1490 1049 1637 1096 Vnde
1685 1058 1732 1097 et
1782 1049 1969 1096 Graece
2015 1064 2103 1110 pro

357 1145 501 1176 cursu
551 1128 706 1194 λαγώς
741 1127 950 1188 dicitur3
1010 1129 1151 1176 velox
1204 1138 1276 1176 est
1323 1130 1454 1177 enirn
1502 1129 1683 1178 animal
1732 1139 1779 1178 et
1827 1129 1942 1178 satis
1980 1129 2103 1177 timi-

267 1227 332 1274 24
357 1207 491 1255 dum.
566 1206 795 1256 Cuniculi
816 1223 971 1269 genus
988 1206 1251 1270 agrestium
1271 1207 1558 1256 animalium
1578 1208 1697 1257 dicti
1718 1208 1857 1271 quasi
1877 1206 2100 1268 caniculi,

356 1304 416 1337 eo
443 1289 579 1351 quod
600 1305 779 1336 canum
799 1287 1030 1350 indagine
1047 1288 1302 1352 capiantur
1322 1292 1396 1338 vel
1417 1291 1738 1340 excludantur
1756 1290 1819 1338 ab
1840 1290 2101 1353 speluncis.

268 1388 333 1437 25
356 1372 447 1419 Sus
475 1370 620 1431 dicta,
651 1372 787 1434 quod
823 1387 1005 1434 pascua
1042 1371 1248 1435 subigat,
1277 1371 1327 1420 id
1364 1381 1436 1421 est
1474 1381 1598 1421 terra
1634 1373 1837 1422 subacta
1873 1389 2009 1422 escas
2036 1372 2103 1422 in·
2131 1385 2176 1427 τε

357 1454 530 1515 quirat.
603 1454 794 1513 Verres,
839 1454 974 1515 quod
1021 1454 1231 1516 grandes
1281 1454 1461 1502 habeat
1502 1453 1642 1503 vires.
1714 1457 1912 1515 Porcus,
1963 1454 2102 1517 quasi

358 1551 576 1597 spurcus.
648 1533 921 1597 Ingurgitat
942 1533 1074 1583 enirn
1101 1551 1152 1583 se
1177 1551 1347 1595 caeno,
1376 1537 1481 1584 luto
1511 1534 1751 1598 immergit,
1779 1535 1896 1585 limo
1926 1535 2098 1586 inlinit.

360 1616 597 1665 Horatius
624 1614 803 1681 (Epist.
831 1635 869 1677 1,
898 1635 937 1676 2,
961 1618 1042 1682 26)
1068 1637 1077 1666 ε
1451 1669 1456 1674 ,

965 1700 1029 1747 Et
1065 1698 1224 1747 amica
1259 1701 1362 1748 luto
1399 1716 1493 1748 sus.

264 1787 332 1833 26
360 1780 496 1829 Hinc
517 1780 665 1830 etiarn
687 1780 971 1844 spurcitiam
990 1782 1065 1829 vel
1086 1781 1277 1844 spurios
1294 1791 1622 1844 nuncupatos,
1674 1784 1941 1830 Porcorum
1976 1781 2101 1844 pilos
2128 1794 2176 1821 2¹2*

358 1873 484 1913 setas
524 1880 774 1922 vocamus,
816 1872 863 1911 et
902 1872 1029 1911 setas
1077 1880 1105 1911 a
1153 1879 1238 1911 sue
1287 1862 1476 1911 dictas:
1529 1880 1558 1910 a
1597 1862 1776 1925 quibus
1818 1873 1866 1912 et
1914 1872 2102 1912 sutores

272 1961 333 2010 27
358 1955 609 2005 vocantur,
640 1946 777 2009 quod
813 1961 871 1994 ex
909 1944 1024 1993 setis
1061 1954 1218 2005 suant,
1247 1944 1298 1992 id
1337 1953 1409 1992 est
1446 1953 1703 2007 consuant,
1731 1946 1898 2007 pelles.
1970 1948 2103 2008 Aper

357 2044 385 2075 a
420 2026 607 2076 feritate
645 2034 860 2086 vocatus,
890 2026 1054 2074 ablata
1091 2028 1130 2073 F
1166 2026 1325 2075 littera
1362 2035 1410 2074 et
1447 2026 1709 2088 subrogata
1747 2029 1798 2074 P.
1872 2028 2019 2075 Vnde
2056 2036 2103 2076 et

356 2110 488 2172 apud
517 2110 734 2157 Graecos
761 2110 978 2174 σύαγρος,
1007 2108 1057 2157 id
1084 2117 1156 2156 est
1182 2110 1324 2168 ferus,
1354 2107 1544 2156 dicitur.
1619 2108 1783 2157 Omne
1803 2109 1950 2169 enim,
1968 2110 2103 2171 quod

269 2198 333 2245 28
358 2193 512 2240 ferum
532 2199 605 2240 est
632 2199 679 2239 et
705 2189 894 2251 inmite,
909 2189 1114 2238 abusive
1133 2199 1319 2252 agreste
1339 2205 1586 2237 vocamus.
1661 2191 1906 2238 Iuvencus
1927 2189 2101 2251 dictus,
2130 2206 2176 2246 2¹1

361 2274 495 2336 quod
521 2272 685 2321 iuvare
711 2271 913 2335 incipiat
939 2271 1199 2319 hominum
1234 2287 1350 2319 usus
1387 2270 1436 2317 in
1474 2272 1685 2319 colenda
1722 2281 1860 2332 terra,
1888 2274 1964 2321 vel
1990 2272 2103 2335 quia

358 2356 491 2418 apud
516 2354 722 2418 gentiles
751 2353 858 2401 Iovi
884 2369 1077 2416 semper
1102 2353 1288 2416 ubique
1321 2352 1556 2401 iuvencus
1594 2352 1938 2414 inmolabatur,
1966 2371 2105 2403 num-

360 2455 510 2501 quam
550 2446 732 2485 taurus.
806 2438 937 2485 Nam
980 2435 1030 2483 in
1070 2434 1280 2484 victimis
1326 2434 1473 2483 etiam
1515 2445 1648 2484 aetas
1688 2435 2103 2485 considerabatur.

415 2583 438 2607 2
469 2567 596 2619 sent]
614 2572 867 2605 susteneunt
886 2565 930 2603 K
1037 2577 1137 2615 qum
1162 2564 1211 2603 T:
1234 2565 1329 2602 dum
1346 2563 1467 2602 BCK
1574 2578 1599 2614 3
1629 2571 1726 2603 sunt
1751 2564 1798 2602 Tl
1909 2580 1932 2615 4
1964 2571 2106 2604 mente
2163 2613 2176 2617 -

359 2624 405 2663 Κ
553 2622 717 2660 hirsuta
755 2621 789 2659 C
921 2626 1021 2658 sunt
1055 2619 1153 2658 alibi
1190 2619 1224 2657 C
1421 2631 1444 2668 5
1480 2619 1589 2657 Inuli
1627 2619 1768 2658 CTX:
1799 2620 1920 2659 Enuli
1955 2621 2075 2659 BFO
2096 2635 2105 2660 t

362 2677 514 2718 Eenoli
536 2676 582 2714 K
690 2676 742 2713 ab
764 2706 773 2715 .
795 2706 805 2715 .
832 2707 840 2716 .
861 2675 974 2713 absc.
999 2674 1092 2713 hab.
1123 2673 1244 2712 TUX
1259 2673 1396 2712 Mon.:
1434 2687 1513 2714 om.
1537 2673 1781 2714 BCDFKO
1906 2676 1933 2713 6
1963 2676 2031 2714 ess.
2052 2676 2105 2714 de
2162 2706 2176 2715 2

361 2747 442 2773 ma.
458 2732 499 2770 Β
593 2745 614 2781 7
637 2731 723 2769 tim.
738 2736 780 2768 et
793 2743 859 2769 an.
879 2729 929 2768 C1
1015 2729 1228 2768 imbecille
1243 2729 1282 2766 B
1369 2741 1418 2766 10
1440 2729 1593 2767 damne
1617 2728 1653 2765 T
1740 2742 1754 2766 1
1767 2742 1785 2766 1
1808 2729 1925 2781 quia]
1940 2729 2051 2779 quod
2067 2730 2106 2767 Β
2158 2756 2176 2774 -.-

361 2793 501 2828 curret
531 2785 585 2825 T:
617 2791 756 2824 currat
776 2785 817 2823 Β
986 2797 1033 2823 12
1053 2783 1180 2822 velox
1202 2784 1263 2822 C:
1292 2783 1360 2821 vel
1383 2782 1428 2820 K
1564 2789 1628 2822 est
1649 2796 1735 2820 om.
1755 2783 1797 2821 Β
1960 2797 2007 2834 14
2037 2796 2105 2822 ca·
2172 2782 2176 2783 ⁷

359 2845 532 2894 pientur
551 2840 596 2878 K
707 2851 754 2888 15
777 2839 910 2878 dictas
926 2838 970 2876 K
1049 2838 1182 2890 quod]
1198 2838 1297 2888 quia
1319 2837 1353 2876 C
1465 2840 1514 2877 16
1532 2837 1679 2876 Verris
1694 2837 1782 2876 ΚΤ
1861 2851 1929 2887 qu.
1947 2851 2104 2889 purcus
2164 2860 2176 2867 ν

361 2898 408 2936 K
483 2898 530 2935 18
554 2895 662 2934 Hor.
684 2925 693 2934 .
707 2924 716 2934 .
732 2925 740 2935 .
759 2907 831 2933 sus
846 2907 927 2934 om.
942 2893 989 2932 K
1076 2906 1126 2943 19
1146 2893 1286 2931 amiha
1299 2892 1449 2931 lutosis
1469 2893 1506 2931 T
1575 2905 1628 2930 20
1646 2893 1848 2942 spurcitia
1863 2893 2104 2943 Czsportita

360 2952 407 2990 K
514 2950 684 3001 spurius
703 2948 781 2987 BC
900 2953 1166 2998 nuncupatus
1186 2946 1309 2985 BCK
1416 2960 1465 2986 21
1498 2946 1676 2985 sudores
1693 2946 1739 2984 K
1845 2959 1897 2985 22
1928 2954 2106 2987 vocatur·

363 3005 442 3045 CK
549 3017 601 3053 23
623 3011 706 3054 etp
727 3003 839 3043 subr.
857 3003 893 3042 C
998 3004 1052 3041 26
1081 3003 1268 3041 omnium
1299 3001 1336 3038 T
1438 3001 1616 3041 colenda
1631 2999 1758 3041 B1K:
1781 3001 2016 3041 excolenda
2036 3000 2114 3042 CT

360 3061 479 3112 quia]
501 3061 615 3110 quod
636 3058 713 3098 BC
819 3070 867 3106 27
899 3058 964 3096 ub.
991 3070 1122 3107 semp.
1149 3057 1184 3096 C
1291 3069 1402 3096 num.
1427 3061 1508 3096 tau.
1533 3068 1615 3095 om.
1645 3054 1682 3092 T
