2176 3424
374 143 1003 192 ETYMOLOGIARVM
1044 143 1172 189 LIB.
1214 142 1353 187 XVI.
1393 139 1457 197 iii,
1496 138 1542 186 iv

90 275 296 324 artifices
330 275 578 338 appellant
607 274 795 338 lapides
833 282 1066 322 contusos
1098 281 1145 321 et
1175 274 1310 321 calce
1339 270 1597 329 admixtos,
1626 285 1751 332 quos
1785 267 1839 315 in.

90 355 381 420 pavimentis
418 355 654 405 faciendis
692 356 1051 419 superfundunt
1071 373 1083 414 3
1131 355 1265 402 unde
1298 362 1346 402 et
1378 353 1553 401 rudera
1588 350 1832 400 dicuntur.

91 439 313 502 Gypsum
343 446 605 501 cognatum
641 436 762 485 calci
799 444 905 497 est;
952 447 999 485 et
1033 443 1106 485 est
1140 437 1385 484 Graecum
1419 450 1616 482 nomen.
1691 433 1837 480 Plura
1861 440 1895 487 9

91 517 194 568 eius
230 534 442 582 genera,
489 518 712 567 omnium
749 527 915 567 autem
953 517 1197 580 optimum
1235 515 1386 580 lapidi
1423 515 1674 579 speculari.
1747 515 1838 563 Est

44 624 63 663 5
91 599 223 649 enim
261 600 409 664 signis
446 600 783 649 aedificiorum
821 609 869 648 et
905 599 1101 648 coronis
1138 598 1452 663 gratissimus.
1530 595 1692 647 Calcis
1728 596 1838 645 viva
1859 607 1918 643 10

91 682 223 732 dicta
247 682 363 745 quia
388 683 505 730 dum
533 684 594 730 sit
619 691 752 731 tactu
778 681 964 745 frigida,
987 681 1118 730 intus
1144 682 1394 730 occultum
1410 681 1631 728 continet
1656 678 1834 742 ignem,

92 766 224 814 unde
250 774 297 812 et
323 765 515 827 perfusa
541 780 668 826 aqua
699 762 862 811 statim
890 764 1045 811 latens
1072 761 1194 825 ignis
1220 763 1444 825 erumpit.
1521 763 1710 810 Natura
1734 755 1838 809 eius

94 846 271 894 mirum
296 844 482 908 aliquid
502 845 630 893 facit.
705 847 974 908 Postquam
1002 846 1134 893 enim
1166 845 1346 904 arserit,
1376 843 1516 906 aquis
1543 842 1836 901 incenditur,

94 928 274 991 quibus
312 929 434 976 solet
471 926 595 990 ignis
632 925 879 990 extingui3
930 928 1040 975 oleo
1077 927 1384 990 extinguitur,
1419 942 1519 988 quo
1556 926 1680 974 solet
1716 924 1840 988 ignis

22 1028 71 1055 10
94 1008 315 1058 accendi.
386 1010 516 1057 Vsus
543 1009 645 1057 eius
672 1010 922 1057 structuris
947 1008 1160 1057 fabricae
1177 1006 1494 1057 necessarius.
1561 1008 1692 1056 Nam
1718 1006 1840 1070 lapis

94 1091 244 1155 lapidi
261 1107 360 1140 non
386 1100 549 1155 potest
574 1092 839 1140 adhaerere
859 1090 1028 1140 fortius
1045 1090 1138 1139 nisi
1154 1092 1288 1140 calce
1308 1089 1615 1139 coniunctus.
1679 1087 1840 1139 Calcis

92 1190 119 1223 e
143 1172 306 1236 lapide
342 1173 456 1221 albo
482 1182 530 1222 et
554 1174 679 1222 duro
704 1172 876 1222 melior
901 1172 1165 1232 structuris,
1195 1189 1253 1222 ex
1278 1174 1427 1222 molle
1452 1171 1582 1221 utilis
1608 1170 1838 1221 tectoriis.

93 1259 256 1305 Arena
297 1255 360 1304 ab
399 1254 622 1304 ariditate
661 1256 805 1314 dicta,
844 1271 947 1304 non
988 1255 1052 1304 ab
1090 1256 1408 1304 adhaerendo
1451 1255 1501 1302 in
1538 1253 1746 1313 fabricis,
1787 1262 1840 1302 ut
1862 1268 1908 1301 11

94 1338 295 1402 quidam
322 1338 505 1386 volunt.
581 1336 746 1386 Huius
771 1336 1009 1401 probatio,
1038 1336 1077 1386 si
1109 1353 1258 1385 manu
1292 1336 1510 1400 inpressa
1543 1335 1726 1395 stridet,
1755 1344 1839 1385 aut

23 1434 69 1475 15
95 1420 133 1468 si
158 1420 207 1468 in
228 1428 412 1468 vestem
439 1419 703 1469 candidam
730 1436 896 1483 sparsa
921 1419 1041 1468 nihil
1067 1419 1223 1469 sordis
1242 1419 1497 1483 relinquat.

232 1503 313 1549 DE
349 1516 619 1550 LAP1D1ssvs
653 1516 1057 1551 INSIGNIORIBVS.
1133 1503 1342 1565 Magnes
1379 1501 1501 1565 lapis
1537 1501 1740 1551 Indicus
1774 1501 1837 1550 ab
1862 1507 1919 1546 IV

94 1583 348 1632 inventore
373 1591 588 1632 vocatus.
651 1583 763 1632 Fuit
782 1593 947 1633 autem
974 1584 1024 1632 in
1045 1583 1190 1633 India
1209 1584 1420 1648 primum
1439 1594 1672 1649 repertus,
1691 1586 1840 1634 clavis

95 1665 402 1728 crepidarum
443 1665 706 1728 baculique
754 1665 959 1730 cuspide
1006 1667 1226 1726 haerens,
1277 1683 1390 1715 cum
1438 1676 1660 1716 armenta
1708 1668 1839 1716 idem

99 1749 306 1811 Magnes
331 1757 551 1810 pasceret
573 1766 585 1808 3
622 1757 793 1811 postea
812 1756 859 1797 et
878 1747 1062 1811 passim
1087 1747 1327 1797 inventus.
1390 1751 1478 1798 Est
1494 1758 1659 1798 autem
1678 1749 1842 1797 colore

27 1845 76 1872 20
99 1829 411 1892 ferrugineus,
442 1830 528 1878 sed
558 1830 791 1892 probatur
827 1846 940 1878 cum
975 1831 1101 1879 ferro
1134 1830 1396 1879 adiunctus
1434 1833 1538 1880 eius
1575 1829 1742 1879 fecerit
1774 1846 1845 1878 ra-

98 1920 252 1975 ptum.
325 1913 455 1960 Nam
491 1912 619 1960 adeo
650 1911 976 1974 adprehendit
1002 1913 1181 1961 ferrum
1214 1921 1267 1961 ut
1293 1923 1518 1962 catenam
1551 1912 1696 1962 faciat
1728 1929 1844 1961 anu-

98 1995 255 2041 lorum
277 2011 285 2041 :
323 1994 455 2042 unde
476 2002 523 2042 et
549 2010 662 2042 eum
688 1995 859 2056 vulgus
879 1996 1059 2043 ferrum
1085 1996 1249 2043 vivum
1274 1997 1501 2058 appellat.
1576 1995 1841 2059 Liquorem
1864 2002 1895 2038 2

100 2092 298 2138 quoque
323 2075 431 2124 vitri
457 2084 509 2124 ut
534 2076 713 2124 ferrum
744 2077 933 2125 trahere
959 2076 1172 2126 creditur
1188 2096 1200 2137 3
1238 2079 1376 2126 cuius
1412 2087 1547 2127 tanta
1581 2078 1650 2127 vis
1676 2088 1762 2139 est,
1791 2088 1843 2127 ut

99 2158 242 2207 refert
259 2157 568 2206 beatissimus
587 2157 890 2221 Augustinus
913 2158 1039 2223 (Civ.
1061 2177 1084 2207 2
1097 2178 1135 2220 1,
1155 2160 1222 2224 4),
1245 2162 1378 2225 quod
1398 2161 1601 2224 quidam
1628 2163 1842 2212 eundem

16 2271 46 2298 ,2
56 2270 76 2311 5
102 2249 363 2303 magneten
388 2240 603 2303 lapidem
630 2240 840 2290 tenuerit
865 2242 957 2290 sub
983 2259 1098 2291 vase
1122 2252 1367 2306 argenteo,
1397 2245 1676 2308 ferrumque
1703 2261 1847 2308 super

101 2331 355 2385 argentum
399 2322 628 2385 posuerit,
671 2322 854 2372 deinde
894 2323 1295 2373 subtermovente
1335 2342 1485 2374 manu
1527 2342 1640 2375 cum
1683 2325 1847 2390 lapide

160 2457 179 2500 ξ
202 2465 228 2501 9
251 2451 319 2502 (cf.
341 2451 460 2492 XIX.
486 2465 524 2492 x.
551 2454 624 2505 20)
698 2465 722 2503 3
744 2453 915 2503 Gypsus
938 2459 1142 2501 cognatus
1163 2453 1208 2491 K
1280 2469 1304 2504 4
1335 2455 1488 2505 lapidis
1509 2469 1573 2506 sp.
1600 2455 1666 2496 K:
1696 2456 1848 2507 lapidis

104 2506 303 2557 peculiari
323 2507 390 2545 B:
422 2507 570 2557 lapidis
591 2508 812 2557 speculare
835 2507 905 2546 C1:
937 2522 960 2546 e
990 2508 1129 2558 lapide
1157 2511 1366 2559 speculari
1386 2510 1495 2550 Plin.
1517 2511 1570 2550 N.
1595 2511 1654 2549 H.
1678 2513 1742 2561 36,
1771 2514 1847 2550 182

104 2574 128 2611 5
159 2561 291 2612 enim]
312 2566 450 2600 autem
475 2561 509 2600 C
617 2565 636 2609 ξ
663 2575 712 2600 10
730 2563 795 2613 (cf.
817 2562 935 2601 XIX.
962 2575 1000 2602 x.
1030 2564 1098 2614 19)
1209 2567 1235 2602 6
1255 2565 1351 2604 tacti
1379 2564 1416 2604 T
1510 2579 1531 2615 7
1564 2578 1789 2616 erumpens
1816 2566 1853 2605 T

108 2629 156 2655 10
185 2621 420 2655 structurae
441 2617 492 2656 fa.
516 2615 620 2655 KT:
651 2618 693 2655 in
714 2618 935 2656 structuris
956 2618 1007 2657 fa.
1028 2617 1138 2657 codd.
1163 2619 1287 2658 altero
1307 2620 1390 2658 loco
1583 2621 1689 2670 lapis
1704 2633 1786 2661 om.
1803 2621 1849 2659 K

110 2683 154 2709 11
186 2671 317 2709 adere
339 2669 427 2708 ΚΤ
561 2671 617 2711 ni.
641 2671 925 2711 calcoiunctus
953 2671 990 2709 T
1134 2685 1181 2711 12
1213 2674 1279 2714 du.
1302 2680 1344 2713 et
1365 2674 1416 2714 al.
1435 2674 1481 2712 K
1618 2676 1784 2714 melium
1815 2675 1852 2714 T

106 2731 339 2764 structurus
357 2725 407 2763 Cl
467 2730 486 2773 §
514 2738 557 2764 11
587 2726 649 2776 (cs.
666 2726 785 2766 XIX.
804 2739 842 2766 Χ.
864 2729 936 2777 21)
1016 2739 1063 2776 13
1083 2729 1136 2766 ad
1150 2728 1396 2768 abherendo
1412 2729 1474 2768 B:
1494 2730 1545 2769 ab
1560 2730 1799 2770 inherendo
1815 2731 1849 2770 C

110 2793 157 2829 14
188 2791 395 2829 expressa
415 2778 460 2817 K
566 2780 715 2820 stridat
734 2780 780 2818 K
886 2787 958 2820 aut
979 2811 988 2820 .
1009 2811 1018 2821 .
1039 2812 1047 2821 .
1072 2787 1177 2822 vest.
1197 2795 1281 2823 om.
1313 2783 1350 2822 T
1510 2797 1556 2834 15
1587 2785 1791 2834 relinquid
1815 2785 1853 2824 T

110 2847 156 2884 17
188 2835 230 2872 in
263 2834 403 2886 India]
435 2847 488 2874 an
520 2835 587 2874 ida
624 2833 682 2874 T:
721 2835 764 2873 in
798 2835 871 2875 Ida
901 2835 1010 2875 Plin.
1036 2835 1091 2876 N.
1115 2835 1174 2877 H.
1206 2840 1270 2888 36,
1298 2850 1370 2888 127
1636 2841 1775 2889 gravis
1803 2839 1849 2878 K

110 2890 158 2928 18
188 2889 484 2939 crepiditarum
509 2889 559 2928 Cl
697 2890 940 2941 baculisque
962 2890 1028 2929 K:
1060 2891 1201 2930 bactili
1222 2894 1293 2942 qui
1320 2892 1358 2931 T
1518 2906 1567 2944 19
1596 2894 1659 2945 et]
1681 2907 1784 2934 vero
1805 2895 1850 2933 K

108 2956 161 2983 20
189 2944 286 2996 sed]
308 2951 351 2983 et
379 2943 416 2982 T
495 2944 607 2984 ferro
629 2971 638 2981 .
664 2973 673 2983 .
700 2974 709 2984 .
730 2945 845 2995 adpr.
867 2959 949 2986 om.
978 2946 1015 2984 T
1161 2959 1210 2986 21
1243 2947 1341 2987 serr.
1362 2949 1483 2998 adpr.
1507 2947 1542 2987 C
1692 2962 1744 2988 22
1774 2963 1845 3000 ap-

108 2997 262 3048 pellant
298 2998 355 3036 B1
628 2998 872 3048 Aliquorem
914 3001 999 3053 (-re
1045 2999 1115 3053 T2)
1155 3002 1207 3041 vi.
1257 3001 1315 3042 T:
1363 3003 1672 3052 Liquoremque
1711 3005 1763 3044 vi.
1805 3004 1851 3042 K

107 3055 159 3091 26
190 3053 437 3103 imposuerit
459 3052 494 3091 C

932 3158 1017 3192 N2
