2176 3424
1107 157 1377 207 ISIDORI

370 297 593 356 occurrit,
623 313 650 344 a
687 292 961 343 meridiano
999 293 1148 339 latere
1187 289 1372 337 Iudaea
1409 285 1659 349 excipitur,
1687 301 1714 333 a
1751 282 2117 346 septentrionali

370 383 511 444 plaga
547 377 806 442 Tyriorum
848 373 1030 422 finibus
1070 370 1326 430 clauditur,
1366 369 1429 418 ab
1469 384 1645 416 occasu
1685 364 1930 429 Aegyptio
1965 362 2120 412 limite

278 474 346 511 20
371 463 672 512 terminatur.
747 459 934 507 Iudaea
959 454 1093 518 regio
1120 451 1426 502 Palaestinae
1451 467 1509 499 ex
1544 450 1747 498 nomine
1778 448 1935 496 Iudae
1959 445 2121 509 appel-

372 547 483 603 lata,
512 561 570 593 ex
604 540 743 590 cuius
781 539 909 588 tribu
947 554 1084 600 reges
1121 534 1308 584 habuit.
1384 535 1527 581 Haec
1561 533 1695 595 prius
1722 531 1963 580 Chanaan
1992 525 2123 575 dicta

371 644 400 676 a
436 625 539 674 filio
576 625 751 683 Cham‚
793 621 894 669 sive
930 637 959 668 a
995 620 1171 668 decem
1209 617 1623 667 Chananaeorum
1661 611 1904 676 gentibus,
1943 607 2124 672 quibus
2147 624 2168 665 5

372 708 586 772 expulsis
612 706 823 755 eandem
849 712 1027 751 terram
1063 698 1238 748 Iudaei
1274 696 1605 762 possiderunt.
1679 692 1883 742 Initium
1916 690 2123 754 longitu-

374 791 503 842 dinis
541 789 645 838 eius
678 805 707 836 a
731 788 842 835 vico
868 786 987 833 Arfa
1021 800 1180 847 usque
1217 783 1280 830 ad
1305 779 1469 829 vicum
1497 777 1743 827 Iuliadem
1776 773 2047 839 porrigitur,
2074 772 2125 820 in

375 890 476 938 quo
514 873 812 921 Iudaeorum
850 867 1029 932 pariter
1063 882 1122 914 ac
1148 863 1409 928 Tyriorum
1447 861 1727 910 communis
1762 857 2004 907 habitatio
2037 865 2126 906 est.

378 955 615 1005 Latitudo
639 962 806 1002 autem
834 950 938 999 eius
958 966 986 997 a
1007 956 1175 997 monte
1196 944 1375 994 Libani
1400 959 1557 1007 usque
1583 943 1646 991 ad
1663 939 1940 990 Tiberiadis
1965 940 2127 987 lacum

300 1050 355 1085 21
379 1036 671 1088 extenditur.
745 1033 805 1081 In
831 1032 999 1081 medio
1032 1038 1199 1078 autem
1226 1029 1444 1076 Iudaeae
1473 1024 1641 1074 civitas
1669 1023 2017 1084 Hierosolyma
2041 1029 2125 1080 est,
2155 1037 2171 1064 1

379 1119 519 1184 quasi
535 1117 799 1167 umbilicus
820 1113 1031 1178 regionis
1052 1112 1216 1160 totius.
1271 1112 1422 1158 Terra
1440 1107 1681 1156 variarum
1702 1121 1853 1168 opum
1871 1102 2020 1162 dives,
2039 1104 2131 1150 fru-

378 1203 522 1268 gibus
547 1199 731 1259 fertilis,
758 1196 899 1260 aquis
924 1194 1155 1253 inlustris,
1182 1191 1348 1255 opima
1372 1188 1618 1239 balsamis.
1682 1188 1830 1235 Vnde
1855 1185 2130 1234 secundum

381 1287 738 1334 elementorum
783 1279 987 1343 gratiam
1031 1274 1430 1325 existimaverunt
1468 1270 1641 1320 Iudaei
1683 1285 1791 1318 eam
1839 1266 2130 1331 promissam

382 1367 606 1432 patribus
633 1374 811 1413 terram
837 1362 1073 1409 fluentem
1100 1359 1198 1405 mel
1232 1365 1280 1405 et
1309 1357 1399 1412 lac,
1428 1371 1541 1402 cum
1575 1352 1654 1400 hic
1688 1350 1780 1399 illis
1808 1352 1945 1398 Deus
1982 1365 2133 1397 resur-

295 1461 360 1496 22
382 1447 613 1499 rectionis
639 1442 1023 1510 praerogativam
1050 1425 1373 1505 polliceretur.
1438 1434 1654 1485 Samaria
1678 1434 1810 1496 regio
1828 1429 2132 1480 Palaestinae
2159 1448 2176 1476 1

384 1533 448 1582 ab
493 1529 681 1594 oppido
730 1527 950 1590 quodam
1000 1539 1185 1572 nomen
1233 1520 1424 1583 accepit
1472 1517 1557 1581 qui
1598 1516 1867 1565 vocabatur
1902 1511 2130 1570 Samaria,

383 1613 552 1663 civitas
579 1611 834 1675 quondam
860 1605 1032 1670 regalis
1058 1604 1108 1652 in
1131 1604 1295 1662 Israel,
1315 1618 1442 1665 quae
1466 1615 1599 1648 nunc
1624 1598 1687 1647 ab
1704 1596 1914 1661 Augusti
1933 1594 2134 1644 nomine

385 1694 610 1747 Sebastia
639 1699 966 1754 nuncupatur.
1039 1688 1184 1734 Haec
1204 1683 1336 1747 regio
1371 1684 1496 1731 inter
1519 1682 1757 1730 Iudaeam
1788 1687 1836 1728 et
1862 1677 2133 1727 Galilaeam

388 1777 551 1827 media
582 1776 724 1834 iacet,
749 1770 990 1835 incipiens
1017 1786 1044 1818 a
1069 1767 1179 1816 vico
1213 1765 1292 1815 cui
1326 1782 1511 1814 nomen
1537 1772 1610 1812 est
1638 1764 1798 1823 Eleas,
1824 1759 2059 1810 deficiens
2086 1758 2133 1806 in

387 1872 514 1910 terra
539 1857 807 1921 Agrabath.
881 1852 1012 1901 Situs
1039 1850 1142 1899 eius
1170 1858 1341 1897 natura
1367 1845 1611 1895 consimili
1647 1861 1738 1892 nec
1773 1845 1873 1891 ullo
1906 1841 2135 1890 differens
2161 1858 2171 1885 ε

301 1955 365 2001 23
388 1962 417 1993 a
444 1943 646 1991 Iudaea.
721 1937 941 1987 Galilaea
967 1932 1100 1996 regio
1126 1929 1432 1980 Palaestinae
1457 1937 1631 1977 vocata
1664 1927 1801 1989 quod
1837 1924 2002 1988 gignat
2028 1940 2137 1971 can-

391 2024 607 2075 didiores
644 2020 872 2069 homines
907 2032 1057 2079 quarn
1084 2011 1375 2061 Palaestina.
1449 2012 1592 2058 Haec
1628 2017 1793 2057 autem
1831 2007 2013 2069 duplex
2049 2014 2134 2064 est,

392 2106 613 2168 superior
649 2112 697 2152 et
734 2099 944 2159 inferior,
974 2097 1067 2146 sibi
1103 2105 1271 2144 tamen
1307 2109 1539 2151 conexae,
1568 2090 1731 2154 Syriae
1769 2098 1816 2137 et
1842 2086 2140 2135 Phoeniciae

393 2189 732 2236 adhaerentes.
806 2184 960 2230 Terra
996 2195 1163 2228 earum
1199 2175 1366 2240 opima
1404 2184 1451 2223 et
1493 2174 1623 2222 ferax
1662 2181 1708 2220 et
1746 2169 1983 2218 fructibus
2026 2167 2140 2216 satis

306 2282 372 2328 24
396 2269 624 2317 fecunda.
698 2264 982 2326 Pentapolis
1018 2260 1150 2324 regio
1188 2259 1237 2307 in
1270 2256 1489 2306 confinio
1514 2254 1725 2303 Arabiae
1763 2262 1810 2301 et
1836 2249 2142 2299 Palaestinae

395 2350 499 2409 sita,
539 2349 671 2397 dicta
707 2365 736 2396 a
772 2345 993 2410 quinque
1029 2341 1309 2391 civitatibus
1346 2338 1593 2402 inpiorum
1636 2352 1763 2398 quae
1795 2333 1992 2382 caelesti
2031 2333 2142 2394 igne

395 2436 720 2490 consumptae
747 2435 875 2474 sunt.
946 2425 1099 2472 Terra
1123 2418 1334 2483 amplius
1368 2418 1431 2466 ab
1459 2412 1820 2477 Hierosolymis
1852 2412 1969 2460 olim
1999 2410 2142 2458 uber-

396 2513 532 2568 rima,
560 2526 694 2557 nunc
718 2517 884 2557 autem
910 2507 1104 2555 deserta
1128 2511 1277 2564 atque
1302 2508 1501 2560 exusta3
1538 2514 1653 2546 nam
1686 2512 1775 2558 pro
1807 2495 1988 2542 scelere
2013 2491 2143 2540 inco-

398 2595 555 2642 larum
581 2593 643 2640 de
677 2591 815 2639 caelo
850 2585 1109 2638 descendit
1142 2583 1282 2648 ignis,
1310 2581 1394 2645 qui
1427 2581 1676 2643 regionem
1710 2576 1842 2624 illam
1876 2574 1926 2622 in
1956 2573 2143 2621 cineres

310 2693 376 2742 25
398 2684 623 2724 aeternos
648 2670 884 2721 dissolvit.
958 2667 1113 2719 Cuius
1139 2665 1315 2714 umbra
1339 2663 1584 2726 quaedam
1611 2669 1658 2708 et
1684 2657 1871 2722 species
1897 2655 1947 2703 in
1971 2653 2143 2703 favillis
2169 2652 2176 2655 ⁴

454 2819 478 2855 4
504 2819 528 2844 a
549 2803 604 2842 fil.
624 2802 760 2842 Cham
774 2801 852 2839 dic.
868 2799 908 2838 Β
1019 2810 1043 2847 5
1075 2793 1294 2847 gentibus]
1313 2793 1484 2842 regibus
1499 2789 1545 2827 K
1565 2791 1665 2842 (non
1685 2787 1796 2827 Ovet.
1813 2785 1933 2837 extr.)
2046 2795 2067 2832 7
2099 2782 2142 2833 a]
2159 2795 2176 2798 ·’

401 2875 424 2900 e
446 2859 492 2898 K
599 2858 653 2896 ad
680 2856 818 2895 vicum
850 2868 931 2892 om.
962 2852 1007 2890 K
1177 2864 1204 2900 9
1233 2849 1372 2887 libano
1395 2845 1430 2884 C
1596 2857 1645 2883 10
1673 2842 1796 2880 iudae
1821 2839 1888 2879 B:
1927 2838 2077 2876 iudaea
2114 2835 2164 2874 T·

405 2930 453 2965 14
483 2913 606 2953 melle
628 2917 670 2951 et
690 2910 752 2949 lac
781 2908 840 2947 T:
870 2909 978 2948 lacte
999 2912 1041 2946 et
1060 2904 1186 2944 melle
1205 2902 1284 2942 BC
1364 2899 1717 2940 resurrectionem
1737 2894 1782 2932 K
1865 2893 1914 2931 16
1934 2892 2146 2942 quondam
2167 2899 2176 2903 ⁴

402 2969 447 3007 K
611 2966 783 3006 nomine
799 2976 885 3004 acc.
914 2961 952 3001 T
1130 2972 1178 3010 19
1208 2971 1316 2997 nom.
1340 2957 1432 2996 eius
1453 2960 1519 2994 est
1541 2952 1591 2992 C1
1770 2963 1824 2989 20
1852 2947 1906 2986 ei.
1928 2953 1971 2985 et
1993 2953 2077 2986 nat.
2102 2943 2159 2983 K'

402 3037 452 3064 21
484 3023 621 3074 gignit
638 3021 684 3059 K
861 3031 912 3056 22
942 3015 1179 3070 palestinae
1197 3012 1232 3051 C
1411 3023 1464 3060 23
1493 3007 1753 3058 superiorum
1776 3009 1818 3042 et
1838 3001 2084 3040 inferiorum
2105 2998 2151 3037 K
2155 2996 2176 3025 ’2'

403 3079 505 3130 sibi]
525 3078 614 3116 sive
635 3076 677 3114 B
697 3090 706 3114 ε
735 3073 806 3114 ubi
826 3072 872 3110 K
980 3085 1033 3120 24
1062 3076 1197 3109 terras
1215 3067 1261 3106 K
1369 3077 1515 3104 eorum
1543 3062 1581 3101 T
1684 3062 1737 3098 26
1766 3055 1899 3108 dicta]
1916 3057 1969 3096 de
1988 3068 2069 3105 qua
2089 3053 2176 3107 3123

404 3134 456 3172 28
486 3131 585 3171 scel.
609 3130 833 3182 impiorum
854 3126 976 3166 incol.
1001 3126 1041 3163 Β
2155 3107 2176 3118 '⁴
