2176 3424
1012 109 1284 158 ISIDORI

197 247 249 294 13
275 244 524 283 vocantur.
626 238 752 284 Item
796 239 1085 287 merendare
1126 239 1266 302 quasi
1307 241 1510 290 meridie
1551 244 1710 292 edere.
1807 247 2026 294 Annona

274 325 484 365 tractum
513 326 586 367 est
618 335 645 366 a
677 318 901 382 tempore
934 336 1034 382 quo
1067 321 1284 370 Romani
1322 332 1508 373 veteres
1540 325 1605 374 ad
1641 324 1780 374 cibos
1817 327 2025 376 advoca-

274 396 467 447 bantur.
543 400 623 447 Sic
650 399 891 448 Martialis
914 402 979 463 (4,
1002 404 1044 460 8,
1069 402 1149 466 6);

602 482 820 544 Imperat
858 483 1077 531 excelsos
1114 484 1334 547 frangere
1371 502 1504 535 nona
1539 496 1685 537 toros.

196 570 252 617 14
276 561 429 620 Quod
463 570 510 610 et
541 579 697 625 usque
731 563 881 612 hodie
913 566 1090 612 Persae
1119 565 1318 615 faciunt.
1393 569 1616 617 Coenam
1653 571 1815 619 vocari
1840 589 1869 620 a
1894 589 2024 622 com-
2048 621 2062 635 ι

273 642 512 693 munione
541 646 876 693 vescentium:
916 648 1067 696 κοινὸν
1099 647 1284 711 quippe
1317 651 1492 698 Graeci
1524 668 1790 702 commune
1823 655 2022 704 dicunt:

272 726 406 774 unde
432 735 479 774 et
505 727 931 776 communicantes
965 730 1102 791 quod
1140 731 1482 792 communiter,
1512 732 1562 781 id
1597 743 1668 782 est
1693 736 1883 797 pariter,
1913 754 2026 786 con—

271 808 485 856 veniant.
558 809 711 871 Apud
739 818 925 858 veteres
951 810 1084 859 enim
1111 811 1311 860 solitum
1342 824 1443 862 erat
1470 814 1519 862 in
1544 819 1805 880 propatulo
1830 834 2026 868 vescere

271 897 319 937 et
345 889 677 939 communiter
713 890 916 953 epulari,
942 909 1005 940 ne
1032 892 1338 956 singularitas
1364 896 1600 944 luxuriam
1628 897 1860 961 gigneret.
1935 901 2025 949 Est

270 981 433 1020 autern
462 989 584 1021 cena
610 974 945 1036 vespertinum
979 973 1161 1034 cibum,
1191 993 1339 1039 quam
1366 995 1655 1041 vespernam
1680 980 1871 1045 antiqui
1896 981 2025 1031 dice-

195 1074 248 1122 15
272 1053 391 1102 bant
410 1072 423 1114 3
459 1055 509 1102 in
535 1072 625 1102 usu
653 1054 785 1103 enim
806 1072 907 1104 non
935 1065 1072 1105 erant
1098 1058 1316 1120 prandia.
1393 1060 1538 1109 Panis
1559 1061 1720 1110 dictus
1747 1065 1883 1126 quod
1909 1080 2021 1112 cum

271 1134 408 1183 omni
445 1135 559 1184 cibo
596 1137 887 1199 adponatur,
928 1140 1004 1186 vel
1041 1140 1177 1202 quod
1220 1157 1369 1189 omne
1407 1141 1588 1190 animal
1634 1160 1746 1191 eum
1790 1146 2026 1207 adpetat3

270 1221 363 1266 πᾶν
405 1217 538 1266 enim
574 1220 762 1267 Graece
803 1235 953 1267 omne
995 1219 1190 1269 dicitur.
1264 1222 1491 1272 Cibarius
1526 1234 1597 1273 est
1640 1224 1723 1288 qui
1756 1227 1820 1274 ad
1857 1227 2023 1275 cibum

270 1301 419 1349 servis
446 1301 602 1361 datur,
631 1317 724 1350 nec
750 1302 1013 1350 delicatus.'
1078 1304 1448 1354 Fermentacius
1475 1307 1725 1356 fermentis
1752 1309 2022 1357 confectus.

271 1384 486 1444 Azymus
535 1399 637 1431 non
686 1384 1041 1444 fermentatus3
1099 1402 1214 1433 nam
1265 1388 1436 1450 ἅζυμος
1484 1398 1556 1437 est
1605 1388 1709 1438 sine
1765 1391 2024 1452 fermento,

269 1463 503 1514 sincerus.
577 1467 881 1528 Acrozymus
918 1466 1087 1515 leviter
1130 1469 1466 1530 fermentatus,
1512 1470 1653 1534 quasi
1694 1488 2021 1535 acroazymus.

270 1544 531 1608 Siligineus
574 1546 714 1609 panis
757 1563 784 1595 a
827 1548 1060 1596 frumenti
1103 1565 1281 1611 genere
1325 1561 1638 1615 nuncupatur
1658 1571 1671 1614 3
1708 1553 1848 1617 siligo
1891 1554 2022 1603 enirn

269 1643 422 1689 genus
450 1637 522 1676 est
549 1628 707 1677 tritici.
783 1629 1029 1689 Rubidus‚
1059 1640 1282 1680 recoctus
1304 1642 1351 1681 et
1377 1634 1673 1683 rubefactus.
1749 1635 2025 1685 Subcineri-

267 1709 388 1770 cius,
412 1709 576 1759 cinere
602 1719 772 1759 coctus
799 1719 847 1760 et
873 1721 1144 1761 reversatus
1167 1732 1175 1761 :
1215 1713 1319 1777 ipse
1346 1725 1418 1764 est
1445 1725 1492 1764 et
1518 1716 1748 1765 focaciuS.
1808 1717 2019 1768 Clibani-

188 1791 245 1837 16
268 1791 387 1851 cius,
425 1791 475 1840 in
514 1802 640 1841 testo
678 1802 861 1841 coctus.
938 1793 1157 1857 Spungia
1193 1795 1332 1858 panis
1368 1813 1498 1860 aqua
1530 1797 1714 1847 diutius
1753 1801 2021 1848 malaxatus
2048 1822 2066 1848 2

269 1872 481 1922 similam
524 1873 774 1924 modicam
817 1874 998 1939 accipit
1042 1886 1091 1925 et
1133 1878 1430 1927 fermentum
1474 1879 1742 1940 modicum,
1784 1891 1831 1930 et
1874 1882 2023 1930 habet

269 1955 652 2005 humectationis
668 1958 779 2019 plus
800 1974 950 2021 quam
972 1959 1133 2007 omnis
1154 1958 1294 2022 panis
1316 1978 1328 2021 3
1354 1962 1488 2010 unde
1509 1971 1556 2010 et
1582 1962 1818 2026 spungiae
1837 1980 2022 2013 nomen

193 2038 243 2087 17
268 2036 473 2101 accepit.
548 2040 812 2088 Placentae
847 2050 961 2088 sunt
987 2057 1114 2104 quae
1151 2042 1276 2090 fiunt
1315 2043 1378 2091 de
1416 2045 1551 2092 farre.
1627 2046 1769 2106 Quae
1807 2044 1888 2094 alii
1924 2045 2023 2094 liba

189 2116 243 2162 18
268 2118 455 2179 dicunt,
477 2137 537 2168 eo
558 2122 694 2184 quod
721 2121 909 2170 libeant
934 2131 983 2171 et
1002 2124 1243 2185 placeant.
1305 2124 1484 2173 Dulcia
1503 2135 1617 2174 sunt
1635 2143 1816 2189 genera
1834 2127 2021 2190 pistorii

267 2200 442 2264 operis,
470 2219 500 2251 a
525 2219 699 2266 sapore
725 2204 857 2252 dicta
874 2222 887 2265 3
924 2206 1071 2252 melle
1097 2204 1229 2253 enim
1264 2207 1465 2269 asparso
1496 2218 1767 2256 sumuntur.
1843 2210 2021 2259 Crusta

268 2283 551 2347 superficies
588 2283 759 2348 panis:
797 2285 902 2347 ipsa
939 2294 987 2334 et
1024 2287 1309 2348 fragmenta,
1339 2287 1453 2351 quia
1490 2288 1735 2350 dividitur,
1765 2299 1817 2338 ut
1853 2292 2016 2339 fracta.

324 2427 341 2452 1
368 2412 525 2460 Anona
546 2415 612 2455 K:
643 2415 711 2454 Ad
733 2429 845 2455 nona
867 2416 962 2456 CJT
1123 2428 1147 2453 2
1178 2417 1365 2457 tratitum
1388 2417 1443 2455 31
1609 2434 1633 2470 5
1664 2421 1850 2460 Caenam
1870 2420 2019 2462 BCK:

267 2469 429 2508 Cenam
457 2468 495 2507 T
626 2484 649 2509 a
670 2484 752 2510 om.
776 2471 811 2510 C
973 2472 998 2508 6
1027 2469 1183 2523 κοινὸν]
1207 2484 1340 2511 cenon
1362 2474 1471 2514 codd.
1613 2489 1739 2525 grece
1761 2474 1796 2514 C
1905 2490 2018 2516 com·

267 2537 437 2562 munem
459 2523 505 2562 K
681 2539 701 2574 7
733 2525 866 2576 quod]
889 2538 1015 2576 quam
1033 2525 1074 2563 Β
1256 2540 1307 2565 10
1335 2529 1619 2579 vespertinam
1644 2530 1767 2568 CKT
1783 2530 1922 2581 (etzhm
1942 2531 2016 2580 3²)

272 2592 316 2617 11
349 2592 418 2629 qu.
442 2579 655 2618 communi
676 2580 727 2619 ci.
750 2580 798 2618 K
907 2594 954 2630 13
985 2580 1038 2619 ad
1060 2579 1165 2619 cibis
1185 2580 1233 2618 K
1343 2597 1391 2633 14
1421 2584 1619 2633 diligatus
1639 2584 1712 2624 K:
1743 2585 1942 2625 delicatas
1960 2584 2018 2624 Bl

272 2645 318 2683 15
348 2633 425 2673 Az.
447 2646 532 2672 non
554 2634 853 2674 fermentacius
875 2635 922 2673 K
1156 2636 1335 2674 azimum
1359 2638 1402 2690 (i.
1416 2652 1445 2678 e.
1470 2637 1639 2692 ἄζυμον)
1658 2669 1666 2678 .
1689 2669 1698 2679 .
1719 2670 1727 2680 .
1750 2640 1958 2680 sincerum
1986 2639 2024 2679 T

271 2690 321 2726 16
349 2687 586 2727 Acrizimus
608 2688 708 2728 CT:
737 2690 912 2728 Azimus
932 2690 999 2728 B:
1029 2688 1172 2728 Zimus
1199 2689 1247 2728 K
1408 2693 1691 2733 fermentatur
1709 2694 1744 2733 C
1876 2709 2017 2734 acroa-

267 2743 400 2782 zimus
419 2741 563 2783 BCT:
593 2745 860 2794 agroazimus
879 2744 925 2783 K
1051 2756 1098 2793 17
1131 2743 1344 2794 Siligneus
1367 2746 1417 2786 C1
1546 2750 1596 2788 18
1625 2749 1751 2788 Sube.
1776 2749 1853 2788 sub
1874 2750 1954 2789 cin.
1974 2748 2021 2788 K

272 2810 320 2846 19
348 2797 526 2837 focatius
546 2797 608 2836 B:
637 2800 817 2839 fucatius
837 2798 885 2838 K
957 2798 1198 2839 Clibanicus
1218 2799 1280 2841 K:
1311 2802 1458 2842 -nitius
1479 2802 1521 2840 Β
1612 2816 1666 2842 2ο
1696 2803 1874 2854 Sfungia
1893 2803 1980 2843 ΒΚ
1987 2802 2023 2843 Τ

267 2852 504 2891 malaxatur
523 2853 559 2893 C
732 2867 780 2892 21
814 2854 980 2905 accepit
999 2854 1046 2893 K
1233 2869 1285 2894 22
1315 2858 1624 2897 umectationes
1643 2858 1690 2896 K
1842 2870 1846 2871 ⁷
1869 2870 2016 2898 omnes

268 2919 400 2956 panes
420 2906 467 2946 K
544 2956 546 2959 v
588 2909 768 2959 spungia
788 2908 859 2948 K:
889 2909 1100 2960 sphungie
1128 2911 1186 2951 T:
1217 2911 1411 2962 sfungiae
1432 2911 1475 2949 Β
1637 2925 1690 2962 23
1718 2924 1824 2963 quas
1844 2912 1895 2952 al.
1914 2913 2014 2953 BC:

268 2973 376 3009 quae
398 2967 440 3000 et
461 2961 516 3001 al.
537 2960 576 3000 T
591 2963 694 3015 (non
714 2962 770 3015 U)
911 2964 1037 3003 libam
1057 2965 1104 3004 K
1269 2978 1319 3015 24
1351 2965 1515 3015 pistorii
1532 2965 1656 3006 BCK
1672 2980 1680 3005 ε
1710 2968 1915 3018 pistorum
1944 2967 2022 3007 TU

268 3026 320 3064 25
351 3028 430 3055 me.
452 3016 610 3056 etenim
636 3017 671 3056 C
863 3020 916 3056 26
944 3018 1035 3068 ipsa
1055 3026 1097 3059 et
1117 3033 1199 3060 om.
1234 3018 1390 3071 T(non
1417 3019 1476 3072 U)
1668 3019 1914 3061 dividuntur
1932 3019 2021 3060 ΒΚ

274 3082 371 3117 ΚΧιεοιι
399 3068 458 3120 U)
587 3077 681 3111 acta
712 3069 766 3109 Tl
790 3072 895 3122 (uon
922 3072 983 3123 U)

2050 1009 2099 1036 10
