<?xml version="1.0" encoding="UTF-8"?>
<!DOCTYPE html PUBLIC "-//W3C//DTD XHTML 1.0 Transitional//EN"
    "http://www.w3.org/TR/xhtml1/DTD/xhtml1-transitional.dtd">
<html xmlns="http://www.w3.org/1999/xhtml" xml:lang="en" lang="en">
 <head>
  <title>
</title>
<meta http-equiv="Content-Type" content="text/html;charset=utf-8" />
  <meta name='ocr-system' content='tesseract 3.04.00' />
  <meta name='ocr-capabilities' content='ocr_page ocr_carea ocr_par ocr_line ocrx_word'/>
</head>
<body>
  <div class='ocr_page' id='page_1' title='image "./isidori01isiduoft/isidori01isiduoft_0072.png"; bbox 0 0 2228 3444; ppageno 0'>
   <div class='ocr_carea' id='block_1_1' title="bbox 1090 153 1363 203">
    <p class='ocr_par' dir='ltr' id='par_1_1' title="bbox 1090 153 1363 203">
     <span class='ocr_line' id='line_1_1' title="bbox 1090 153 1363 203; baseline 0.007 -2"><span class='ocrx_word' id='word_1_1' title='bbox 1090 153 1363 203; x_wconf 88' lang='lat' dir='ltr'>ISIDORI</span> 
     </span>
    </p>
   </div>
   <div class='ocr_carea' id='block_1_2' title="bbox 346 274 2102 506">
    <p class='ocr_par' dir='ltr' id='par_1_2' title="bbox 346 274 2102 506">
     <span class='ocr_line' id='line_1_2' title="bbox 348 274 2102 348; baseline 0.006 -25"><span class='ocrx_word' id='word_1_2' title='bbox 348 291 450 324; x_wconf 86' lang='lat' dir='ltr'>non</span> <span class='ocrx_word' id='word_1_3' title='bbox 476 274 796 339; x_wconf 88' lang='lat' dir='ltr'>reperiuntur,</span> <span class='ocrx_word' id='word_1_4' title='bbox 825 277 941 339; x_wconf 86' lang='lat' dir='ltr'>quia</span> <span class='ocrx_word' id='word_1_5' title='bbox 966 278 1211 339; x_wconf 79' lang='lat' dir='ltr'>quaedam</span> <span class='ocrx_word' id='word_1_6' title='bbox 1239 294 1339 326; x_wconf 90' lang='lat' dir='ltr'>non</span> <span class='ocrx_word' id='word_1_7' title='bbox 1366 281 1640 329; x_wconf 89' lang='lat' dir='ltr'>secundum</span> <span class='ocrx_word' id='word_1_8' title='bbox 1675 282 1975 345; x_wconf 84' lang='lat' dir='ltr'>qualitatem,</span> <span class='ocrx_word' id='word_1_9' title='bbox 2005 301 2102 348; x_wconf 86' lang='lat' dir='ltr'>qua</span> 
     </span>
     <span class='ocr_line' id='line_1_3' title="bbox 347 357 2100 421; baseline 0.005 -15"><span class='ocrx_word' id='word_1_10' title='bbox 347 359 512 421; x_wconf 88' lang='lat' dir='ltr'>genita</span> <span class='ocrx_word' id='word_1_11' title='bbox 544 367 671 419; x_wconf 86' lang='lat' dir='ltr'>sunt,</span> <span class='ocrx_word' id='word_1_12' title='bbox 702 359 790 407; x_wconf 90' lang='lat' dir='ltr'>sed</span> <span class='ocrx_word' id='word_1_13' title='bbox 822 357 954 407; x_wconf 90' lang='lat' dir='ltr'>iuxta</span> <span class='ocrx_word' id='word_1_14' title='bbox 988 358 1242 408; x_wconf 84' lang='lat' dir='ltr'>arbitrium</span> <span class='ocrx_word' id='word_1_15' title='bbox 1275 361 1522 411; x_wconf 87' lang='lat' dir='ltr'>humanae</span> <span class='ocrx_word' id='word_1_16' title='bbox 1558 364 1824 414; x_wconf 88' lang='lat' dir='ltr'>voluntatis</span> <span class='ocrx_word' id='word_1_17' title='bbox 1858 367 2100 416; x_wconf 89' lang='lat' dir='ltr'>vocabula</span> 
     </span>
     <span class='ocr_line' id='line_1_4' title="bbox 346 443 2101 506; baseline 0.005 -18"><span class='ocrx_word' id='word_1_18' title='bbox 346 449 659 503; x_wconf 89' lang='lat' dir='ltr'>acceperunt.</span> <span class='ocrx_word' id='word_1_19' title='bbox 733 443 859 490; x_wconf 86' lang='lat' dir='ltr'>Sunt</span> <span class='ocrx_word' id='word_1_20' title='bbox 894 450 1060 490; x_wconf 88' lang='lat' dir='ltr'>autern</span> <span class='ocrx_word' id='word_1_21' title='bbox 1094 444 1422 506; x_wconf 88' lang='lat' dir='ltr'>etymologiae</span> <span class='ocrx_word' id='word_1_22' title='bbox 1456 444 1715 494; x_wconf 90' lang='lat' dir='ltr'>nominum</span> <span class='ocrx_word' id='word_1_23' title='bbox 1747 456 1832 496; x_wconf 88' lang='lat' dir='ltr'>aut</span> <span class='ocrx_word' id='word_1_24' title='bbox 1863 465 1922 496; x_wconf 85' lang='lat' dir='ltr'>ex</span> <span class='ocrx_word' id='word_1_25' title='bbox 1953 465 2101 497; x_wconf 88' lang='lat' dir='ltr'>causa</span> 
     </span>
    </p>
   </div>
   <div class='ocr_carea' id='block_1_3' title="bbox 347 521 2147 669">
    <p class='ocr_par' dir='ltr' id='par_1_3' title="bbox 347 521 2147 669">
     <span class='ocr_line' id='line_1_5' title="bbox 347 521 2100 593; baseline 0.005 -22"><span class='ocrx_word' id='word_1_26' title='bbox 347 524 506 582; x_wconf 90' lang='lat' dir='ltr'>datae,</span> <span class='ocrx_word' id='word_1_27' title='bbox 535 532 588 571; x_wconf 92' lang='lat' dir='ltr'>ut</span> <span class='ocrx_word' id='word_1_28' title='bbox 618 526 628 548; x_wconf 95' lang='lat'>‘</span> <span class='ocrx_word' id='word_1_29' title='bbox 648 539 784 587; x_wconf 86' lang='lat' dir='ltr'>reges</span> <span class='ocrx_word' id='word_1_30' title='bbox 805 525 815 544; x_wconf 88' lang='lat'><strong><em>⁷</em></strong></span> <span class='ocrx_word' id='word_1_31' title='bbox 841 540 869 571; x_wconf 93' lang='lat' dir='ltr'>a</span> <span class='ocrx_word' id='word_1_32' title='bbox 897 521 1136 589; x_wconf 90' lang='lat' dir='ltr'>[regendo</span> <span class='ocrx_word' id='word_1_33' title='bbox 1163 524 1234 592; x_wconf 86' lang='lat' dir='ltr'>et]</span> <span class='ocrx_word' id='word_1_34' title='bbox 1253 534 1383 574; x_wconf 90' lang='lat' dir='ltr'>recte</span> <span class='ocrx_word' id='word_1_35' title='bbox 1408 528 1617 589; x_wconf 88' lang='lat' dir='ltr'>agendo,</span> <span class='ocrx_word' id='word_1_36' title='bbox 1635 537 1721 577; x_wconf 91' lang='lat' dir='ltr'>aut</span> <span class='ocrx_word' id='word_1_37' title='bbox 1745 544 1804 577; x_wconf 87' lang='lat' dir='ltr'>ex</span> <span class='ocrx_word' id='word_1_38' title='bbox 1828 529 2027 593; x_wconf 87' lang='lat' dir='ltr'>origine,</span> <span class='ocrx_word' id='word_1_39' title='bbox 2046 540 2100 578; x_wconf 93' lang='lat' dir='ltr'>ut</span> 
     </span>
     <span class='ocr_line' id='line_1_6' title="bbox 351 600 2147 669; baseline 0.004 -20"><span class='ocrx_word' id='word_1_40' title='bbox 351 605 362 626; x_wconf 89' lang='lat'><em>‘</em></span> <span class='ocrx_word' id='word_1_41' title='bbox 380 602 565 660; x_wconf 79' lang='lat' dir='ltr'>homo,&#39;</span> <span class='ocrx_word' id='word_1_42' title='bbox 590 601 706 663; x_wconf 88' lang='lat' dir='ltr'>quia</span> <span class='ocrx_word' id='word_1_43' title='bbox 722 600 783 649; x_wconf 89' lang='lat' dir='ltr'>sit</span> <span class='ocrx_word' id='word_1_44' title='bbox 809 618 866 650; x_wconf 88' lang='lat' dir='ltr'>ex</span> <span class='ocrx_word' id='word_1_45' title='bbox 891 603 1061 662; x_wconf 90' lang='lat' dir='ltr'>humo,</span> <span class='ocrx_word' id='word_1_46' title='bbox 1081 612 1165 651; x_wconf 90' lang='lat' dir='ltr'>aut</span> <span class='ocrx_word' id='word_1_47' title='bbox 1181 620 1240 652; x_wconf 84' lang='lat' dir='ltr'>ex</span> <span class='ocrx_word' id='word_1_48' title='bbox 1257 604 1510 653; x_wconf 87' lang='lat' dir='ltr'>contrariis</span> <span class='ocrx_word' id='word_1_49' title='bbox 1536 614 1589 654; x_wconf 90' lang='lat' dir='ltr'>ut</span> <span class='ocrx_word' id='word_1_50' title='bbox 1607 622 1636 654; x_wconf 89' lang='lat' dir='ltr'>a</span> <span class='ocrx_word' id='word_1_51' title='bbox 1651 607 1864 655; x_wconf 86' lang='lat' dir='ltr'>lavando</span> <span class='ocrx_word' id='word_1_52' title='bbox 1884 610 2100 669; x_wconf 89' lang='lat' dir='ltr'>‘lutum,&#39;</span> <span class='ocrx_word' id='word_1_53' title='bbox 2124 627 2147 667; x_wconf 91' lang='lat'>5</span> 
     </span>
    </p>
   </div>
   <div class='ocr_carea' id='block_1_4' title="bbox 166 682 2173 2551">
    <p class='ocr_par' dir='ltr' id='par_1_4' title="bbox 347 682 2098 754">
     <span class='ocr_line' id='line_1_7' title="bbox 347 682 2098 754; baseline 0.005 -22"><span class='ocrx_word' id='word_1_54' title='bbox 347 684 468 732; x_wconf 90' lang='lat' dir='ltr'>dum</span> <span class='ocrx_word' id='word_1_55' title='bbox 507 685 666 731; x_wconf 88' lang='lat' dir='ltr'>lutum</span> <span class='ocrx_word' id='word_1_56' title='bbox 706 700 809 732; x_wconf 89' lang='lat' dir='ltr'>non</span> <span class='ocrx_word' id='word_1_57' title='bbox 844 682 903 731; x_wconf 87' lang='lat' dir='ltr'>sit</span> <span class='ocrx_word' id='word_1_58' title='bbox 939 685 1200 744; x_wconf 89' lang='lat' dir='ltr'>mundum,</span> <span class='ocrx_word' id='word_1_59' title='bbox 1237 694 1285 734; x_wconf 89' lang='lat' dir='ltr'>et</span> <span class='ocrx_word' id='word_1_60' title='bbox 1325 687 1529 746; x_wconf 83' lang='lat' dir='ltr'>‘lucus,&#39;</span> <span class='ocrx_word' id='word_1_61' title='bbox 1555 687 1670 750; x_wconf 89' lang='lat' dir='ltr'>quia</span> <span class='ocrx_word' id='word_1_62' title='bbox 1701 688 1877 739; x_wconf 88' lang='lat' dir='ltr'>umbra</span> <span class='ocrx_word' id='word_1_63' title='bbox 1913 707 2098 754; x_wconf 92' lang='lat' dir='ltr'>opacus</span> 
     </span>
    </p>

    <p class='ocr_par' dir='ltr' id='par_1_5' title="bbox 289 766 2102 998">
     <span class='ocr_line' id='line_1_8' title="bbox 289 766 2102 828; baseline 0.006 -16"><span class='ocrx_word' id='word_1_64' title='bbox 289 781 322 828; x_wconf 94' lang='lat'>4</span> <span class='ocrx_word' id='word_1_65' title='bbox 345 782 518 828; x_wconf 90' lang='lat' dir='ltr'>parum</span> <span class='ocrx_word' id='word_1_66' title='bbox 544 767 717 813; x_wconf 88' lang='lat' dir='ltr'>luceat.</span> <span class='ocrx_word' id='word_1_67' title='bbox 794 766 1056 827; x_wconf 87' lang='lat' dir='ltr'>Quaedam</span> <span class='ocrx_word' id='word_1_68' title='bbox 1083 766 1230 815; x_wconf 88' lang='lat' dir='ltr'>etiam</span> <span class='ocrx_word' id='word_1_69' title='bbox 1257 769 1384 816; x_wconf 89' lang='lat' dir='ltr'>facta</span> <span class='ocrx_word' id='word_1_70' title='bbox 1410 777 1523 817; x_wconf 90' lang='lat' dir='ltr'>sunt</span> <span class='ocrx_word' id='word_1_71' title='bbox 1548 786 1607 817; x_wconf 88' lang='lat' dir='ltr'>ex</span> <span class='ocrx_word' id='word_1_72' title='bbox 1630 771 1891 819; x_wconf 89' lang='lat' dir='ltr'>nominum</span> <span class='ocrx_word' id='word_1_73' title='bbox 1916 772 2102 822; x_wconf 84' lang='lat' dir='ltr'>deriva-</span> 
     </span>
     <span class='ocr_line' id='line_1_9' title="bbox 344 846 2097 915; baseline 0.005 -20"><span class='ocrx_word' id='word_1_74' title='bbox 344 846 498 908; x_wconf 89' lang='lat' dir='ltr'>tione,</span> <span class='ocrx_word' id='word_1_75' title='bbox 514 855 566 895; x_wconf 91' lang='lat' dir='ltr'>ut</span> <span class='ocrx_word' id='word_1_76' title='bbox 583 864 611 895; x_wconf 93' lang='lat' dir='ltr'>a</span> <span class='ocrx_word' id='word_1_77' title='bbox 637 846 900 910; x_wconf 89' lang='lat' dir='ltr'>prudentia</span> <span class='ocrx_word' id='word_1_78' title='bbox 922 849 1182 911; x_wconf 85' lang='lat' dir='ltr'>‘prudens&#39;</span> <span class='ocrx_word' id='word_1_79' title='bbox 1201 868 1214 911; x_wconf 84' lang='lat'><em>3</em></span> <span class='ocrx_word' id='word_1_80' title='bbox 1252 851 1498 912; x_wconf 87' lang='lat' dir='ltr'>quaedam</span> <span class='ocrx_word' id='word_1_81' title='bbox 1517 852 1665 899; x_wconf 87' lang='lat' dir='ltr'>etiam</span> <span class='ocrx_word' id='word_1_82' title='bbox 1683 869 1741 900; x_wconf 82' lang='lat' dir='ltr'>ex</span> <span class='ocrx_word' id='word_1_83' title='bbox 1762 853 1981 915; x_wconf 81' lang='lat' dir='ltr'>vocibuS,</span> <span class='ocrx_word' id='word_1_84' title='bbox 2001 864 2054 903; x_wconf 90' lang='lat' dir='ltr'>ut</span> <span class='ocrx_word' id='word_1_85' title='bbox 2070 873 2097 904; x_wconf 87' lang='lat' dir='ltr'>a</span> 
     </span>
     <span class='ocr_line' id='line_1_10' title="bbox 343 928 2097 998; baseline 0.005 -22"><span class='ocrx_word' id='word_1_86' title='bbox 343 928 622 992; x_wconf 84' lang='lat' dir='ltr'>garrulitate</span> <span class='ocrx_word' id='word_1_87' title='bbox 644 933 654 954; x_wconf 84' lang='lat'>‘</span> <span class='ocrx_word' id='word_1_88' title='bbox 674 931 952 991; x_wconf 83' lang='lat' dir='ltr'>garrulus&#39;3</span> <span class='ocrx_word' id='word_1_89' title='bbox 1002 932 1247 993; x_wconf 89' lang='lat' dir='ltr'>quaedam</span> <span class='ocrx_word' id='word_1_90' title='bbox 1283 949 1341 979; x_wconf 84' lang='lat' dir='ltr'>ex</span> <span class='ocrx_word' id='word_1_91' title='bbox 1367 932 1557 982; x_wconf 88' lang='lat' dir='ltr'>Graeca</span> <span class='ocrx_word' id='word_1_92' title='bbox 1590 936 1887 998; x_wconf 86' lang='lat' dir='ltr'>etymologia</span> <span class='ocrx_word' id='word_1_93' title='bbox 1919 945 2024 985; x_wconf 90' lang='lat' dir='ltr'>orta</span> <span class='ocrx_word' id='word_1_94' title='bbox 2050 946 2097 986; x_wconf 89' lang='lat' dir='ltr'>et</span> 
     </span>
    </p>

    <p class='ocr_par' dir='ltr' id='par_1_6' title="bbox 290 1011 2173 1401">
     <span class='ocr_line' id='line_1_11' title="bbox 290 1011 2173 1081; baseline 0.002 -21"><span class='ocrx_word' id='word_1_95' title='bbox 290 1022 320 1071; x_wconf 90' lang='lat'>5</span> <span class='ocrx_word' id='word_1_96' title='bbox 344 1011 590 1060; x_wconf 84' lang='lat' dir='ltr'>declinata</span> <span class='ocrx_word' id='word_1_97' title='bbox 617 1020 729 1059; x_wconf 90' lang='lat' dir='ltr'>sunt</span> <span class='ocrx_word' id='word_1_98' title='bbox 746 1011 796 1058; x_wconf 91' lang='lat' dir='ltr'>in</span> <span class='ocrx_word' id='word_1_99' title='bbox 821 1011 1067 1070; x_wconf 89' lang='lat' dir='ltr'>Latinum,</span> <span class='ocrx_word' id='word_1_100' title='bbox 1091 1022 1143 1061; x_wconf 89' lang='lat' dir='ltr'>ut</span> <span class='ocrx_word' id='word_1_101' title='bbox 1175 1012 1350 1073; x_wconf 86' lang='lat' dir='ltr'>‘silva‚⁷</span> <span class='ocrx_word' id='word_1_102' title='bbox 1378 1018 1387 1039; x_wconf 73' lang='lat'><strong><em>⁶</em></strong></span> <span class='ocrx_word' id='word_1_103' title='bbox 1408 1016 1617 1063; x_wconf 90' lang='lat' dir='ltr'>domus.’</span> <span class='ocrx_word' id='word_1_104' title='bbox 1690 1016 1800 1064; x_wconf 89' lang='lat' dir='ltr'>Alia</span> <span class='ocrx_word' id='word_1_105' title='bbox 1821 1033 2022 1081; x_wconf 88' lang='lat' dir='ltr'>quoque</span> <span class='ocrx_word' id='word_1_106' title='bbox 2039 1036 2096 1067; x_wconf 79' lang='lat' dir='ltr'>ex</span> <span class='ocrx_word' id='word_1_107' title='bbox 2127 1037 2173 1064; x_wconf 92' lang='lat'>10</span> 
     </span>
     <span class='ocr_line' id='line_1_12' title="bbox 342 1092 2092 1160; baseline 0.005 -20"><span class='ocrx_word' id='word_1_108' title='bbox 342 1092 628 1142; x_wconf 86' lang='lat' dir='ltr'>nominibus</span> <span class='ocrx_word' id='word_1_109' title='bbox 648 1095 886 1154; x_wconf 90' lang='lat' dir='ltr'>locorum,</span> <span class='ocrx_word' id='word_1_110' title='bbox 909 1093 1120 1154; x_wconf 88' lang='lat' dir='ltr'>urbium,</span> <span class='ocrx_word' id='word_1_111' title='bbox 1146 1092 1263 1160; x_wconf 87' lang='lat' dir='ltr'>[vel]</span> <span class='ocrx_word' id='word_1_112' title='bbox 1292 1095 1552 1144; x_wconf 87' lang='lat' dir='ltr'>fluminum</span> <span class='ocrx_word' id='word_1_113' title='bbox 1573 1105 1819 1146; x_wconf 82' lang='lat' dir='ltr'>traxerunt</span> <span class='ocrx_word' id='word_1_114' title='bbox 1839 1099 2092 1148; x_wconf 88' lang='lat' dir='ltr'>vocabula.</span> 
     </span>
     <span class='ocr_line' id='line_1_13' title="bbox 345 1174 2096 1239; baseline 0.005 -16"><span class='ocrx_word' id='word_1_115' title='bbox 345 1178 506 1224; x_wconf 88' lang='lat' dir='ltr'>Multa</span> <span class='ocrx_word' id='word_1_116' title='bbox 532 1174 679 1223; x_wconf 90' lang='lat' dir='ltr'>etiam</span> <span class='ocrx_word' id='word_1_117' title='bbox 707 1192 764 1224; x_wconf 84' lang='lat' dir='ltr'>ex</span> <span class='ocrx_word' id='word_1_118' title='bbox 790 1176 1091 1224; x_wconf 83' lang='lat' dir='ltr'>diversarum</span> <span class='ocrx_word' id='word_1_119' title='bbox 1117 1178 1338 1239; x_wconf 88' lang='lat' dir='ltr'>gentium</span> <span class='ocrx_word' id='word_1_120' title='bbox 1371 1193 1599 1227; x_wconf 88' lang='lat' dir='ltr'>sermone</span> <span class='ocrx_word' id='word_1_121' title='bbox 1625 1189 1876 1230; x_wconf 87' lang='lat' dir='ltr'>vocantur.</span> <span class='ocrx_word' id='word_1_122' title='bbox 1949 1185 2096 1231; x_wconf 84' lang='lat' dir='ltr'>Vnde</span> 
     </span>
     <span class='ocr_line' id='line_1_14' title="bbox 344 1255 2096 1324; baseline 0.005 -21"><span class='ocrx_word' id='word_1_123' title='bbox 344 1263 391 1303; x_wconf 92' lang='lat' dir='ltr'>et</span> <span class='ocrx_word' id='word_1_124' title='bbox 407 1255 543 1319; x_wconf 89' lang='lat' dir='ltr'>origo</span> <span class='ocrx_word' id='word_1_125' title='bbox 560 1273 731 1305; x_wconf 89' lang='lat' dir='ltr'>eorum</span> <span class='ocrx_word' id='word_1_126' title='bbox 749 1256 827 1305; x_wconf 89' lang='lat' dir='ltr'>vix</span> <span class='ocrx_word' id='word_1_127' title='bbox 843 1257 1068 1306; x_wconf 89' lang='lat' dir='ltr'>cernitur.</span> <span class='ocrx_word' id='word_1_128' title='bbox 1132 1259 1397 1307; x_wconf 88' lang='lat' dir='ltr'>Suntenim</span> <span class='ocrx_word' id='word_1_129' title='bbox 1419 1261 1654 1324; x_wconf 87' lang='lat' dir='ltr'>pleraque</span> <span class='ocrx_word' id='word_1_130' title='bbox 1671 1261 1877 1311; x_wconf 88' lang='lat' dir='ltr'>barbara</span> <span class='ocrx_word' id='word_1_131' title='bbox 1893 1263 2096 1312; x_wconf 88' lang='lat' dir='ltr'>nomina</span> 
     </span>
     <span class='ocr_line' id='line_1_15' title="bbox 343 1337 1189 1401; baseline 0.004 -16"><span class='ocrx_word' id='word_1_132' title='bbox 343 1347 390 1385; x_wconf 88' lang='lat' dir='ltr'>et</span> <span class='ocrx_word' id='word_1_133' title='bbox 416 1337 667 1401; x_wconf 86' lang='lat' dir='ltr'>incognita</span> <span class='ocrx_word' id='word_1_134' title='bbox 694 1338 880 1388; x_wconf 89' lang='lat' dir='ltr'>Latinis</span> <span class='ocrx_word' id='word_1_135' title='bbox 900 1349 947 1388; x_wconf 86' lang='lat' dir='ltr'>et</span> <span class='ocrx_word' id='word_1_136' title='bbox 973 1339 1189 1388; x_wconf 87' lang='lat' dir='ltr'>Graecis.</span> 
     </span>
    </p>

    <p class='ocr_par' dir='ltr' id='par_1_7' title="bbox 188 1422 2170 1732">
     <span class='ocr_line' id='line_1_16' title="bbox 188 1422 2170 1489; baseline 0.005 -23"><span class='ocrx_word' id='word_1_137' title='bbox 188 1427 319 1467; x_wconf 89' lang='lat' dir='ltr'>XXX</span> <span class='ocrx_word' id='word_1_138' title='bbox 481 1422 563 1468; x_wconf 83' lang='lat' dir='ltr'>DE</span> <span class='ocrx_word' id='word_1_139' title='bbox 580 1435 797 1470; x_wconf 81' lang='lat' dir='ltr'>GLossls.</span> <span class='ocrx_word' id='word_1_140' title='bbox 849 1422 1028 1470; x_wconf 91' lang='lat' dir='ltr'>Glossa</span> <span class='ocrx_word' id='word_1_141' title='bbox 1045 1422 1234 1471; x_wconf 89' lang='lat' dir='ltr'>Graeca</span> <span class='ocrx_word' id='word_1_142' title='bbox 1253 1422 1654 1486; x_wconf 85' lang='lat' dir='ltr'>interpretatione</span> <span class='ocrx_word' id='word_1_143' title='bbox 1679 1425 1874 1489; x_wconf 85' lang='lat' dir='ltr'>linguae</span> <span class='ocrx_word' id='word_1_144' title='bbox 1900 1426 2097 1475; x_wconf 84' lang='lat' dir='ltr'>sortitur</span> <span class='ocrx_word' id='word_1_145' title='bbox 2124 1444 2170 1485; x_wconf 89' lang='lat'>15</span> 
     </span>
     <span class='ocr_line' id='line_1_17' title="bbox 339 1502 2092 1572; baseline 0.005 -23"><span class='ocrx_word' id='word_1_146' title='bbox 339 1518 537 1552; x_wconf 88' lang='lat' dir='ltr'>nomen.</span> <span class='ocrx_word' id='word_1_147' title='bbox 582 1504 732 1551; x_wconf 85' lang='lat' dir='ltr'>Hanc</span> <span class='ocrx_word' id='word_1_148' title='bbox 753 1502 1037 1567; x_wconf 89' lang='lat' dir='ltr'>philosophi</span> <span class='ocrx_word' id='word_1_149' title='bbox 1054 1502 1396 1572; x_wconf 83' lang='lat' dir='ltr'>adverb[i]um</span> <span class='ocrx_word' id='word_1_150' title='bbox 1414 1505 1600 1567; x_wconf 89' lang='lat' dir='ltr'>dicunt,</span> <span class='ocrx_word' id='word_1_151' title='bbox 1620 1507 1735 1570; x_wconf 90' lang='lat' dir='ltr'>quia</span> <span class='ocrx_word' id='word_1_152' title='bbox 1751 1524 1923 1557; x_wconf 87' lang='lat' dir='ltr'>vocem</span> <span class='ocrx_word' id='word_1_153' title='bbox 1945 1508 2092 1568; x_wconf 89' lang='lat' dir='ltr'>illam,</span> 
     </span>
     <span class='ocr_line' id='line_1_18' title="bbox 339 1584 2093 1652; baseline 0.004 -20"><span class='ocrx_word' id='word_1_154' title='bbox 339 1585 401 1632; x_wconf 91' lang='lat' dir='ltr'>de</span> <span class='ocrx_word' id='word_1_155' title='bbox 418 1584 558 1633; x_wconf 89' lang='lat' dir='ltr'>cuius</span> <span class='ocrx_word' id='word_1_156' title='bbox 576 1585 850 1648; x_wconf 88' lang='lat' dir='ltr'>requiritur,</span> <span class='ocrx_word' id='word_1_157' title='bbox 870 1603 972 1634; x_wconf 89' lang='lat' dir='ltr'>uno</span> <span class='ocrx_word' id='word_1_158' title='bbox 992 1595 1039 1635; x_wconf 90' lang='lat' dir='ltr'>et</span> <span class='ocrx_word' id='word_1_159' title='bbox 1057 1588 1286 1650; x_wconf 90' lang='lat' dir='ltr'>singulari</span> <span class='ocrx_word' id='word_1_160' title='bbox 1307 1588 1459 1636; x_wconf 89' lang='lat' dir='ltr'>verbo</span> <span class='ocrx_word' id='word_1_161' title='bbox 1485 1588 1723 1652; x_wconf 87' lang='lat' dir='ltr'>designat.</span> <span class='ocrx_word' id='word_1_162' title='bbox 1799 1590 1935 1652; x_wconf 87' lang='lat' dir='ltr'>Quid</span> <span class='ocrx_word' id='word_1_163' title='bbox 1961 1591 2093 1639; x_wconf 90' lang='lat' dir='ltr'>enim</span> 
     </span>
     <span class='ocr_line' id='line_1_19' title="bbox 340 1666 2095 1732; baseline 0.006 -19"><span class='ocrx_word' id='word_1_164' title='bbox 340 1666 462 1715; x_wconf 91' lang='lat' dir='ltr'>illud</span> <span class='ocrx_word' id='word_1_165' title='bbox 489 1666 549 1716; x_wconf 79' lang='lat' dir='ltr'>sit</span> <span class='ocrx_word' id='word_1_166' title='bbox 583 1667 634 1715; x_wconf 92' lang='lat' dir='ltr'>in</span> <span class='ocrx_word' id='word_1_167' title='bbox 665 1685 767 1716; x_wconf 92' lang='lat' dir='ltr'>uno</span> <span class='ocrx_word' id='word_1_168' title='bbox 801 1669 953 1717; x_wconf 88' lang='lat' dir='ltr'>verbo</span> <span class='ocrx_word' id='word_1_169' title='bbox 986 1668 1204 1732; x_wconf 87' lang='lat' dir='ltr'>positum</span> <span class='ocrx_word' id='word_1_170' title='bbox 1242 1671 1472 1731; x_wconf 86' lang='lat' dir='ltr'>declarat,</span> <span class='ocrx_word' id='word_1_171' title='bbox 1507 1679 1588 1720; x_wconf 92' lang='lat' dir='ltr'>ut:</span> <span class='ocrx_word' id='word_1_172' title='bbox 1628 1676 1638 1695; x_wconf 91' lang='lat'><em>‘</em></span> <span class='ocrx_word' id='word_1_173' title='bbox 1659 1671 1992 1722; x_wconf 87' lang='lat' dir='ltr'>conticescere</span> <span class='ocrx_word' id='word_1_174' title='bbox 2022 1683 2095 1723; x_wconf 89' lang='lat' dir='ltr'>est</span> 
     </span>
    </p>

    <p class='ocr_par' dir='ltr' id='par_1_8' title="bbox 285 1750 2172 2129">
     <span class='ocr_line' id='line_1_20' title="bbox 285 1750 1343 1817; baseline 0.004 -20"><span class='ocrx_word' id='word_1_175' title='bbox 285 1761 315 1797; x_wconf 84' lang='lat'>2</span> <span class='ocrx_word' id='word_1_176' title='bbox 340 1751 531 1798; x_wconf 87' lang='lat' dir='ltr'>tacere.&#39;</span> <span class='ocrx_word' id='word_1_177' title='bbox 605 1751 734 1799; x_wconf 89' lang='lat' dir='ltr'>Item</span> <span class='ocrx_word' id='word_1_178' title='bbox 775 1750 925 1814; x_wconf 90' lang='lat' dir='ltr'>(Virg.</span> <span class='ocrx_word' id='word_1_179' title='bbox 948 1754 1074 1800; x_wconf 89' lang='lat' dir='ltr'>Aen.</span> <span class='ocrx_word' id='word_1_180' title='bbox 1101 1770 1172 1812; x_wconf 91' lang='lat'>10,</span> <span class='ocrx_word' id='word_1_181' title='bbox 1196 1752 1343 1817; x_wconf 79' lang='lat'>314):</span> 
     </span>
     <span class='ocr_line' id='line_1_21' title="bbox 693 1835 2172 1898; baseline 0.002 -18"><span class='ocrx_word' id='word_1_182' title='bbox 693 1889 695 1891; x_wconf 16' lang='lat'><strong><em>¹</em></strong></span> <span class='ocrx_word' id='word_1_183' title='bbox 906 1835 1056 1882; x_wconf 88' lang='lat' dir='ltr'>Latus</span> <span class='ocrx_word' id='word_1_184' title='bbox 1093 1835 1254 1882; x_wconf 87' lang='lat' dir='ltr'>haurit</span> <span class='ocrx_word' id='word_1_185' title='bbox 1287 1844 1528 1898; x_wconf 91' lang='lat' dir='ltr'>apertum.</span> <span class='ocrx_word' id='word_1_186' title='bbox 2121 1855 2172 1883; x_wconf 89' lang='lat'>20</span> 
     </span>
     <span class='ocr_line' id='line_1_22' title="bbox 344 1913 2094 1979; baseline 0.005 -19"><span class='ocrx_word' id='word_1_187' title='bbox 344 1913 546 1973; x_wconf 89' lang='lat' dir='ltr'>‘haurit,</span> <span class='ocrx_word' id='word_1_188' title='bbox 576 1914 817 1977; x_wconf 90' lang='lat' dir='ltr'>percutit.&#39;</span> <span class='ocrx_word' id='word_1_189' title='bbox 889 1916 1019 1964; x_wconf 89' lang='lat' dir='ltr'>Item</span> <span class='ocrx_word' id='word_1_190' title='bbox 1045 1931 1159 1963; x_wconf 90' lang='lat' dir='ltr'>cum</span> <span class='ocrx_word' id='word_1_191' title='bbox 1189 1916 1508 1965; x_wconf 86' lang='lat' dir='ltr'>‘terminum&#39;</span> <span class='ocrx_word' id='word_1_192' title='bbox 1535 1916 1746 1967; x_wconf 90' lang='lat' dir='ltr'>dicimus</span> <span class='ocrx_word' id='word_1_193' title='bbox 1775 1922 1786 1944; x_wconf 86' lang='lat'>‘</span> <span class='ocrx_word' id='word_1_194' title='bbox 1804 1921 1985 1979; x_wconf 89' lang='lat' dir='ltr'>finem,&#39;</span> <span class='ocrx_word' id='word_1_195' title='bbox 2011 1929 2094 1969; x_wconf 88' lang='lat' dir='ltr'>aut</span> 
     </span>
     <span class='ocr_line' id='line_1_23' title="bbox 343 1997 2093 2060; baseline 0.004 -17"><span class='ocrx_word' id='word_1_196' title='bbox 343 1997 630 2059; x_wconf 88' lang='lat' dir='ltr'>‘populatas</span> <span class='ocrx_word' id='word_1_197' title='bbox 651 1998 660 2018; x_wconf 91' lang='lat'>&#39;</span> <span class='ocrx_word' id='word_1_198' title='bbox 687 1997 1062 2060; x_wconf 87' lang='lat' dir='ltr'>interpretamur</span> <span class='ocrx_word' id='word_1_199' title='bbox 1082 2014 1188 2047; x_wconf 88' lang='lat' dir='ltr'>esse</span> <span class='ocrx_word' id='word_1_200' title='bbox 1218 2000 1489 2059; x_wconf 85' lang='lat' dir='ltr'>‘vastatas,’</span> <span class='ocrx_word' id='word_1_201' title='bbox 1510 2009 1557 2048; x_wconf 88' lang='lat' dir='ltr'>et</span> <span class='ocrx_word' id='word_1_202' title='bbox 1582 2000 1788 2050; x_wconf 91' lang='lat' dir='ltr'>omnino</span> <span class='ocrx_word' id='word_1_203' title='bbox 1814 2019 1928 2050; x_wconf 91' lang='lat' dir='ltr'>cum</span> <span class='ocrx_word' id='word_1_204' title='bbox 1949 2001 2093 2051; x_wconf 78' lang='lat' dir='ltr'>unius</span> 
     </span>
     <span class='ocr_line' id='line_1_24' title="bbox 340 2077 1319 2129; baseline 0.004 -4"><span class='ocrx_word' id='word_1_205' title='bbox 340 2077 474 2126; x_wconf 89' lang='lat' dir='ltr'>verbi</span> <span class='ocrx_word' id='word_1_206' title='bbox 501 2095 603 2127; x_wconf 90' lang='lat' dir='ltr'>rem</span> <span class='ocrx_word' id='word_1_207' title='bbox 630 2094 730 2127; x_wconf 93' lang='lat' dir='ltr'>uno</span> <span class='ocrx_word' id='word_1_208' title='bbox 754 2079 906 2128; x_wconf 89' lang='lat' dir='ltr'>verbo</span> <span class='ocrx_word' id='word_1_209' title='bbox 933 2079 1319 2129; x_wconf 87' lang='lat' dir='ltr'>manifestamus.</span> 
     </span>
    </p>

    <p class='ocr_par' dir='ltr' id='par_1_9' title="bbox 166 2158 2166 2551">
     <span class='ocr_line' id='line_1_25' title="bbox 166 2158 2090 2224; baseline 0.002 -17"><span class='ocrx_word' id='word_1_210' title='bbox 166 2169 316 2208; x_wconf 87' lang='lat' dir='ltr'>XXXI</span> <span class='ocrx_word' id='word_1_211' title='bbox 477 2158 558 2204; x_wconf 76' lang='lat' dir='ltr'>DE</span> <span class='ocrx_word' id='word_1_212' title='bbox 602 2171 986 2207; x_wconf 84' lang='lat' dir='ltr'><strong>DIFFERENTIIS.</strong></span> <span class='ocrx_word' id='word_1_213' title='bbox 1085 2158 1376 2208; x_wconf 88' lang='lat' dir='ltr'>Differentia</span> <span class='ocrx_word' id='word_1_214' title='bbox 1423 2169 1495 2209; x_wconf 89' lang='lat' dir='ltr'>est</span> <span class='ocrx_word' id='word_1_215' title='bbox 1539 2162 1726 2224; x_wconf 89' lang='lat' dir='ltr'>species</span> <span class='ocrx_word' id='word_1_216' title='bbox 1774 2161 2090 2221; x_wconf 80' lang='lat' dir='ltr'>definitioniS,</span> 
     </span>
     <span class='ocr_line' id='line_1_26' title="bbox 341 2239 2166 2302; baseline 0.002 -16"><span class='ocrx_word' id='word_1_217' title='bbox 341 2255 491 2302; x_wconf 90' lang='lat' dir='ltr'>quam</span> <span class='ocrx_word' id='word_1_218' title='bbox 540 2239 799 2302; x_wconf 86' lang='lat' dir='ltr'>scriptores</span> <span class='ocrx_word' id='word_1_219' title='bbox 840 2242 1018 2289; x_wconf 88' lang='lat' dir='ltr'>artium</span> <span class='ocrx_word' id='word_1_220' title='bbox 1067 2242 1130 2289; x_wconf 90' lang='lat' dir='ltr'>de</span> <span class='ocrx_word' id='word_1_221' title='bbox 1179 2242 1358 2290; x_wconf 90' lang='lat' dir='ltr'>eodem</span> <span class='ocrx_word' id='word_1_222' title='bbox 1407 2251 1455 2290; x_wconf 91' lang='lat' dir='ltr'>et</span> <span class='ocrx_word' id='word_1_223' title='bbox 1503 2243 1566 2290; x_wconf 87' lang='lat' dir='ltr'>de</span> <span class='ocrx_word' id='word_1_224' title='bbox 1614 2244 1767 2291; x_wconf 91' lang='lat' dir='ltr'>altero</span> <span class='ocrx_word' id='word_1_225' title='bbox 1816 2243 2089 2292; x_wconf 88' lang='lat' dir='ltr'>nominant.</span> <span class='ocrx_word' id='word_1_226' title='bbox 2118 2262 2166 2302; x_wconf 85' lang='lat'>25</span> 
     </span>
     <span class='ocr_line' id='line_1_27' title="bbox 341 2321 2092 2385; baseline 0.003 -16"><span class='ocrx_word' id='word_1_227' title='bbox 341 2323 485 2370; x_wconf 90' lang='lat' dir='ltr'>Haec</span> <span class='ocrx_word' id='word_1_228' title='bbox 512 2321 644 2371; x_wconf 89' lang='lat' dir='ltr'>enim</span> <span class='ocrx_word' id='word_1_229' title='bbox 670 2323 772 2370; x_wconf 92' lang='lat' dir='ltr'>duo</span> <span class='ocrx_word' id='word_1_230' title='bbox 798 2324 1013 2385; x_wconf 89' lang='lat' dir='ltr'>quadam</span> <span class='ocrx_word' id='word_1_231' title='bbox 1040 2322 1165 2371; x_wconf 89' lang='lat' dir='ltr'>inter</span> <span class='ocrx_word' id='word_1_232' title='bbox 1181 2340 1233 2371; x_wconf 92' lang='lat' dir='ltr'>se</span> <span class='ocrx_word' id='word_1_233' title='bbox 1250 2322 1604 2372; x_wconf 88' lang='lat' dir='ltr'>communione</span> <span class='ocrx_word' id='word_1_234' title='bbox 1630 2326 1846 2384; x_wconf 89' lang='lat' dir='ltr'>confusa,</span> <span class='ocrx_word' id='word_1_235' title='bbox 1868 2325 2092 2374; x_wconf 88' lang='lat' dir='ltr'>coniecta</span> 
     </span>
     <span class='ocr_line' id='line_1_28' title="bbox 339 2402 2092 2471; baseline 0.002 -19"><span class='ocrx_word' id='word_1_236' title='bbox 339 2402 614 2452; x_wconf 87' lang='lat' dir='ltr'>differentia</span> <span class='ocrx_word' id='word_1_237' title='bbox 656 2413 989 2464; x_wconf 88' lang='lat' dir='ltr'>secernuntur,</span> <span class='ocrx_word' id='word_1_238' title='bbox 1034 2422 1119 2468; x_wconf 93' lang='lat' dir='ltr'>per</span> <span class='ocrx_word' id='word_1_239' title='bbox 1162 2422 1311 2468; x_wconf 89' lang='lat' dir='ltr'>quam</span> <span class='ocrx_word' id='word_1_240' title='bbox 1346 2404 1467 2468; x_wconf 90' lang='lat' dir='ltr'>quid</span> <span class='ocrx_word' id='word_1_241' title='bbox 1510 2404 1571 2453; x_wconf 88' lang='lat' dir='ltr'>sit</span> <span class='ocrx_word' id='word_1_242' title='bbox 1610 2415 1874 2470; x_wconf 91' lang='lat' dir='ltr'>utrumque</span> <span class='ocrx_word' id='word_1_243' title='bbox 1913 2423 2092 2471; x_wconf 88' lang='lat' dir='ltr'>cogno-</span> 
     </span>
     <span class='ocr_line' id='line_1_29' title="bbox 339 2484 2086 2551; baseline 0.003 -19"><span class='ocrx_word' id='word_1_244' title='bbox 339 2484 487 2534; x_wconf 88' lang='lat' dir='ltr'>scitur</span> <span class='ocrx_word' id='word_1_245' title='bbox 508 2504 520 2546; x_wconf 81' lang='lat'><em>3</em></span> <span class='ocrx_word' id='word_1_246' title='bbox 569 2494 622 2533; x_wconf 91' lang='lat' dir='ltr'>ut</span> <span class='ocrx_word' id='word_1_247' title='bbox 662 2502 774 2534; x_wconf 90' lang='lat' dir='ltr'>cum</span> <span class='ocrx_word' id='word_1_248' title='bbox 817 2486 1066 2549; x_wconf 89' lang='lat' dir='ltr'>quaeritur</span> <span class='ocrx_word' id='word_1_249' title='bbox 1100 2486 1220 2550; x_wconf 92' lang='lat' dir='ltr'>quid</span> <span class='ocrx_word' id='word_1_250' title='bbox 1258 2486 1384 2535; x_wconf 90' lang='lat' dir='ltr'>inter</span> <span class='ocrx_word' id='word_1_251' title='bbox 1422 2504 1584 2550; x_wconf 86' lang='lat' dir='ltr'>regem</span> <span class='ocrx_word' id='word_1_252' title='bbox 1629 2487 1689 2536; x_wconf 88' lang='lat' dir='ltr'>sit</span> <span class='ocrx_word' id='word_1_253' title='bbox 1732 2498 1779 2536; x_wconf 89' lang='lat' dir='ltr'>et</span> <span class='ocrx_word' id='word_1_254' title='bbox 1813 2498 2086 2551; x_wconf 87' lang='lat' dir='ltr'>tyrannum,</span> 
     </span>
    </p>
   </div>
   <div class='ocr_carea' id='block_1_5' title="bbox 338 2619 2098 3108">
    <p class='ocr_par' dir='ltr' id='par_1_10' title="bbox 338 2619 2098 3108">
     <span class='ocr_line' id='line_1_30' title="bbox 393 2619 2091 2672; baseline 0.004 -15"><span class='ocrx_word' id='word_1_255' title='bbox 393 2632 417 2657; x_wconf 89' lang='lat'>2</span> <span class='ocrx_word' id='word_1_256' title='bbox 447 2619 523 2657; x_wconf 88' lang='lat' dir='ltr'>sed</span> <span class='ocrx_word' id='word_1_257' title='bbox 544 2619 716 2658; x_wconf 87' lang='lat' dir='ltr'>arbitrio</span> <span class='ocrx_word' id='word_1_258' title='bbox 738 2620 799 2658; x_wconf 91' lang='lat' dir='ltr'>K1</span> <span class='ocrx_word' id='word_1_259' title='bbox 967 2634 992 2670; x_wconf 85' lang='lat'><strong>3</strong></span> <span class='ocrx_word' id='word_1_260' title='bbox 1022 2621 1193 2659; x_wconf 88' lang='lat' dir='ltr'>nomina</span> <span class='ocrx_word' id='word_1_261' title='bbox 1221 2627 1266 2660; x_wconf 90' lang='lat' dir='ltr'>ut</span> <span class='ocrx_word' id='word_1_262' title='bbox 1295 2634 1350 2659; x_wconf 84' lang='lat' dir='ltr'>ex</span> <span class='ocrx_word' id='word_1_263' title='bbox 1378 2620 1415 2658; x_wconf 88' lang='lat' dir='ltr'><em>T</em></span> <span class='ocrx_word' id='word_1_264' title='bbox 1572 2635 1596 2670; x_wconf 90' lang='lat'>4</span> <span class='ocrx_word' id='word_1_265' title='bbox 1627 2623 1818 2672; x_wconf 85' lang='lat' dir='ltr'>regendo</span> <span class='ocrx_word' id='word_1_266' title='bbox 1841 2629 1882 2662; x_wconf 88' lang='lat' dir='ltr'>et</span> <span class='ocrx_word' id='word_1_267' title='bbox 1911 2622 2002 2663; x_wconf 80' lang='lat' dir='ltr'>hab.</span> <span class='ocrx_word' id='word_1_268' title='bbox 2033 2623 2091 2663; x_wconf 88' lang='lat' dir='ltr'>T:</span> 
     </span>
     <span class='ocr_line' id='line_1_31' title="bbox 338 2673 2090 2724; baseline 0.002 -12"><span class='ocrx_word' id='word_1_269' title='bbox 338 2686 419 2713; x_wconf 85' lang='lat' dir='ltr'>om.</span> <span class='ocrx_word' id='word_1_270' title='bbox 441 2673 565 2712; x_wconf 86' lang='lat' dir='ltr'>BCK</span> <span class='ocrx_word' id='word_1_271' title='bbox 756 2687 780 2724; x_wconf 88' lang='lat'>5</span> <span class='ocrx_word' id='word_1_272' title='bbox 810 2675 922 2714; x_wconf 89' lang='lat' dir='ltr'>lotus</span> <span class='ocrx_word' id='word_1_273' title='bbox 939 2677 1037 2715; x_wconf 90' lang='lat' dir='ltr'>dum</span> <span class='ocrx_word' id='word_1_274' title='bbox 1058 2677 1187 2714; x_wconf 90' lang='lat' dir='ltr'>lotum</span> <span class='ocrx_word' id='word_1_275' title='bbox 1205 2674 1309 2714; x_wconf 84' lang='lat' dir='ltr'>BC:</span> <span class='ocrx_word' id='word_1_276' title='bbox 1339 2675 1471 2715; x_wconf 88' lang='lat' dir='ltr'>lotum</span> <span class='ocrx_word' id='word_1_277' title='bbox 1493 2677 1592 2714; x_wconf 90' lang='lat' dir='ltr'>dum</span> <span class='ocrx_word' id='word_1_278' title='bbox 1614 2676 1726 2716; x_wconf 88' lang='lat' dir='ltr'>lotus</span> <span class='ocrx_word' id='word_1_279' title='bbox 1745 2677 1807 2715; x_wconf 91' lang='lat' dir='ltr'>K1</span> <span class='ocrx_word' id='word_1_280' title='bbox 1825 2691 1834 2716; x_wconf 75' lang='grc' dir='ltr'>ε</span> <span class='ocrx_word' id='word_1_281' title='bbox 1863 2678 1976 2717; x_wconf 88' lang='lat' dir='ltr'>lot—</span> <span class='ocrx_word' id='word_1_282' title='bbox 1993 2678 2090 2716; x_wconf 89' lang='lat' dir='ltr'>dum</span> 
     </span>
     <span class='ocr_line' id='line_1_32' title="bbox 338 2728 2098 2780; baseline 0.002 -14"><span class='ocrx_word' id='word_1_283' title='bbox 338 2730 471 2767; x_wconf 84' lang='lat' dir='ltr'>lutum</span> <span class='ocrx_word' id='word_1_284' title='bbox 502 2728 538 2766; x_wconf 94' lang='lat' dir='ltr'><em>T</em></span> <span class='ocrx_word' id='word_1_285' title='bbox 720 2743 746 2779; x_wconf 93' lang='lat'>9</span> <span class='ocrx_word' id='word_1_286' title='bbox 776 2730 976 2780; x_wconf 87' lang='lat' dir='ltr'>gragulus</span> <span class='ocrx_word' id='word_1_287' title='bbox 997 2730 1190 2779; x_wconf 87' lang='lat' dir='ltr'>garrulus</span> <span class='ocrx_word' id='word_1_288' title='bbox 1210 2730 1276 2768; x_wconf 88' lang='lat' dir='ltr'>B:</span> <span class='ocrx_word' id='word_1_289' title='bbox 1305 2730 1499 2780; x_wconf 88' lang='lat' dir='ltr'>graculus</span> <span class='ocrx_word' id='word_1_290' title='bbox 1520 2731 1648 2770; x_wconf 85' lang='lat' dir='ltr'>Arev.</span> <span class='ocrx_word' id='word_1_291' title='bbox 1831 2744 1880 2771; x_wconf 89' lang='lat'>10</span> <span class='ocrx_word' id='word_1_292' title='bbox 1911 2733 1975 2771; x_wconf 78' lang='lat' dir='ltr'>de.</span> <span class='ocrx_word' id='word_1_293' title='bbox 1995 2733 2035 2770; x_wconf 85' lang='lat' dir='ltr'>in</span> <span class='ocrx_word' id='word_1_294' title='bbox 2061 2733 2098 2770; x_wconf 90' lang='lat' dir='ltr'><em>T</em></span> 
     </span>
     <span class='ocr_line' id='line_1_33' title="bbox 339 2782 2088 2836; baseline 0.002 -14"><span class='ocrx_word' id='word_1_295' title='bbox 339 2784 472 2822; x_wconf 88' lang='lat' dir='ltr'>latino</span> <span class='ocrx_word' id='word_1_296' title='bbox 495 2782 541 2820; x_wconf 89' lang='lat' dir='ltr'><em>K</em></span> <span class='ocrx_word' id='word_1_297' title='bbox 691 2784 758 2835; x_wconf 90' lang='lat' dir='ltr'>ut]</span> <span class='ocrx_word' id='word_1_298' title='bbox 786 2791 828 2824; x_wconf 87' lang='lat' dir='ltr'>et</span> <span class='ocrx_word' id='word_1_299' title='bbox 848 2785 888 2823; x_wconf 91' lang='grc' dir='ltr'><em>Β</em></span> <span class='ocrx_word' id='word_1_300' title='bbox 1043 2784 1170 2836; x_wconf 88' lang='lat' dir='ltr'>silva]</span> <span class='ocrx_word' id='word_1_301' title='bbox 1192 2784 1342 2823; x_wconf 86' lang='lat' dir='ltr'>sillaba</span> <span class='ocrx_word' id='word_1_302' title='bbox 1364 2784 1414 2824; x_wconf 85' lang='lat' dir='ltr'>C1</span> <span class='ocrx_word' id='word_1_303' title='bbox 1585 2799 1629 2824; x_wconf 82' lang='lat'>11</span> <span class='ocrx_word' id='word_1_304' title='bbox 1661 2785 1730 2825; x_wconf 90' lang='lat' dir='ltr'>vel</span> <span class='ocrx_word' id='word_1_305' title='bbox 1750 2799 1837 2826; x_wconf 86' lang='lat' dir='ltr'>om.</span> <span class='ocrx_word' id='word_1_306' title='bbox 1869 2786 1969 2826; x_wconf 90' lang='lat' dir='ltr'>CT:</span> <span class='ocrx_word' id='word_1_307' title='bbox 1997 2787 2088 2826; x_wconf 73' lang='lat' dir='ltr'>hab.</span> 
     </span>
     <span class='ocr_line' id='line_1_34' title="bbox 338 2837 2093 2890; baseline 0.002 -14"><span class='ocrx_word' id='word_1_308' title='bbox 338 2837 428 2876; x_wconf 88' lang='grc' dir='ltr'>ΒΚ</span> <span class='ocrx_word' id='word_1_309' title='bbox 610 2839 1350 2879; x_wconf 82' lang='lat' dir='ltr'>12eszeK:etT:etdeC</span> <span class='ocrx_word' id='word_1_310' title='bbox 1457 2840 1696 2890; x_wconf 84' lang='lat' dir='ltr'>ge.om.T</span> <span class='ocrx_word' id='word_1_311' title='bbox 1868 2841 2093 2880; x_wconf 89' lang='lat' dir='ltr'>16hocK</span> 
     </span>
     <span class='ocr_line' id='line_1_35' title="bbox 345 2893 2098 2945; baseline 0.002 -15"><span class='ocrx_word' id='word_1_312' title='bbox 345 2905 391 2942; x_wconf 86' lang='lat'>17</span> <span class='ocrx_word' id='word_1_313' title='bbox 423 2893 476 2932; x_wconf 87' lang='lat' dir='ltr'>de</span> <span class='ocrx_word' id='word_1_314' title='bbox 502 2905 587 2942; x_wconf 90' lang='lat' dir='ltr'>qua</span> <span class='ocrx_word' id='word_1_315' title='bbox 605 2893 735 2933; x_wconf 75' lang='lat' dir='ltr'><em>Arev.</em></span> <span class='ocrx_word' id='word_1_316' title='bbox 917 2907 971 2933; x_wconf 89' lang='lat'>20</span> <span class='ocrx_word' id='word_1_317' title='bbox 999 2895 1109 2933; x_wconf 90' lang='lat' dir='ltr'>aurit</span> <span class='ocrx_word' id='word_1_318' title='bbox 1142 2893 1254 2933; x_wconf 84' lang='lat' dir='ltr'>codd.</span> <span class='ocrx_word' id='word_1_319' title='bbox 1441 2907 1493 2933; x_wconf 86' lang='lat'>22</span> <span class='ocrx_word' id='word_1_320' title='bbox 1522 2895 1750 2945; x_wconf 88' lang='lat' dir='ltr'>populatus</span> <span class='ocrx_word' id='word_1_321' title='bbox 1777 2900 1815 2933; x_wconf 85' lang='lat' dir='ltr'>et</span> <span class='ocrx_word' id='word_1_322' title='bbox 1843 2901 2031 2934; x_wconf 87' lang='lat' dir='ltr'>vastatus</span> <span class='ocrx_word' id='word_1_323' title='bbox 2061 2896 2098 2934; x_wconf 90' lang='lat' dir='ltr'><em>T</em></span> 
     </span>
     <span class='ocr_line' id='line_1_36' title="bbox 339 2947 2090 3000; baseline 0.002 -15"><span class='ocrx_word' id='word_1_324' title='bbox 339 2947 535 2999; x_wconf 88' lang='lat' dir='ltr'>omnino]</span> <span class='ocrx_word' id='word_1_325' title='bbox 558 2949 743 2986; x_wconf 88' lang='lat' dir='ltr'>omnium</span> <span class='ocrx_word' id='word_1_326' title='bbox 767 2947 817 2987; x_wconf 88' lang='lat' dir='ltr'>C1</span> <span class='ocrx_word' id='word_1_327' title='bbox 981 2960 1033 2998; x_wconf 88' lang='lat'>25</span> <span class='ocrx_word' id='word_1_328' title='bbox 1063 2948 1217 3000; x_wconf 87' lang='lat' dir='ltr'>altero]</span> <span class='ocrx_word' id='word_1_329' title='bbox 1239 2948 1320 2987; x_wconf 90' lang='lat' dir='ltr'>alio</span> <span class='ocrx_word' id='word_1_330' title='bbox 1344 2947 1382 2986; x_wconf 93' lang='lat' dir='ltr'><em>T</em></span> <span class='ocrx_word' id='word_1_331' title='bbox 1540 2951 1593 2988; x_wconf 85' lang='lat'>26</span> <span class='ocrx_word' id='word_1_332' title='bbox 1622 2950 1802 3000; x_wconf 87' lang='lat' dir='ltr'>quadam</span> <span class='ocrx_word' id='word_1_333' title='bbox 1821 2962 1868 2988; x_wconf 86' lang='lat' dir='ltr'>ex</span> <span class='ocrx_word' id='word_1_334' title='bbox 1883 2951 2090 2999; x_wconf 82' lang='lat' dir='ltr'>quaedam</span> 
     </span>
     <span class='ocr_line' id='line_1_37' title="bbox 340 3002 2088 3054; baseline 0.003 -14"><span class='ocrx_word' id='word_1_335' title='bbox 340 3002 381 3039; x_wconf 88' lang='lat' dir='ltr'><em>A</em></span> <span class='ocrx_word' id='word_1_336' title='bbox 404 3017 413 3041; x_wconf 72' lang='grc' dir='ltr'>ε</span> <span class='ocrx_word' id='word_1_337' title='bbox 457 3004 665 3052; x_wconf 87' lang='lat' dir='ltr'>quaedam</span> <span class='ocrx_word' id='word_1_338' title='bbox 704 3003 762 3042; x_wconf 86' lang='lat' dir='ltr'>C:</span> <span class='ocrx_word' id='word_1_339' title='bbox 811 3003 982 3053; x_wconf 87' lang='lat' dir='ltr'>quidem</span> <span class='ocrx_word' id='word_1_340' title='bbox 1012 3003 1058 3041; x_wconf 92' lang='lat' dir='ltr'><em>K</em></span> <span class='ocrx_word' id='word_1_341' title='bbox 1179 3003 1376 3043; x_wconf 87' lang='lat' dir='ltr'>confusus</span> <span class='ocrx_word' id='word_1_342' title='bbox 1392 3003 1442 3042; x_wconf 84' lang='lat' dir='ltr'>C1</span> <span class='ocrx_word' id='word_1_343' title='bbox 1607 3017 1657 3054; x_wconf 89' lang='lat'>27</span> <span class='ocrx_word' id='word_1_344' title='bbox 1688 3010 1970 3044; x_wconf 82' lang='lat' dir='ltr'>secernuntur</span> <span class='ocrx_word' id='word_1_345' title='bbox 1987 3004 2088 3046; x_wconf 87' lang='lat' dir='ltr'>BC:</span> 
     </span>
     <span class='ocr_line' id='line_1_38' title="bbox 339 3056 1559 3108; baseline 0.001 -13"><span class='ocrx_word' id='word_1_346' title='bbox 339 3058 578 3098; x_wconf 84' lang='lat' dir='ltr'>secernitur</span> <span class='ocrx_word' id='word_1_347' title='bbox 592 3056 683 3095; x_wconf 84' lang='lat' dir='ltr'>KT</span> <span class='ocrx_word' id='word_1_348' title='bbox 853 3060 906 3097; x_wconf 89' lang='lat'>28</span> <span class='ocrx_word' id='word_1_349' title='bbox 934 3065 977 3099; x_wconf 86' lang='lat' dir='ltr'>et</span> <span class='ocrx_word' id='word_1_350' title='bbox 999 3064 1224 3108; x_wconf 86' lang='lat' dir='ltr'>tyrannum</span> <span class='ocrx_word' id='word_1_351' title='bbox 1251 3090 1259 3100; x_wconf 92' lang='lat'>.</span> <span class='ocrx_word' id='word_1_352' title='bbox 1278 3088 1285 3096; x_wconf 91' lang='lat'>.</span> <span class='ocrx_word' id='word_1_353' title='bbox 1304 3087 1313 3098; x_wconf 88' lang='lat'><strong>.</strong></span> <span class='ocrx_word' id='word_1_354' title='bbox 1330 3059 1383 3098; x_wconf 87' lang='lat' dir='ltr'>sit</span> <span class='ocrx_word' id='word_1_355' title='bbox 1403 3071 1484 3100; x_wconf 85' lang='lat' dir='ltr'>om.</span> <span class='ocrx_word' id='word_1_356' title='bbox 1511 3057 1559 3096; x_wconf 88' lang='lat' dir='ltr'>C1</span> 
     </span>
    </p>
   </div>
  </div>
 </body>
</html>
