2176 3424
1037 95 1311 143 ISIDORI

286 226 452 266 autem
491 219 652 283 operis
689 221 836 270 etiam
876 231 1235 271 sarmentorum
1267 232 1486 273 veterum
1525 226 1763 275 carbones
1793 243 1905 274 cum
1940 228 2039 289 glu-

289 299 394 348 tino
433 300 530 350 triti
573 302 870 352 inducendis
920 303 1187 367 parietibus
1235 307 1495 355 atramenti
1545 307 1758 370 speciem
1809 310 2036 357 reddunt.

290 383 416 430 Sunt
452 391 501 431 et
538 383 623 446 qui
649 384 748 433 vini
782 387 969 434 faecem
1007 387 1239 435 siccatam
1274 398 1568 451 excoquant,
1594 391 1971 454 adfirmantque,
2000 390 2039 438 si

290 481 347 512 ex
373 464 510 513 bono
536 466 652 513 vino
686 467 792 515 faex
827 466 984 527 fuerit,
1015 467 1177 516 Indici
1211 470 1427 532 speciem
1462 469 1512 519 id
1544 480 1874 521 atramentum
1907 489 2041 536 prae-

289 545 420 595 bere.
495 548 594 596 Sed
636 556 684 596 et
727 558 1030 597 sarmentum
1074 567 1197 599 uvae
1240 550 1405 614 nigrae
1444 551 1559 601 vino
1602 553 1791 616 optimo
1830 556 2039 602 tinctum
2065 564 2085 603 5

289 637 612 691 posteaquam
655 629 873 679 siccitate
912 630 1139 690 aruerint,
1183 633 1221 680 si
1271 649 1441 681 exuras
1490 643 1538 683 et
1579 643 1804 683 conteras
1844 635 2039 685 adiecto

206 726 265 773 19
288 711 471 772 gluten,
500 710 710 760 nitorem
740 712 901 761 Indici
928 714 1116 762 reddet.
1157 714 1201 759 V
1205 723 1290 775 sta,
1320 732 1448 778 quae
1473 718 1740 779 plurimum
1766 717 2041 766 necessaria

289 802 376 852 est,
405 794 542 841 nullo
578 796 779 857 negotio
816 794 1055 858 provenit.
1132 798 1262 845 Nam
1302 796 1339 845 si
1377 806 1425 846 et
1461 799 1656 861 glebam
1694 798 1840 847 silicis
1878 799 2040 848 bonae

290 873 401 936 igne
428 892 688 938 excoquas,
717 885 765 924 et
797 886 939 925 aceto
973 876 1213 926 acerrimo
1247 881 1553 942 superfusam
1580 879 1848 944 extinguas,
1878 882 2041 930 made—

290 957 415 1004 facta
442 956 645 1020 spongia
670 959 886 1007 colorem
915 975 1215 1022 purpureum
1243 961 1429 1009 reddet.
1494 963 1617 1009 Eam
1645 961 1729 1010 ubi
1755 961 2040 1011 contriveris
2071 980 2115 1007 ιο

197 1052 265 1087 20
290 1046 398 1086 usta
438 1039 538 1086 erit.
615 1039 780 1088 Omne
816 1049 980 1088 autem
1023 1050 1352 1090 atramentum
1398 1044 1500 1091 sole
1543 1043 1823 1106 perficitur:
1867 1061 2039 1093 omnes

213 1136 265 1170 21
289 1121 478 1169 colores
523 1120 669 1169 calcis
708 1121 1013 1171 admixtione
1063 1133 1468 1187 conrumpuntur.
1561 1125 1807 1174 Melinum
1851 1126 2039 1176 dictum

288 1203 424 1264 quod
463 1202 566 1250 eius
606 1203 789 1251 metalli
827 1205 957 1252 ferax
1000 1204 1059 1253 sit
1103 1222 1200 1253 una
1237 1223 1294 1254 ex
1334 1206 1634 1268 Cycladibus
1674 1208 1833 1256 insula
1874 1210 2036 1257 Melos

289 1283 505 1333 nomine.
544 1286 632 1333 Est
659 1284 790 1333 enim
819 1286 1104 1346 candidum,
1127 1304 1219 1336 nec
1246 1297 1449 1336 utuntur
1473 1305 1585 1337 eum
1608 1289 1819 1353 pictores
1841 1300 2038 1354 propter

204 1374 267 1410 22
290 1365 494 1414 nimiam
533 1366 902 1430 pinguedinem.
978 1371 1210 1430 Anulare,
1245 1372 1381 1433 quod
1419 1381 1612 1432 vocant,
1640 1372 1909 1422 candidum
1949 1383 2036 1433 est,
2070 1392 2113 1432 15

290 1446 477 1514 quo[d]
506 1449 770 1498 muliebres
796 1451 1016 1512 picturae
1049 1451 1367 1500 luminantur.
1441 1453 1519 1501 Fit
1556 1463 1603 1502 et
1639 1453 1785 1517 ipsud
1819 1471 1876 1503 ex
1910 1464 2042 1503 creta

203 1553 266 1600 23
289 1530 519 1579 admixtis
545 1530 709 1579 vitreis
735 1532 958 1594 gemmis.
1022 1534 1234 1582 Cerussa
1263 1535 1317 1582 fit
1347 1535 1443 1582 hoc
1474 1537 1653 1584 modo:
1691 1535 1741 1584 in
1766 1553 1883 1585 vaso
1910 1536 2041 1585 enim

289 1622 430 1662 aceto
457 1612 696 1661 acerrimo
723 1612 912 1676 inpleto
938 1624 1185 1663 sarmenta
1209 1614 1408 1664 aminea
1426 1615 1476 1664 in
1503 1618 1682 1666 eodem
1704 1621 1905 1667 vasculo
1930 1636 2043 1667 con—

288 1696 490 1757 locabis,
521 1713 578 1744 ac
604 1712 750 1758 super
785 1706 1031 1745 sarmenta
1065 1698 1258 1746 tabulas
1294 1698 1488 1762 plumbi
1522 1699 1835 1749 tenuissimas
1869 1717 2039 1764 pones,

287 1778 470 1826 deinde
510 1794 592 1826 vas
641 1776 1017 1840 diligentissime
1061 1779 1264 1838 claudis,
1311 1780 1586 1843 inlinisque,
1628 1799 1691 1830 ne
1738 1781 1925 1845 aliquid
1974 1782 2040 1830 in-
2068 1803 2119 1832 20

287 1858 565 1921 spiraminis
602 1869 755 1909 exeat.
832 1863 949 1909 Post
983 1860 1088 1910 dies
1118 1871 1283 1910 autern
1316 1861 1512 1925 triginta
1538 1880 1621 1912 vas
1653 1863 1880 1928 aperitur,
1906 1874 1954 1913 et
1985 1882 2042 1913 ex

287 1941 607 1991 distillatione
638 1941 917 1992 tabularum
952 1943 1120 1992 innata
1160 1961 1356 1993 cerussa
1392 1943 1651 1994 invenitur.
1726 1948 1878 2008 Quod
1914 1946 2041 1995 abla-

287 2032 393 2072 tum
420 2034 467 2073 et
493 2025 762 2073 arefactum
786 2024 970 2086 teritur,
992 2035 1142 2088 atque
1167 2025 1343 2075 iterum
1364 2035 1508 2075 aceto
1527 2029 1749 2076 admixto
1768 2027 1819 2076 in
1839 2027 2043 2091 pastillis

289 2105 524 2155 dividitur
564 2116 610 2155 et
650 2106 701 2154 in
745 2109 847 2155 sole
892 2107 1114 2156 siccatur.
1190 2110 1304 2156 Hac
1347 2108 1661 2157 observantia
1703 2109 1741 2158 si
1783 2109 2042 2158 lamminas

288 2204 454 2236 aereas
481 2188 738 2236 sarmentis
766 2204 1085 2252 superponas,
1112 2191 1396 2253 aeruginem
1423 2200 1603 2239 creant.
1657 2190 2039 2240 Chalcanthum.
2068 2210 2117 2250 25

349 2331 366 2357 1
398 2324 637 2357 veterarum
659 2317 746 2358 BT
926 2333 951 2370 3
981 2321 1183 2360 siccatum
1203 2319 1244 2358 B
1384 2327 1599 2371 excogunt
1620 2321 1665 2360 K
1803 2322 2044 2361 adfirment-

291 2387 371 2424 que
401 2372 438 2412 T
453 2373 522 2424 (cf.
543 2373 655 2414 Plz'n.
677 2373 730 2413 N.
746 2373 805 2413 H.
826 2387 893 2425 35,
912 2375 1006 2426 42):
1034 2376 1261 2414 adfirmant
1284 2375 1334 2414 Cl
1492 2375 1548 2427 si]
1571 2376 1630 2415 sic
1650 2376 1690 2415 Β
1845 2391 1870 2426 4
1900 2377 2044 2416 indicii

291 2429 358 2468 B:
388 2428 542 2467 indicis
565 2427 615 2466 C1
807 2429 848 2468 id
870 2436 936 2469 est
962 2436 1041 2471 atr.
1067 2430 1102 2469 C
1318 2432 1344 2469 6
1373 2431 1555 2470 siccatae
1576 2431 1622 2469 K
1809 2432 1967 2471 aruerit
1989 2432 2045 2470 Bl

293 2497 314 2533 7
347 2483 465 2533 glute
487 2483 624 2522 nitore
645 2483 783 2522 indice
805 2485 943 2523 reddit
963 2484 1010 2522 K
1200 2485 1377 2535 plurima
1400 2485 1478 2524 CT
1671 2486 1697 2524 8
1726 2499 1822 2524 nam
1844 2493 1886 2525 et
1906 2487 1941 2525 si
1961 2486 2050 2524 BU

292 2538 450 2589 bonae]
472 2538 580 2577 bene
599 2538 639 2576 B
818 2552 844 2588 9
874 2540 1088 2588 perfusam
1118 2539 1156 2578 T
1332 2553 1382 2579 10
1409 2540 1591 2590 spungia
1615 2539 1676 2579 C:
1704 2541 1872 2590 sfungia
1890 2540 2043 2580 BTU:

294 2593 484 2642 insungia
505 2591 552 2630 K
712 2593 851 2632 reddit
872 2593 917 2631 K
1069 2594 1236 2634 triveris
1255 2593 1302 2632 K
1321 2595 1423 2647 (non
1449 2593 1506 2646 U)
1707 2607 1754 2644 13
1787 2595 1974 2634 cladibus
1996 2594 2043 2633 C¹

299 2659 346 2697 15
376 2647 726 2698 pinguetudinem
765 2646 801 2686 C
831 2648 897 2699 (cf.
927 2649 1037 2688 Plin.
1067 2648 1122 2689 N.
1135 2649 1195 2689 H.
1228 2661 1293 2699 35,
1311 2650 1400 2699 37):
1444 2649 1737 2700 pinguidinem
1770 2649 1817 2688 K
1843 2650 1947 2696 (non
1985 2649 2044 2701 U)

293 2702 510 2741 Anularea
552 2700 612 2740 T:
658 2701 786 2741 Alare
824 2702 925 2740 ΒΕ]
1039 2706 1088 2742 16
1117 2703 1315 2742 mulieres
1355 2702 1515 2742 C1NP:
1561 2704 1748 2743 mulieris
1786 2704 1850 2743 K:
1899 2704 2046 2743 mulie-

296 2757 380 2796 bris
401 2756 499 2796 DE¹
526 2757 624 2807 (non
651 2755 706 2806 U)
928 2758 1136 2797 tincturae
1158 2758 1259 2810 (we)
1282 2757 1368 2797 ΚΝ
1389 2759 1490 2810 (non
1509 2758 1658 2809 DEU)
1881 2759 2046 2797 inlumi-

297 2818 452 2851 nantur
470 2810 580 2851 Plin.
605 2811 660 2851 N.
674 2811 734 2850 H.
756 2825 820 2862 35,
841 2815 892 2861 48
1004 2812 1141 2865 creta]
1161 2819 1325 2852 acetum
1345 2813 1414 2853 N:
1443 2819 1564 2854 aceto
1584 2813 1671 2852 KP
1807 2827 1853 2863 17
1887 2813 2048 2853 Cerusa

297 2866 402 2906 B1K
595 2879 645 2916 19
675 2865 798 2916 ponis
818 2867 866 2905 K
1053 2882 1108 2907 20
1136 2867 1378 2918 inlinesque
1406 2868 1502 2908 B¹C
1690 2867 1986 2918 adspiraminis
2006 2868 2048 2906 Β

299 2933 347 2959 21
381 2927 520 2960 autem
540 2935 626 2960 om.
650 2921 685 2960 C
819 2935 868 2970 23
899 2923 1132 2962 admixtum
1155 2923 1189 2961 C
1325 2937 1374 2972 24
1406 2923 1496 2962 solo
1516 2922 1572 2962 Β1
1717 2934 1768 2972 25
1799 2923 2046 2963 Calcantum

300 2975 407 3014 BK:
440 2976 562 3015 —tium
586 2977 646 3015 C:
676 2989 757 3016 om.
789 2975 825 3013 T
