2176 3424
1058 144 1329 194 ISIDORI

322 280 525 342 chrysus
558 275 753 325 harenis
784 292 905 325 auro
935 274 1242 324 intermixtus
1279 290 1413 322 nunc
1445 274 1757 335 brattearum,
1797 290 1931 322 nunc
1966 275 2070 336 pul-

264 363 299 410 6
322 359 446 409 veris
485 360 636 408 habet
673 359 952 422 quadrulas.
1033 356 1263 421 Gignitur
1300 356 1350 405 in
1394 355 1606 405 Persida.
1695 357 2069 420 Leucochrysus

323 444 488 491 colore
524 457 675 490 aureo
711 439 1070 490 interveniente
1107 439 1322 489 candida
1357 456 1499 488 vena.
1572 440 1900 503 Melichrysus
1939 438 2071 488 dicta

323 526 460 587 quod
493 525 643 573 veluti
675 540 761 587 per
796 540 970 571 aurum
994 520 1263 587 <sincerum
1289 521 1424 585 mel>,
1452 520 1522 570 sic
1552 523 1676 571 haec
1701 538 1898 585 gemma
1922 531 2072 570 trans-

270 615 297 664 7
323 609 498 655 luceat.
585 606 908 669 Chrysocolla
945 603 1157 668 gignitur
1195 603 1245 652 in
1289 603 1449 662 India,
1495 603 1581 652 ubi
1620 603 1854 652 formicae
1896 612 2072 653 eruunt
2095 611 2117 652 5

323 705 511 737 aurum.
584 687 674 736 Est
706 695 872 735 autem
910 703 1030 735 auro
1073 685 1244 735 similis
1281 694 1330 735 et
1365 686 1516 734 habet
1551 695 1776 734 naturam
1815 688 2070 750 magnetis,

324 770 418 819 nisi
436 772 573 833 quod
589 786 766 832 augere
786 785 959 816 aurum
978 769 1184 817 traditur
1203 786 1215 829 ;
1239 768 1373 816 unde
1393 776 1441 816 et
1458 776 1785 830 nuncupatur.
1825 769 2072 831 Argyrites

271 854 301 900 8
330 851 499 901 similis
525 860 742 915 argento,
763 850 952 899 habens
978 850 1205 914 stigmata
1220 866 1381 898 aurea.
1468 847 1861 915 Androdama<s>
1888 848 2075 913 argenti

325 934 535 982 nitorem
552 933 702 981 habet
719 942 767 982 et
785 949 914 996 pene
932 933 1183 991 adamans,
1206 932 1445 994 quadrata
1466 946 1659 995 semper
1678 930 1886 980 tesseris.
1937 930 2075 994 Magi

326 1024 501 1080 putant
527 1031 712 1064 nomen
754 1014 1025 1078 inpositurn
1067 1014 1131 1062 ab
1175 1030 1235 1062 eo
1274 1014 1409 1076 quod
1450 1012 1728 1062 animorum
1765 1012 1962 1077 inpetus
1999 1014 2076 1062 vel
2100 1025 2148 1054 10

327 1096 604 1147 iracundias
630 1098 834 1146 domare
859 1105 907 1145 et
932 1098 1176 1145 refrenare
1201 1095 1408 1155 dicatur,
1436 1095 1476 1145 si
1510 1095 1770 1145 credimus.
1847 1095 2076 1159 Gignitur

271 1193 307 1241 9
330 1178 380 1230 in
423 1178 545 1227 mari
585 1179 774 1228 Rubro.
850 1177 1087 1228 Chalcitis
1129 1177 1258 1226 aerei
1297 1176 1473 1226 coloris
1512 1186 1598 1227 est.
1687 1177 2076 1240 Chalcophonos

246 1276 305 1310 10
331 1261 466 1325 nigra
483 1270 570 1322 est,
591 1262 679 1311 sed
696 1260 848 1324 lapidi
864 1260 1007 1309 inlisa
1025 1259 1149 1308 aeris
1170 1261 1403 1308 tinnitum
1421 1258 1597 1308 reddit.
1667 1258 1940 1308 Balanites:
1976 1260 2077 1307 duo

328 1360 507 1408 genera
532 1353 660 1404 sunt,
690 1342 963 1392 subvirides
989 1351 1037 1391 et
1057 1343 1345 1392 Corinthiae
1363 1341 1486 1391 aeris
1508 1341 1842 1401 similitudine,
1860 1340 2077 1390 mediam

260 1444 306 1477 11
330 1436 529 1476 secante
566 1428 795 1475 flammea
831 1442 969 1474 vena.
1044 1423 1264 1474 Sideritis
1301 1441 1329 1472 a
1366 1423 1786 1488 contemplatione
1819 1422 1929 1472 ferri
1958 1422 2080 1470 nihil
2104 1436 2151 1478 15

331 1509 568 1558 dissonat.
666 1510 726 1556 In
775 1505 1029 1556 maleficiis
1077 1522 1281 1569 quoquo
1330 1507 1482 1554 modo
1530 1507 1762 1554 inferatur
1809 1504 2080 1554 discordias

253 1609 308 1642 12
334 1591 525 1640 excitat.
609 1592 791 1640 Idaeus
835 1590 1059 1652 dactylus
1100 1605 1158 1637 ex
1196 1587 1355 1637 insula
1393 1588 1540 1638 Creta
1578 1597 1663 1648 est,
1707 1588 1847 1636 ferrei
1886 1586 2077 1636 coloris.

256 1690 310 1737 13
336 1676 500 1725 Causa
524 1672 740 1723 nominis
761 1674 864 1720 eius
885 1670 1001 1734 quia
1020 1670 1253 1734 pollicem
1273 1671 1548 1718 humanum
1569 1669 1808 1734 exprimit.
1881 1668 2082 1718 Aethio-

339 1759 478 1820 picus
504 1755 643 1806 ferrei
670 1754 848 1803 coloris
875 1763 962 1809 est,
989 1753 1072 1815 qui
1100 1754 1220 1801 dum
1257 1752 1438 1812 teritur,
1467 1752 1659 1815 nigrum
1687 1769 1861 1801 sucum
1888 1752 2080 1801 emittit.

256 1854 310 1901 14
336 1839 626 1887 Zmilanthis
674 1836 725 1884 in
766 1836 1019 1898 Euphrate
1067 1835 1208 1882 alveo
1256 1834 1430 1896 legitur
1469 1832 1806 1882 Proconnesio
1854 1832 2085 1881 marmori
2107 1846 2158 1873 20

336 1920 522 1981 similis,
562 1918 730 1968 medio
767 1919 932 1966 colore
968 1917 1162 1980 glauco,
1200 1914 1350 1963 veluti
1387 1913 1518 1963 oculi
1553 1914 1739 1978 pupilla
1776 1914 2081 1963 internitenS.

258 2018 313 2067 15
338 2003 551 2052 Arabica
590 2018 649 2050 ex
690 1999 845 2064 patria
884 1998 1017 2047 dicta
1059 2007 1261 2060 aspectu
1306 1996 1522 2045 eburnea
1564 2007 1651 2045 est.
1744 1995 2084 2059 Hephaestitis

338 2086 524 2148 speculi
567 2092 792 2132 naturam
832 2080 983 2130 habet
1024 2079 1075 2127 in
1116 2078 1383 2129 reddendis
1426 2078 1738 2142 imaginibus,
1782 2094 2084 2140 quamquam

340 2167 518 2216 rutilet.
583 2164 990 2228 Experimentum
1009 2161 1129 2222 eius,
1154 2161 1192 2210 si
1209 2160 1416 2210 ferventi
1436 2177 1565 2223 aqua
1585 2160 1749 2208 statim
1765 2158 1936 2208 addita
1960 2159 2088 2208 refri-

399 2310 415 2334 1
449 2296 716 2335 intermixtos
755 2293 838 2333 B1:
887 2299 949 2332 -to
989 2291 1097 2330 Plin.
1135 2290 1189 2330 N.
1211 2291 1271 2331 H.
1303 2290 1471 2340 37,188
1628 2302 1653 2327 2
1684 2288 1908 2328 Leocrisus
1950 2288 2090 2329 CKT:

343 2351 589 2390 Leocrissus
610 2351 650 2388 Β
842 2362 868 2398 3
896 2348 1138 2386 intervente
1158 2344 1204 2383 K
1337 2343 1577 2384 Melecrisis
1603 2343 1665 2383 T:
1697 2343 1950 2383 Melectrisis
1970 2343 2093 2384 BCK

343 2422 367 2457 4
396 2407 499 2445 sinc.
521 2407 605 2444 mel
628 2405 738 2444 Plin.
759 2403 813 2443 N.
836 2401 895 2442 H.
918 2415 983 2452 37,
1006 2402 1081 2439 128
1100 2417 1107 2440 :
1137 2414 1218 2440 om.
1236 2398 1346 2439 codd.
1371 2401 1564 2452 (propter
1580 2398 1812 2438 homoeotel.
1827 2399 1861 2450 2)
2029 2399 2088 2437 sic

342 2460 484 2500 BCT:
513 2461 573 2499 ita
591 2459 637 2498 K
792 2471 813 2507 7
845 2457 980 2508 quod]
1002 2456 1100 2506 quia
1118 2455 1160 2492 Β
1295 2454 1504 2503 Argaritis
1526 2453 1575 2493 Cl
1731 2454 1757 2491 8
1785 2458 2008 2492 stemmata
2030 2453 2089 2492 C:

344 2518 538 2555 istamata
558 2514 613 2553 Β1
762 2526 811 2551 12
841 2512 1016 2551 Calcitis
1035 2509 1144 2549 BT:
1175 2509 1358 2548 Calcetis
1382 2508 1439 2547 C:
1468 2508 1653 2548 Calcidis
1673 2507 1719 2546 K
1840 2507 2092 2546 Calcofanus

345 2570 458 2610 codd.
713 2581 760 2618 13
791 2568 867 2606 sed
887 2580 969 2607 om.
993 2564 1072 2604 CK
1280 2563 1409 2614 lapidi
1429 2562 1540 2601 BT:
1569 2561 1709 2613 lapide
1733 2562 1794 2601 C:
1822 2562 2029 2612 lapidibus
2049 2561 2095 2599 K

350 2626 460 2665 redit
481 2624 526 2662 K
720 2637 768 2672 14
797 2623 882 2661 -dis
901 2622 945 2660 K
1071 2619 1161 2658 aeri
1181 2618 1227 2656 K
1352 2617 1671 2657 similitudinem
1691 2616 1772 2655 BC
1895 2617 2036 2655 media
2061 2615 2098 2653 T

349 2680 570 2720 Balanitae
593 2708 603 2717 .
629 2708 638 2717 .
665 2709 673 2716 .
695 2676 925 2717 subviridis
955 2680 997 2714 et
1026 2673 1237 2713 Corinthii
1263 2672 1374 2712 aeris
1402 2672 1681 2711 similitudine
1701 2701 1711 2711 .
1738 2703 1746 2711 .
1771 2702 1780 2711 .
1800 2671 1961 2709 medias
1979 2670 2090 2710 Plin.

350 2735 404 2774 N.
426 2734 486 2774 H.
509 2746 574 2783 37,
598 2746 674 2783 149
931 2733 979 2768 16
1009 2729 1214 2767 maleficis
1232 2726 1274 2765 Β
1472 2740 1640 2777 quoque
1660 2724 1741 2764 BC
1938 2737 2020 2765 mo.
2042 2725 2090 2763 si.

351 2790 424 2829 inf.
450 2789 552 2828 disc.
579 2793 756 2837 generat
775 2786 822 2824 K
914 2798 959 2833 17
994 2784 1110 2822 Deus
1131 2782 1177 2820 K
1273 2783 1322 2821 18
1351 2781 1463 2833 eius]
1484 2788 1549 2821 est
1571 2781 1617 2818 K
1710 2784 1729 2828 ξ
1752 2792 1800 2830 13
1822 2783 1957 2830 post§
1983 2791 2030 2827 14
2050 2777 2095 2816 K

353 2847 373 2891 ξ
397 2856 445 2894 14
475 2844 570 2882 hinc
589 2854 717 2892 usque
735 2841 794 2880 ad
799 2841 935 2890 finem
956 2838 1052 2877 libri
1065 2851 1162 2877 raro
1181 2837 1330 2876 citatur
1346 2837 1456 2875 testis
1478 2836 1513 2876 C
1612 2849 1665 2874 20
1694 2833 1988 2874 Zmilannitius
2007 2832 2064 2870 Β1
2084 2847 2093 2872 t

354 2897 631 2938 Zimilanitius
669 2895 740 2935 K:
787 2894 1065 2934 Z*milantius
1109 2892 1170 2930 T:
1215 2890 1465 2930 Zmilantius
1506 2890 1583 2929 CU
1836 2887 2015 2936 elegitur
2051 2886 2098 2925 K

358 2954 477 2993 Proc.
501 2983 511 2992 .
537 2983 547 2992 .
571 2983 581 2992 .
607 2952 762 2990 intem.
786 2963 868 2989 om.
890 2949 936 2987 K
1074 2946 1296 2986 marmoris
1309 2944 1366 2982 Β1
1523 2957 1571 2984 21
1603 2943 1729 2982 velati
1750 2942 1806 2980 B¹
1936 2942 2095 2992 pupula

356 3007 490 3047 Solin.
513 3019 577 3056 37,
597 3019 619 3056 7
815 3017 867 3052 24
898 3003 1022 3053 rutile
1041 3000 1108 3039 B:
1139 3001 1262 3039 rutila
1279 2999 1392 3039 Plin.
1413 2999 1466 3038 N.
1488 2999 1549 3039 H.
1571 3010 1634 3047 37,
1657 2999 1732 3035 166
1897 2995 2010 3047 eius]
2031 3002 2096 3035 est

355 3062 467 3101 Plin.
608 3061 834 3110 refrigeret
860 3057 898 3095 T
