2228 3444
1067 177 1341 227 ISIDORI

118 313 311 352 XXXIV
467 307 550 352 DE
575 320 807 354 EIVSDEM
834 321 1110 356 sPHAERAE
1137 322 1313 357 CVRsv.
1389 310 1606 372 Sphaera
1637 311 1760 361 caeli
1791 313 1857 361 ab
1890 314 2079 362 oriente

322 396 370 436 et
418 387 681 442 occidente
725 391 878 439 semel
920 389 970 437 in
1011 389 1092 438 die
1130 398 1178 439 et
1213 399 1362 440 nocte
1398 391 1599 441 vertitur
1639 393 1810 456 viginti
1848 403 2080 457 quattuor

321 470 553 518 horarum
585 470 771 534 spatiis,
803 471 984 534 quibus
1020 473 1093 519 sol
1125 488 1323 521 cursum
1360 489 1502 521 suurn
1538 491 1684 537 super
1719 485 1867 525 terras
1905 486 1952 525 et
1987 478 2078 525 sub

321 560 472 600 terras
501 569 588 601 sua
615 553 924 602 volubilitate
950 553 1220 602 concludit.

140 641 310 680 XXXV
469 636 552 681 DE
601 649 928 684 CELERITATE
978 650 1143 684 CAELI.
1217 637 1379 684 Tanta
1426 639 1674 687 celeritate
1713 641 1918 702 sphaera
1957 642 2079 690 caeli
2102 660 2122 699 5

330 717 509 767 dicitur
535 734 726 766 currere
759 727 826 778 ut,
854 718 947 766 nisi
981 720 1216 767 adversus
1245 718 1565 782 praecipitem
1600 720 1703 769 eius
1730 738 1927 770 cursum
1953 733 2080 772 astra

330 809 592 859 currerent,
622 800 707 863 qui
733 817 842 848 eam
868 810 1188 862 remorarent,
1213 801 1389 849 mundi
1414 801 1605 852 ruinam
1631 805 1824 853 faceret.

116 884 308 925 XXXVI
468 884 552 930 DE
589 898 694 930 AXE
731 898 899 931 CAELI.
976 884 1094 931 Axis
1128 892 1201 931 est
1234 883 1582 945 septentrionis
1614 885 1743 934 linea
1778 896 1923 948 recta,
1953 904 2080 950 quae

332 981 419 1028 per
455 964 669 1013 mediam
703 964 851 1028 pilam
891 967 1127 1028 sphaerae
1160 967 1351 1021 tendit;
1387 975 1434 1015 et
1468 966 1599 1015 dicta
1635 969 1735 1016 axis
1763 970 1899 1031 quod
1936 969 1987 1016 in
2023 986 2081 1018 ea

331 1048 539 1110 sphaera
563 1056 617 1095 ut
643 1056 748 1095 rota
774 1046 995 1106 volvitur,
1025 1049 1101 1095 vel
1128 1046 1244 1110 quia
1270 1046 1338 1095 ibi
1364 1049 1636 1109 plaustrum
1663 1058 1750 1098 est.
2101 1069 2153 1097 10

89 1140 298 1180 XXXVII
468 1130 552 1176 DE
577 1143 921 1177 CAELESTIBVS
949 1143 1107 1179 POLIS.
1182 1128 1291 1177 Poli
1317 1139 1430 1177 sunt
1456 1129 1639 1191 circuli,
1662 1131 1746 1194 qui
1772 1142 1971 1180 currunt
1997 1150 2082 1196 per

331 1227 488 1259 axem.
564 1213 761 1259 Horum
788 1212 909 1259 alter
935 1221 1007 1259 est
1033 1211 1455 1274 Septentrionalis,
1480 1213 1564 1275 qui
1589 1231 1863 1277 numquam
1882 1215 2081 1277 occidit,

328 1295 702 1357 appellaturque
738 1294 923 1342 Boreus
943 1311 955 1354 3
986 1295 1115 1343 alter
1151 1295 1407 1354 Australis,
1441 1294 1525 1357 qui
1563 1312 1835 1359 numquam
1873 1297 2076 1357 videtur,

329 1385 377 1425 et
413 1375 767 1424 Austronotius
804 1374 983 1423 dicitur
1003 1394 1014 1435 3
1056 1385 1104 1424 et
1141 1375 1260 1424 dicti
1298 1375 1399 1439 poli
1436 1379 1573 1439 quod
1613 1377 1710 1426 sint
1750 1378 1913 1426 axium
1957 1379 2080 1442 cycli

330 1474 388 1507 ex
426 1475 517 1505 usu
554 1459 903 1521 plaustrorum‚
939 1474 967 1505 a
1003 1457 1240 1519 poliendo
1278 1457 1465 1507 scilicet
1502 1458 1742 1508 nominati
1762 1478 1775 1520 3
1811 1462 1899 1508 sed
1935 1462 2078 1523 polus
2098 1478 2152 1517 -15

329 1541 516 1588 Boreus
554 1555 748 1602 semper
795 1540 1001 1598 videtur,
1042 1539 1392 1588 Austronotius
1431 1557 1723 1604 numquam,
1759 1541 1875 1605 quia
1911 1544 2079 1591 dextra

325 1621 448 1670 caeli
474 1623 646 1669 altiora
672 1630 802 1681 sunt,
828 1637 994 1683 pressa
1018 1620 1202 1669 Austri.

70 1709 304 1748 XXXVIII
467 1707 549 1751 DE
587 1718 906 1751 CARDINIBVS
943 1718 1110 1751 CAELI.
1187 1703 1427 1753 Cardines
1476 1704 1599 1754 caeli
1636 1714 1882 1755 extremae
1918 1716 2079 1770 partes

327 1795 441 1834 sunt
467 1785 583 1834 axis.
660 1788 723 1834 Et
743 1787 906 1834 dictae
927 1786 1152 1835 cardines
1169 1803 1243 1846 eo,
1267 1788 1403 1849 quod
1424 1803 1510 1849 per
1535 1804 1619 1836 eos
1645 1787 1845 1837 vertitur
1869 1791 2089 1850 caelum,

327 1869 403 1916 vel
430 1868 545 1930 quia
571 1866 695 1915 sicut
723 1883 807 1915 cor
832 1869 1107 1915 volvuntur.
2105 1888 2156 1916 20

103 1957 303 1998 XXXIX
462 1953 544 1998 DE
570 1964 833 1998 CONVEXIS
859 1965 1026 1999 CAELI.
1100 1949 1336 2000 Convexa
1368 1959 1534 1999 autem
1570 1950 1691 2000 caeli
1727 1960 1942 2000 extrema
1975 1951 2079 2000 eius

326 2041 454 2093 sunt,
483 2050 511 2080 a
537 2031 774 2081 curvitate
799 2033 945 2091 dicta,
975 2042 1027 2080 ut
1054 2040 1127 2080 est
1152 2033 1302 2080 illud:

509 2113 807 2164 Convexum
847 2114 1077 2176 quotiens
1116 2113 1270 2162 cludit
1307 2130 1406 2162 nox
1443 2114 1649 2163 humida
1685 2117 1891 2165 caelum.

326 2197 620 2246 Convexum
647 2194 780 2244 enim
808 2212 1011 2243 curvum
1040 2194 1296 2257 est,.quasi
1330 2212 1622 2245 conversum
1651 2213 1736 2245 seu
1771 2196 2076 2259 inclinatum,

325 2288 373 2327 et
399 2279 449 2325 in
475 2279 682 2326 modum
710 2276 878 2325 circuli
904 2278 1101 2325 flexum.
2105 2298 2153 2337 25

229 2366 310 2406 XL
468 2362 550 2407 DE
600 2374 775 2407 1ANV1s
824 2373 990 2407 CAELI.
1068 2360 1255 2407 Ianuae
1303 2360 1425 2407 caeli
1473 2360 1601 2407 duae
1645 2370 1772 2419 sunt,
1822 2360 1983 2410 oriens
2032 2370 2079 2410 et

328 2457 547 2490 occasus.
624 2444 754 2490 Nam
782 2457 880 2489 una
906 2450 1047 2503 porta
1073 2442 1146 2491 sol
1172 2440 1413 2503 procedit,
1437 2440 1532 2489 alia
1557 2458 1608 2490 se
1633 2441 1819 2506 recipit.

388 2585 405 2610 1
432 2584 493 2611 or.
510 2572 563 2610 ad
583 2571 846 2611 occidentem
865 2570 906 2608 A
1020 2584 1045 2609 2
1074 2576 1116 2610 et
1137 2570 1177 2609 in
1201 2577 1326 2610 nocte
1345 2570 1426 2608 KA
1540 2584 1565 2620 3
1595 2585 1712 2611 suum
1732 2586 1814 2614 om.
1839 2573 1876 2611 T
1953 2587 2082 2625 super

328 2626 486 2664 AKT:
516 2639 643 2676 supra
663 2625 743 2665 BC
851 2630 965 2664 terra
986 2625 1055 2663 K:
1087 2638 1172 2664 -am
1192 2625 1233 2663 A
1364 2626 1509 2665 subter
1531 2626 1566 2665 C
1584 2627 1686 2675 (non
1705 2627 1770 2675 A)
1912 2642 1937 2677 4
1967 2634 2080 2669 terra

330 2681 376 2719 K
390 2696 398 2720 :
432 2694 515 2719 -am
531 2681 573 2718 A
686 2682 712 2719 6
744 2693 912 2719 currere
925 2680 966 2718 A
974 2680 1096 2719 BCK
1109 2679 1192 2720 Col.
1215 2694 1223 2718 :
1255 2680 1367 2719 volbi
1387 2681 1482 2733 (-ui)
1508 2681 1627 2720 TUV
1729 2688 1842 2721 astra
1860 2691 2081 2723 currerent

330 2749 413 2775 om.
438 2736 485 2774 K
499 2735 622 2775 Phill.
650 2737 749 2784 1831
775 2736 877 2784 (non
896 2734 956 2785 A)
1099 2736 1124 2773 8
1152 2734 1261 2774 Axis
1282 2735 1386 2774 caeli
1407 2741 1472 2774 est
1493 2735 1534 2773 A
1648 2737 1763 2775 -onis
1782 2736 1891 2776 AC:
1921 2739 2080 2778 -onalis

333 2790 464 2830 BKT
552 2802 659 2840 quae
680 2803 764 2829 om.
787 2790 828 2828 A
959 2802 1004 2828 11
1036 2803 1116 2840 per
1135 2791 1228 2829 axis
1249 2790 1433 2828 medium
1457 2790 1501 2828 K
1521 2793 1624 2842 (non
1643 2791 1711 2844 A)
1826 2805 1873 2841 14
1902 2798 1945 2831 et
1965 2792 2079 2844 (alt.)

332 2860 418 2886 om.
439 2845 485 2883 K
500 2845 602 2897 (non
623 2843 685 2896 A)
799 2843 893 2883 cicli
913 2843 1064 2883 ABC:
1095 2845 1200 2884 caeli
1222 2846 1328 2897 (ce-)
1350 2844 1438 2883 KT
1548 2859 1595 2896 17
1626 2858 1774 2896 pressa
1794 2860 1876 2886 om.
1893 2846 1940 2884 K
1954 2845 2079 2887 Phill.

340 2902 438 2949 1831
459 2902 560 2954 (non
575 2898 637 2941 A)
755 2900 804 2937 18
832 2905 1044 2938 extremas
1058 2913 1101 2950 p.
1120 2899 1174 2939 C:
1201 2906 1394 2938 extrema
1410 2906 1534 2950 parte
1550 2900 1597 2938 K
1610 2901 1713 2952 (non
1727 2901 1791 2950 A)
1905 2914 1956 2951 19
1980 2901 2080 2941 dicti

335 2955 421 2993 KA
538 2968 592 2994 20
621 2966 696 2992 cor
708 2952 848 2993 BCT:
872 2954 999 2993 cardo
1016 2954 1085 2993 K:
1106 2967 1270 2993 currum
1288 2954 1328 2993 A
1443 2968 1496 2994 22
1526 2956 1636 2994 unde
1654 2961 1718 2993 est
1738 2955 1795 2994 T:
1815 2961 1858 2994 ut
1876 2955 1978 3007 (om.
1996 2957 2079 3007 est)

338 3010 488 3056 C(non
502 3010 565 3059 A)
679 3021 731 3056 24
751 3008 865 3047 enim
886 3022 967 3048 om.
984 3009 1165 3048 Kth'll.
1183 3010 1282 3059 1831
1304 3013 1406 3058 (non
1421 3011 1485 3055 A)
1599 3021 1651 3059 25
1672 3009 1817 3049 circuli
1839 3009 1897 3049 T:
1926 3011 2082 3050 circum

335 3064 506 3103 ABCK
522 3064 648 3103 Phill.
677 3064 776 3113 1831
1009 3065 1063 3102 26
1093 3064 1235 3102 oriens
1259 3064 1394 3116 (hor-)
1415 3063 1493 3103 BC
1497 3063 1535 3102 T
1545 3078 1553 3103 :
1582 3070 1701 3104 ortus
1720 3063 1815 3102 AK
1828 3063 1954 3106 Phill.
1981 3067 2079 3115 1831

337 3132 387 3169 27
419 3119 502 3159 alia
522 3118 714 3159 ABCT:
743 3118 879 3158 altera
899 3117 1086 3163 KPhill.
1110 3119 1208 3168 1831
