2176 3424
1055 136 1326 184 ISIDORI

322 274 368 312 et
391 266 647 324 medidies,
670 282 798 328 quae
823 283 957 314 nunc
975 267 1205 316 meridies
1224 268 1416 317 dicitur.
1479 273 1629 318 Hanc
1647 271 1872 320 arborem
1890 273 2066 321 Graeci

318 346 500 409 δάφνην
531 356 724 406 vocant,
762 349 899 410 quod
930 364 1202 411 numquam
1229 350 1447 413 deponat
1473 350 1800 414 viriditatem3
1837 352 1954 402 inde
1986 353 2068 402 illa

318 428 482 492 potius
524 428 733 478 victores
773 439 1084 480 coronantur.
1173 432 1288 480 Sola
1330 449 1530 495 quoque
1571 435 1693 483 haec
1734 435 1879 483 arbor
1919 436 2067 498 vulgo

263 519 293 565 3
317 510 566 559 fulminari
591 510 796 560 minime
825 511 1054 561 creditur.
1128 515 1319 561 Malum
1345 531 1374 562 a
1399 514 1600 564 Graecis
1630 515 1818 564 dictum
1844 518 1981 579 quod
2007 518 2068 565 sit

316 594 503 642 fructus
534 592 638 642 eius
678 610 943 657 pomorum
981 596 1205 643 omnium
1242 596 1652 646 rotundissimus:
1689 599 1824 646 unde
1860 606 1908 646 et
1944 599 2067 646 haec
2091 609 2113 648 5

317 684 430 722 sunt
453 691 566 723 vera
592 676 719 723 mala
746 692 873 738 quae
898 678 1217 726 vehementer
1242 679 1454 727 rotunda
1479 688 1604 727 sunt.
1683 680 1820 727 Mala
1846 679 2068 727 Matiana

315 773 344 803 a
374 757 486 803 loco
515 765 691 804 vocata
720 757 853 805 unde
884 756 1016 820 prius
1047 759 1253 806 advecta
1287 769 1414 808 sunt.
1490 761 1620 808 Nam
1654 762 1838 808 multae
1869 759 2068 809 arbores

316 837 521 886 nomina
562 854 620 887 ex
653 838 916 901 provinciis
955 841 1031 888 vel
1065 839 1358 902 civitatibus,
1395 843 1458 890 de
1497 842 1676 904 quibus
1713 843 1906 892 adlatae
1939 851 2066 902 sunt,

317 929 627 983 acceperunt.
717 920 960 983 Vergilius
1003 920 1131 986 (Ecl.
1156 940 1197 985 3,
1223 922 1307 987 64)
1350 923 1632 972 amantibus
1675 923 1795 987 quid
1838 941 1896 972 ex
1938 925 2070 972 malo

261 1010 294 1056 4
317 1000 486 1064 quaeri
505 1003 660 1050 soleat
681 1003 911 1050 ostendit.
971 1005 1108 1051 Mala
1129 1004 1357 1067 Cydonia
1376 1021 1559 1053 nomen
1579 1005 1785 1069 sumpsit
1800 1005 1864 1054 ab
1885 1004 2070 1069 oppido
2095 1014 2146 1043 10

318 1083 401 1146 qui
437 1093 510 1131 est
539 1083 590 1131 in
620 1083 780 1131 insula
816 1085 998 1144 Creta3
1034 1086 1097 1133 de
1136 1102 1233 1148 qua
1269 1086 1446 1136 Graeci
1483 1087 1646 1136 dicere
1679 1089 1839 1136 solent
1874 1086 2070 1135 urbium

319 1164 633 1214 Cretensium
661 1174 867 1214 matrem
891 1166 1169 1228 Cydoniam
1190 1185 1202 1227 3
1227 1183 1285 1215 ex
1310 1167 1449 1216 cuius
1474 1184 1626 1231 pomo
1646 1168 1934 1232 cydonitum
1958 1185 2072 1217 con-

319 1246 492 1296 ficitur.
567 1246 644 1295 Fit
670 1263 871 1310 quoque
897 1264 956 1295 ex
981 1264 1038 1295 ea
1064 1257 1111 1296 et
1137 1248 1305 1297 vinum
1339 1266 1440 1312 quo
1466 1252 1803 1314 languentium
1830 1250 2073 1299 desideria

319 1330 581 1376 falluntur:
620 1346 734 1377 nam
767 1328 932 1391 specie
963 1339 1011 1377 et
1035 1339 1180 1392 gustu
1212 1340 1261 1380 et
1291 1333 1444 1381 odore
1476 1333 1737 1381 cuiuslibet
1766 1332 1864 1380 vini
1895 1331 2070 1380 veteris

265 1420 295 1468 5
320 1410 585 1474 imaginem
626 1420 969 1475 repraesentat.
1061 1414 1406 1462 Malomellum
1443 1431 1472 1462 a
1507 1415 1772 1463 dulcedine
1811 1415 2070 1478 appellata,
2098 1421 2147 1461 15

319 1495 457 1556 quod
488 1496 673 1541 fructus
714 1494 818 1541 eius
864 1493 1021 1542 mellis
1055 1510 1280 1557 saporem
1319 1496 1512 1556 habeat,
1553 1499 1627 1545 vel
1666 1498 1800 1559 quod
1840 1496 1888 1544 in
1926 1497 2071 1544 melle

321 1585 537 1624 servetur
556 1594 568 1636 3
603 1577 738 1624 unde
764 1585 811 1624 et
837 1575 1041 1638 quidam
1069 1577 1237 1639 (Mart.
1265 1594 1336 1639 13,
1360 1578 1441 1642 24)
1463 1597 1471 1626 ε

524 1657 572 1706 Si
611 1657 700 1706 tibi
739 1657 984 1721 Cecropio
1022 1667 1234 1707 saturata
1272 1659 1499 1722 Cydonia
1536 1661 1679 1709 melle

658 1749 919 1802 ponentur,
960 1739 1128 1789 dicas:
1169 1743 1313 1790 Haec
1351 1741 1598 1790 melimela
1634 1744 1843 1805 placent.

260 1832 294 1878 6
323 1824 515 1870 Malum
544 1821 788 1870 Punicum
815 1821 914 1870 dici
939 1838 999 1870 eo
1020 1823 1156 1884 quod
1183 1839 1241 1870 ex
1267 1825 1457 1871 Punica
1482 1825 1678 1886 regione
1704 1825 1764 1872 sit
1787 1840 1943 1887 genus
1968 1823 2071 1872 eius
2099 1842 2150 1869 20

321 1907 623 1953 translatum.
715 1905 858 1952 Idem
903 1913 950 1952 et
990 1906 1395 1966 malogranatum,
1438 1921 1498 1952 eo
1540 1906 1676 1967 quod
1719 1905 1844 1952 intra
1880 1903 2073 1952 corticis

320 1986 673 2036 rotunditatem
699 2002 962 2050 granorum
989 1985 1240 2034 contineat
1266 1986 1650 2035 multitudinem.
1724 1987 1885 2035 Arbor
1908 1995 2072 2034 autem

323 2071 685 2131 malusgranata
727 2076 799 2116 est
847 2051 1049 2130 generis.
1087 2067 1309 2116 feminini
1330 2086 1342 2127 3
1396 2085 1599 2131 pomum
1649 2084 1763 2116 vero
1802 2070 1959 2116 neutri
2004 2078 2075 2116 est

320 2150 527 2215 generis.
617 2151 786 2199 Flores
836 2151 1077 2198 malorum
1122 2166 1151 2197 a
1193 2151 1396 2199 Graecis
1442 2149 1675 2212 appellati
1714 2159 1828 2198 sunt
1870 2152 2046 2200 κύτινος
2063 2168 2076 2210 3

324 2232 487 2281 Latini
526 2233 773 2280 caducum
814 2240 1008 2279 vocant.
1096 2230 1376 2294 Agrestium
1425 2240 1592 2279 autem
1642 2233 1884 2279 malorum
1933 2233 2076 2279 flores
2101 2249 2152 2290 25

323 2313 500 2364 Graeci
525 2315 823 2377 βαλαύστιον
853 2314 1224 2376 appellaverunt
1246 2331 1258 2372 3
1295 2328 1505 2374 quorum
1539 2312 1620 2360 alii
1651 2312 1763 2372 albi,
1790 2312 1870 2361 alii
1900 2329 2075 2376 purpu-

323 2396 404 2456 rei,
433 2395 514 2444 alii
540 2395 667 2444 rosei
693 2396 1003 2458 reperiuntur
1029 2393 1214 2443 similes
1250 2393 1454 2442 floribus
1479 2394 1593 2442 mali
1620 2394 1807 2447 Punici.
1882 2396 2078 2457 Negant

325 2477 506 2526 medici
536 2476 651 2525 mali
684 2476 859 2525 Punici
889 2475 1002 2524 cibo
1027 2492 1234 2538 corpora
1263 2484 1430 2523 nostra
1464 2477 1648 2536 nutriri,
1677 2477 1763 2524 sed
1797 2492 1858 2525 eo
1884 2475 1952 2524 sic
1979 2475 2078 2537 opi-

385 2619 402 2644 1
437 2612 479 2644 et
500 2605 670 2644 medius
689 2617 796 2653 quae
819 2603 860 2640 D
999 2615 1128 2652 grece
1149 2602 1192 2640 D
1355 2604 1381 2639 6
1411 2602 1619 2640 vehenter
1638 2602 1682 2639 D
1818 2602 2012 2640 madiana
2035 2599 2079 2637 D

328 2676 348 2711 7
379 2666 573 2700 vocatum
595 2674 619 2698 a
641 2659 667 2698 l.
697 2658 751 2697 T1
771 2674 779 2698 :
810 2672 834 2698 a
854 2659 879 2697 1.
902 2664 1098 2696 vocatum
1120 2657 1163 2695 D
1299 2657 1522 2695 advectum
1543 2663 1611 2696 est
1630 2655 1718 2695 DT
1915 2658 1939 2694 8
1967 2655 2034 2693 vel
2055 2668 2079 2693 a

327 2716 406 2755 civ.
435 2715 472 2753 T
629 2726 656 2763 9
687 2713 927 2752 amantibus
949 2725 1028 2750 om.
1055 2711 1100 2749 K
1221 2711 1291 2760 qui
1313 2710 1424 2750 DT:
1453 2712 1566 2760 quod
1588 2711 1634 2748 K
1814 2723 1857 2748 11
1890 2722 2016 2760 grece
2039 2708 2080 2747 D
2169 2747 2176 2749 .

274 2804 278 2807 ’
332 2783 381 2820 ¹³
411 2768 828 2862 qP⁰lbquj²>¹¹-‘¹⁰·{·<J<
874 2781 922 2817 ¹⁴
954 2764 1310 2859 ⁰¹¹³1¹i¹²et0ssffitur
1329 2766 1672 2859 5<⁵T3¹²5523525¹¹¹¹¹
1700 2764 1737 2802 T
1769 2763 2086 2858 mglgmngffgig
2164 2790 2168 2794 ·

331 2826 385 2918 ἐξ
414 2830 666 2932 ἓξ]ῂεῒ101ἐ
690 2835 724 2862 Sl
750 2836 761 2860 l
857 2890 904 2915 21
938 2834 1507 2926 malo9g.{’malurngranat11m
1527 2875 1574 2913 K
1598 2851 1605 2859 ·
1741 2872 1873 2926 intra]
1895 2878 2016 2911 extra
2037 2873 2081 2911 D

334 2947 387 2983 23
417 2940 482 2974 est
502 2946 640 2983 genus
662 2932 759 2971 fem.
784 2931 826 2968 D
936 2937 1001 2969 est
1022 2929 1194 2980 generis
1218 2943 1301 2969 om.
1324 2930 1369 2967 K
1505 2942 1555 2979 24
1585 2927 1799 2979 appellata
1818 2927 1862 2966 D
1971 2927 2079 2979 nvn]

332 2989 520 3039 quitinus
541 2988 606 3028 K:
641 2987 827 3036 quitinas
847 2984 938 3023 DT
1094 2986 1148 3022 26
1176 2996 1302 3033 grece
1324 2983 1367 3022 D
1477 2983 1688 3033 appellant
1708 2983 1754 3020 K
1925 2982 1978 3020 28
2006 2995 2080 3020 eos

329 3048 376 3082 ut
394 3044 474 3082 vid.
503 3042 554 3081 T¹
