2228 3444
1091 162 1363 210 ISIDORI

346 291 554 354 septima
604 291 914 352 necessitate,
955 300 1129 341 octava
1166 291 1494 341 concursione
1531 292 1855 342 fortuitorum.
1944 295 2099 342 Testi-

346 373 571 422 monium
614 390 766 422 omne
809 383 896 434 est,
937 377 1074 437 quod
1117 375 1180 423 ab
1223 377 1389 438 aliqua
1426 384 1626 425 externa
1676 393 1727 425 re
1778 374 1985 424 sumitur
2035 376 2099 423 ad

347 456 627 505 faciendam
662 457 830 505 fidem.
904 459 1122 506 Persona
1157 474 1259 506 non
1294 457 1671 522 qualiscumque
1704 468 1777 507 est
1810 475 1937 522 quae
1969 459 2101 506 testi-

349 536 502 584 monii
529 539 727 599 pondus
753 539 904 588 habet
928 540 993 587 ad
1020 540 1299 588 faciendam
1326 541 1491 600 fidem,
1521 542 1609 590 sed
1637 557 1828 590 morum
1855 541 2101 604 probitate

266 622 325 669 16
348 619 499 667 debet
542 636 649 668 esse
688 620 967 670 laudabilis.
1041 623 1259 670 Naturae
1300 622 1566 671 auctoritas
1607 633 1682 673 est
1722 639 1850 687 quae
1889 622 2100 671 maxime

349 702 525 751 virtute
551 702 789 752 consistit.
841 704 1152 754 Testimonia
1173 706 1328 753 multa
1353 715 1467 754 sunt
1493 723 1620 769 quae
1646 708 1872 755 adferant
1895 703 2101 754 auctori-

348 792 522 834 tatem:
550 784 600 833 id
621 795 707 845 est,
730 787 998 850 ingenium,
1019 803 1153 850 opes,
1173 795 1321 846 aetas,
1340 788 1549 848 fortuna,
1569 805 1660 848 ars,
1681 805 1812 849 usus,
1834 786 2101 836 necessitas

349 875 396 914 et
433 867 694 915 concursio
721 885 882 916 rerum
915 869 1240 917 fortuitarum.
1314 871 1359 917 A
1398 869 1542 917 dictis
1579 871 1821 933 factisque
1858 868 2100 917 maiorum

349 950 531 1011 petitur
570 951 707 1008 fides,
737 966 851 999 curn
890 950 1164 1014 priscorum
1203 950 1336 1000 dicta
1374 953 1604 1015 factaque
1630 960 1981 1002 memorantur.
2055 952 2100 997 A

351 1031 609 1080 tormentis
626 1033 750 1081 fides
771 1032 1048 1095 praebetur,
1072 1042 1184 1096 post
1206 1050 1332 1097 quae
1352 1050 1501 1083 nemo
1518 1034 1731 1084 creditur
1746 1036 1871 1084 velle
1891 1034 2099 1083 mentiri.

275 1118 327 1167 17
354 1116 428 1162 Ea
454 1129 569 1162 vero
591 1130 718 1177 quae
744 1123 1013 1163 tractantur
1041 1117 1089 1163 in
1116 1124 1352 1178 tempore,
1377 1115 1491 1179 quia
1517 1118 1616 1165 suis
1642 1116 1929 1165 nominibus
1956 1118 2102 1179 plana

353 1205 480 1255 sunt,
510 1197 854 1246 definitionem
889 1214 991 1245 non
1026 1196 1263 1260 indigent.
1339 1198 1614 1248 Memoriae
1651 1215 1852 1262 quoque
1889 1199 2104 1247 conden-

353 1279 473 1326 dum
514 1287 587 1326 est
626 1278 817 1341 Topica
860 1278 1156 1339 oratoribus,
1193 1279 1493 1338 Dialecticis‚
1534 1280 1693 1344 poetis
1733 1290 1780 1329 et
1820 1279 2104 1344 iurisperitis

353 1359 684 1409 communiter
709 1359 913 1423 quidem
939 1371 1230 1424 argumenta
1263 1371 1509 1426 praestare
1528 1381 1540 1423 3
1579 1364 1665 1412 sed
1691 1364 1893 1425 quando
1917 1362 2105 1425 aliquid

354 1443 628 1507 specialiter
665 1443 892 1507 probant,
920 1445 985 1494 ad
1021 1446 1281 1503 Rhetores‚
1311 1454 1496 1508 poetas,
1528 1444 1928 1508 iurisperitosque
1964 1445 2106 1507 perti·
2158 1462 2175 1500 „-

353 1535 496 1586 nent3
528 1526 732 1589 quando
749 1543 864 1574 vero
881 1527 1170 1589 generaliter
1187 1527 1455 1590 disputant,
1474 1529 1538 1576 ad
1559 1529 1882 1591 philosophos
1899 1529 2106 1576 attinere

274 1610 328 1658 18
355 1609 670 1657 manifestum
693 1618 779 1656 est.
844 1608 1076 1658 Mirabile
1102 1611 1248 1672 plane
1273 1626 1429 1673 genus
1449 1609 1624 1673 operis,
1644 1609 1694 1657 in
1714 1626 1869 1658 unum
1887 1609 2106 1673 potuisse

176 2106 325 2144 XXXI

356 1690 532 1753 colligi,
555 1689 802 1753 quidquid
825 1691 1073 1739 mobilitas
1098 1707 1156 1739 ac
1176 1690 1382 1740 varietas
1403 1693 1652 1740 humanae
1678 1691 1855 1741 mentis
1882 1693 1933 1739 in
1959 1692 2108 1740 sensi-

354 1773 446 1821 bus
468 1772 783 1836 exquirendis
804 1789 890 1835 per
916 1772 1132 1822 diversas
1153 1789 1325 1821 causas
1346 1782 1538 1836 poterat
1563 1773 1795 1832 invenire,
1814 1775 2105 1823 conclusum

354 1856 564 1904 liberum
614 1872 672 1904 ac
726 1854 1055 1903 voluntarium
1107 1854 1429 1904 intellectum.
1517 1858 1647 1904 Nam
1699 1872 2018 1919 quocumque
2056 1873 2107 1905 se

355 1943 563 1998 verterit,
592 1954 934 2001 quascumque
968 1938 1292 2000 cogitationes
1324 1939 1586 1998 intraverit,
1617 1939 1665 1985 in
1692 1937 1880 2000 aliquid
1918 1954 2104 1997 eorum,

357 2036 484 2082 quae
509 2018 761 2082 praedicta
786 2028 913 2079 sunt,
942 2035 1146 2068 necesse
1172 2028 1245 2067 est
1271 2021 1415 2068 cadat
1442 2019 1709 2083 ingenium.

425 2103 509 2149 DE
562 2115 840 2150 OPPOSITIS.
915 2101 1289 2151 Contrariorum
1327 2118 1506 2165 genera
1544 2110 1778 2164 quattuor
1813 2110 1940 2160 sunt,
1980 2117 2107 2164 quae

357 2183 647 2232 Aristoteles
674 2185 977 2247 ἀντικείμενα,
1006 2186 1055 2234 id
1082 2192 1155 2233 est
1181 2185 1411 2247 opposita
1436 2193 1594 2244 vocat,
1624 2193 1822 2247 propter
1852 2185 1987 2246 quod
2014 2183 2107 2232 sibi

356 2267 487 2314 velut
523 2281 581 2313 ex
615 2266 822 2314 adverso
860 2265 1088 2314 videntur
1121 2264 1376 2324 obsistere,
1412 2275 1463 2314 ut
1501 2264 1773 2326 contraria3
1811 2281 1904 2314 nec
1941 2274 2106 2314 tamen
2163 2287 2176 2296 -

357 2348 525 2397 omnia
551 2364 679 2410 quae
710 2357 1032 2410 opponuntur
1065 2348 1156 2396 sibi
1191 2346 1433 2396 contraria
1467 2356 1594 2408 sunt,
1629 2348 1716 2396 sed
1749 2348 1917 2395 omnia
1940 2364 1970 2395 a
1994 2363 2107 2395 con·

357 2430 501 2480 trario
539 2429 769 2494 opposita
806 2440 936 2479 sunt.
1011 2430 1231 2478 Primum
1266 2447 1421 2493 genus
1459 2439 1531 2478 est
1564 2431 1932 2488 contrariorum,
1970 2431 2106 2493 quod

357 2515 488 2562 iuxta
527 2513 822 2563 Ciceronem
857 2512 1106 2561 diversum
1138 2521 1352 2573 vocatur,
1382 2529 1470 2576 pro
1501 2528 1560 2561 eo
1597 2513 1734 2574 quod
1766 2521 1957 2560 tanturn
1995 2528 2109 2560 con-

418 2655 434 2680 1
469 2640 664 2679 concursi
685 2639 760 2679 M:
791 2639 1016 2678 concursio
1037 2638 1160 2677 BCK
1243 2652 1266 2676 2
1297 2638 1372 2690 ab]
1397 2651 1450 2676 ex
1472 2637 1570 2676 KM
1589 2638 1691 2689 (non
1707 2636 1772 2686 A)
1867 2649 1892 2686 3
1923 2650 2108 2687 persona

359 2728 369 2738 .
389 2727 397 2736 .
415 2727 423 2736 .
444 2727 453 2737 .
471 2696 523 2733 ad
540 2695 618 2735 fac.
640 2695 709 2734 fid.
729 2708 812 2734 om.
830 2694 910 2733 KL
929 2696 1030 2746 (non
1048 2694 1116 2745 M)
1230 2705 1254 2743 5
1278 2693 1439 2732 Natura
1454 2693 1535 2731 KL
1647 2697 1711 2731 est
1731 2691 1858 2744 quae]
1877 2705 1987 2741 quae
2009 2701 2107 2733 sunt

360 2753 399 2790 Β
483 2750 668 2788 maxima
686 2748 800 2788 CKL
813 2749 849 2786 T
951 2752 978 2787 6
998 2748 1202 2788 consistat
1220 2747 1270 2788 C¹
1387 2761 1436 2786 10
1454 2761 1562 2797 quae
1576 2748 1699 2786 homo
1714 2747 1754 2784 A
1775 2760 1784 2785 ε
1806 2747 2011 2785 honorem
2025 2747 2105 2786 KL

359 2806 514 2845 dicitur
525 2803 607 2842 KL
626 2806 728 2855 (non
744 2804 804 2854 A)
911 2803 978 2842 vel
996 2817 1049 2842 rn.
1062 2802 1144 2842 KL
1159 2804 1262 2854 (non
1275 2802 1336 2853 A)
1358 2816 1366 2840 :
1397 2815 1492 2841 esse
1510 2816 1563 2842 rn.
1587 2802 1624 2840 T
1734 2815 1749 2840 1
1761 2814 1778 2840 1
1809 2814 1911 2839 vero
1927 2815 2010 2842 om.
2025 2801 2106 2839 ΚΖ,

359 2865 544 2900 tractant
564 2858 606 2897 A
739 2872 847 2908 quae
867 2860 956 2897 suis
977 2858 1018 2895 A
1037 2872 1045 2897 :
1075 2858 1229 2908 quibus
1248 2858 1312 2896 vis
1333 2856 1416 2894 KL
1575 2870 1622 2906 14
1653 2862 1694 2895 et
1716 2856 1885 2906 quando
1907 2856 2034 2906 aliqui
2059 2855 2108 2894 Cl

365 2928 412 2964 15
444 2919 633 2954 rectores
659 2914 696 2952 T
805 2915 854 2951 16
875 2913 1147 2963 disputantur
1163 2912 1209 2950 K
1320 2923 1369 2960 19
1398 2916 1596 2961 poterant
1619 2912 1656 2950 T
1737 2910 1980 2950 conclusum
1997 2910 2078 2949 KL
2098 2925 2107 2950 :

362 2969 578 3009 conclusio
599 2967 722 3008 BCT
848 2981 895 3005 21
929 2968 1132 3007 averterit
1157 2966 1195 3005 T
1288 2966 1538 3005 intr'ax'rerint
1559 2966 1604 3004 K
1711 2978 1763 3015 23
1792 2971 1890 3004 sunt
1910 2971 2109 3014 quattuor

369 3025 406 3063 T
522 3037 572 3073 24
598 3022 830 3073 composita
847 3022 927 3060 KL
946 3025 1084 3075 (-np-)
1211 3033 1263 3070 25
1284 3020 1473 3059 existere
1492 3019 1570 3058 KL
1588 3020 1724 3072 (exs-)
1837 3020 1889 3057 28
1909 3020 2106 3058 diversim

359 3079 441 3117 KL
553 3078 633 3116 sibi
655 3076 866 3116 contrarie
893 3077 930 3115 T

2124 638 2145 679 5

2128 1045 2178 1074 10

2131 1875 2183 1903 20
