2228 3444
1065 85 1336 134 ISIDORI

327 221 515 250 currens
541 207 715 263 possim
741 208 843 250 alvo
866 208 1102 261 ecclesiae,
1136 209 1449 252 membrorum
1482 209 1654 252 scilicet
1685 209 1835 261 iudici,
1860 209 2079 253 obedien·

325 280 418 323 tiae
450 279 661 323 discursu
688 294 863 336 parere,
889 294 974 323 nec
1005 279 1281 336 principatui
1313 280 1478 337 capitis
1508 280 1754 337 imperanti
1783 282 2080 338 obsequendo

324 353 520 408 placere.
585 352 707 408 Quin
730 352 814 396 etsi
838 352 897 396 de
919 353 1311 397 inhonestioribus
1329 353 1550 398 membris
1568 368 1641 397 me
1655 368 1758 398 esse
1776 354 1935 409 sciam,
1955 355 2078 398 suffi-

323 426 415 469 ciat
437 426 559 484 quia,
585 440 702 483 quae
727 425 810 482 [te]
840 435 1022 470 constat
1045 442 1072 470 a
1095 427 1245 484 capite
1274 427 1554 484 percepisse,
1578 442 1658 484 per
1686 442 1760 471 me
1789 436 1857 472 est
1888 427 2076 484 dignum

322 512 525 553 egerere,
548 513 633 542 nec
656 506 701 542 te
723 513 797 542 me
820 513 913 542 non
938 513 1076 555 egere
1099 499 1310 556 quamvis
1328 499 1586 555 minimum,
1606 500 1776 544 Christi
1799 508 1956 544 tamen
1974 515 2076 544 san-

321 571 461 627 guine
491 572 761 618 redemtum.
827 574 953 616 Nam
988 575 1102 616 ‘nec
1135 573 1247 616 dicit
1280 582 1418 631 caput
1450 574 1659 631 pedibus,
1692 588 1787 617 non
1821 574 1932 618 estis
1965 574 2076 618 mihi

321 645 600 699 necessarii,’
621 644 842 702 quoniam
859 646 1002 703 ‘quae
1019 646 1232 690 videntur
1246 648 1456 691 membra
1475 646 1940 704 corporisinfirmiora
1956 662 2073 704 esse,

319 719 634 762 necessariora
666 727 787 774 sunt,
823 727 867 763 et
900 734 1018 777 quae
1050 728 1271 777 putantur
1303 720 1576 776 ignobiliora
1609 735 1725 775 esse,
1749 720 1819 764 his
1853 721 2074 765 honorem

320 791 709 835 abundantiorem
729 790 1083 845 circumdamus,
1109 801 1153 837 et
1178 808 1296 850 quae
1316 794 1629 838 inhonestiora
1645 802 1749 838 sunt
1764 801 1922 838 nostra
1937 794 2074 837 maio-

317 878 414 906 rem
439 864 732 908 honestatem
755 865 958 909 habent.’
1023 867 1100 910 Sic
1122 866 1274 923 itaque
1297 875 1477 911 creator
1506 875 1662 911 noster
1693 881 1747 911 ac
1779 866 2073 924 dispensator

319 946 485 980 cuncta
508 938 784 992 moderatur,
810 946 874 994 ut,
899 953 1040 995 quum
1064 941 1108 983 in
1134 943 1278 984 altero
1309 941 1438 984 alteri
1468 942 1592 984 dona
1615 940 1787 995 divina,
1811 955 1929 998 quae
1954 940 1997 984 in
2022 955 2071 984 se

317 1025 407 1053 non
447 1010 653 1067 percipit,
693 1011 975 1067 possidenda
1013 1013 1287 1066 tribuuntur,
1323 1013 1489 1057 caritas
1527 1014 1793 1057 cumuletur.
1859 1014 2071 1071 Denique

317 1092 426 1126 tunc
449 1084 567 1127 bene
589 1084 884 1128 multiformis
906 1085 1053 1140 gratia
1077 1086 1386 1141 dispensatur,
1410 1087 1597 1143 quando
1630 1094 1871 1144 acceptum
1894 1086 2068 1130 donum

316 1165 362 1199 et
385 1156 497 1211 eius,
522 1157 597 1213 qui
622 1157 710 1200 hoc
733 1171 826 1200 non
848 1159 1005 1213 habet,
1032 1159 1245 1214 creditur,
1269 1161 1455 1216 quando
1478 1168 1662 1217 propter
1682 1175 1802 1213 eum,
1818 1160 1887 1203 cui
1907 1159 2068 1216 inpen—

315 1228 453 1283 ditur,
478 1230 635 1273 datum
661 1238 859 1286 putatur.
915 1233 1020 1274 Hoc
1038 1232 1249 1287 Apostoli
1275 1232 1525 1290 capitulum
1541 1249 1568 1276 a
1586 1233 1719 1277 nobis
1736 1233 1780 1276 in
1801 1240 1930 1290 parte
1946 1247 2070 1289 prae·

315 1302 523 1356 missum,
541 1303 716 1346 obtime
735 1304 862 1348 novit
878 1305 1125 1360 prudentia
1143 1306 1404 1350 sanctitatis
1420 1315 1600 1350 vestrae
1618 1306 1723 1350 huic
1738 1305 1800 1350 rei
1815 1321 2067 1363 congruere

312 1384 474 1421 totum.
538 1378 598 1420 Et
622 1377 849 1434 quidquid
875 1378 1140 1422 summatim
1166 1379 1326 1434 tetigit,
1342 1394 1397 1423 ea
1419 1381 1579 1436 procul
1597 1380 1737 1423 dubio
1753 1394 1889 1423 nosse
1904 1379 2066 1423 melius

312 1449 423 1493 latet
446 1451 637 1493 nullum.
703 1452 865 1508 Itaque
890 1452 975 1494 hoc
1000 1453 1150 1495 solum
1167 1462 1390 1509 superest,
1405 1454 1530 1510 quod
1547 1462 1591 1497 et
1609 1467 1777 1509 magno
1791 1467 1929 1510 opere
1944 1461 2064 1510 peto,

311 1531 358 1566 ut
382 1531 592 1580 praestes
615 1525 860 1580 postulata,
885 1532 928 1567 et
953 1524 989 1568 si
1013 1539 1105 1568 non
1130 1539 1212 1582 pro
1237 1540 1322 1582 ine,
1347 1526 1498 1570 saltim
1521 1541 1604 1583 pro
1627 1525 1728 1583 ipsa
1745 1526 1935 1570 caritate
1953 1524 2063 1570 divi-

310 1597 433 1641 nitus
452 1597 686 1653 inpertita,
705 1612 787 1654 pro
809 1612 900 1654 qua
924 1597 1134 1641 iubemur
1155 1606 1199 1642 et
1222 1614 1359 1643 nosse
1383 1608 1426 1644 et
1449 1607 1683 1656 praestare
1705 1601 1874 1655 omnia,
1893 1607 1939 1644 et
1963 1600 2062 1644 sine

311 1684 403 1727 qua
424 1671 540 1713 nihil
564 1679 670 1714 sunt
694 1669 866 1714 omnia.
933 1671 1026 1715 Sed
1050 1680 1094 1715 et
1112 1673 1148 1715 si
1169 1686 1259 1729 qua
1283 1674 1528 1728 superflua,
1544 1674 1580 1717 si
1604 1688 1695 1731 qua
1709 1674 2008 1730 negligenter,
2026 1673 2062 1716 si

310 1758 402 1801 qua
427 1744 579 1787 minus
613 1743 847 1788 humiliter
877 1753 953 1788 aut
988 1744 1205 1789 inutiliter
1233 1746 1385 1802 potius
1416 1747 1557 1790 effudi
1591 1761 1729 1804 quam
1757 1746 1861 1802 dixi,
1896 1755 2062 1791 cuncta

309 1831 480 1873 quaeso
502 1817 700 1872 benigne
732 1817 968 1874 suscipias,
993 1826 1161 1862 cuncta
1195 1819 1425 1875 ignoscas,
1450 1828 1615 1863 cuncta
1637 1835 1735 1864 ores
1759 1828 1807 1864 ut
1840 1821 1969 1864 Deus
1993 1820 2060 1877 ig-

308 1899 483 1935 noscat.
550 1893 674 1946 Ergo
697 1899 741 1935 et
759 1892 847 1935 hoc
871 1900 1079 1947 notesco,
1103 1892 1244 1936 libros
1269 1893 1681 1950 Etymologiarum,
1705 1908 1820 1950 quos
1844 1908 1872 1937 a
1894 1902 1952 1946 te,
1978 1894 2059 1938 do-

309 1963 434 2007 mino
457 1978 575 2018 meo,
598 1978 756 2020 posco,
773 1964 859 2008 etsi
876 1964 1174 2010 detruncatos
1191 1979 1504 2023 conrososque
1519 1966 1609 2009 iam
1630 1964 1695 2022 [a]
1714 1966 1869 2010 multis
1884 1967 2059 2011 haberi.

310 2037 425 2080 Inde
451 2051 562 2093 rogo
586 2045 634 2081 ut
662 2052 742 2082 eos
769 2037 881 2081 mihi
907 2038 1226 2095 transcriptos,
1250 2038 1464 2094 integros,
1487 2040 1758 2083 emendatos
1782 2047 1828 2082 et
1849 2040 1967 2083 bene
1989 2054 2060 2083 co-

306 2118 489 2166 aptatos
508 2110 764 2166 dignemini
788 2111 981 2166 mittere,
1006 2125 1079 2166 ne,
1102 2119 1264 2168 raptus
1295 2111 1515 2156 aviditate
1538 2112 1583 2156 in
1614 2126 1894 2169 perversum,
1919 2126 2059 2169 cogar

307 2183 415 2227 vitia
437 2198 521 2239 pro
544 2183 787 2228 virtutibus
813 2185 871 2227 ab
895 2185 998 2228 aliis
1022 2185 1202 2229 mereri.
1267 2187 1369 2241 Ego
1392 2194 1547 2230 autem
1574 2193 1698 2241 opto,
1722 2185 1934 2242 quamvis
1955 2187 2057 2230 nul-

305 2255 394 2300 lius
416 2271 555 2312 egeas
577 2266 621 2301 et
645 2258 886 2302 ultroneae
909 2258 1119 2302 dicantur
1137 2267 1295 2315 putere
1313 2259 1567 2313 mercedes,
1587 2267 1633 2302 ut
1652 2258 1858 2314 dignatio
1876 2267 2054 2303 vestrae

2100 879 2147 908 10

2098 1250 2141 1289 15

2091 1615 2140 1643 20

2085 1996 2134 2036 ²5

304 2327 605 2383 benignitatis
631 2329 823 2386 imperet
844 2330 979 2374 nobis
1003 2331 1047 2374 in
1071 2331 1117 2374 id
1139 2332 1262 2388 quod
1290 2345 1536 2387 possumus
1559 2338 1602 2374 et
1627 2331 1848 2387 valemus,
1873 2339 2053 2375 tantum
2077 2346 2131 2386 30

304 2409 352 2445 ut
375 2401 597 2458 obsequio
620 2411 777 2446 nostro
800 2403 958 2458 utaris,
986 2404 1127 2447 immo
1151 2404 1356 2459 caritate,
1384 2418 1502 2461 quae
1526 2406 1655 2448 Deus
1686 2411 1771 2460 est,
1794 2405 2054 2460 perfruaris.

307 2472 395 2517 His
420 2473 558 2530 igitur
580 2475 771 2532 expletis
794 2485 925 2520 erant
949 2476 1060 2520 mihi
1085 2477 1381 2534 quaestiones
1404 2478 1461 2521 de
1487 2477 1631 2521 sacris
1648 2476 1907 2534 divinisque
1924 2477 2054 2534 pagi-

303 2546 389 2601 nis,
415 2561 609 2603 quarum
632 2548 744 2591 mihi
768 2550 1103 2606 expositionem
1121 2549 1275 2595 cordis
1291 2550 1427 2594 vestri
1445 2552 1599 2595 lumen
1614 2550 1824 2608 aperiret,
1841 2549 1877 2594 si
1897 2558 2051 2595 tamen

361 2681 376 2706 Ι
411 2670 572 2709 scilicet
594 2678 636 2709 et
658 2673 739 2710 iud.
771 2672 808 2710 T
1015 2687 1038 2711 2
1070 2674 1309 2724 principatu
1331 2673 1376 2711 K
1566 2688 1591 2723 3
1624 2675 1801 2714 sufficiat
1827 2688 1876 2713 ex
1901 2687 1985 2714 -am
2008 2675 2053 2714 K

303 2739 325 2772 4
357 2731 398 2762 te
420 2725 510 2766 hab.
534 2724 683 2764 BTU:
716 2740 798 2765 om.
821 2727 914 2764 ΑΚ
1041 2741 1065 2776 5
1095 2742 1176 2768 nec
1198 2758 1207 2768 .
1232 2759 1240 2767 .
1269 2760 1277 2768 .
1299 2741 1425 2778 egere
1445 2742 1526 2767 om.
1552 2729 1706 2779 T(non
1733 2729 1788 2780 U)
1925 2742 1952 2778 9
1981 2730 2049 2779 qui

303 2779 387 2817 inh.
412 2779 457 2817 K
591 2794 637 2830 14
669 2782 760 2819 eius
783 2812 791 2821 .
814 2810 824 2820 .
847 2811 856 2820 .
884 2781 1010 2822 habet
1049 2782 1150 2823 TU:
1195 2783 1255 2822 eis
1278 2814 1286 2823 .
1311 2813 1318 2821 .
1340 2814 1349 2824 .
1371 2783 1529 2822 habent
1553 2783 1666 2822 AK:
1706 2785 1745 2822 ei
1770 2816 1777 2824 .
1802 2815 1810 2823 .
1833 2813 1842 2824 .
1866 2783 1992 2822 habet
2012 2783 2053 2821 Β

306 2845 352 2880 15
383 2834 636 2882 promissum
666 2835 870 2887 KT(non
896 2836 953 2889 U)
1076 2850 1128 2876 22
1157 2844 1228 2876 aut
1259 2836 1421 2876 utiliter
1446 2837 1510 2876 U:
1551 2851 1632 2877 om.
1663 2837 1714 2876 Tl
1824 2837 1982 2877 effundi
2005 2836 2051 2875 K

300 2887 406 2938 dixi]
439 2889 562 2927 debui
585 2889 624 2927 Β
821 2903 873 2940 24
903 2891 1240 2931 aethimoliarum
1268 2891 1304 2929 T
1488 2905 1540 2942 25
1571 2893 1651 2931 iam
1675 2905 1699 2931 a
1726 2891 1822 2931 TU:
1854 2905 1936 2932 om.
1958 2891 2015 2930 B¹
2039 2907 2048 2931 ι

300 2941 381 2979 iam
403 2942 494 2980 ΑΚ
622 2943 790 2996 haberi]
822 2945 978 2985 habere
1000 2946 1284 2998 comperimus
1304 2946 1345 2984 A
1478 2948 1531 2986 28
1559 2947 1712 2986 mereri
1732 2946 1825 2984 ΑΚ
1841 2961 1849 2985 :
1877 2958 2048 2985 sumere

300 2999 461 3047 <-rnm-)
484 2997 568 3036 ΒΤ
567 2998 609 3037 U
713 3012 767 3050 29
797 3006 947 3050 putere
967 2999 1009 3038 Β
1018 3000 1095 3040 TU
1111 3017 1120 3041 :
1149 3007 1323 3052 turpere
1346 3002 1389 3055 (τ’.
1406 3015 1436 3041 e.
1458 3001 1589 3054 torp-)
1612 3001 1658 3040 K
1775 3013 1828 3050 33
1857 3000 1985 3040 lumet
2005 3001 2050 3040 K
