2176 3424
443 134 1071 183 ETYMOLOGIARVM
1113 135 1239 182 LIB.
1282 136 1399 183 XII.
1441 135 1486 183 vi

86 270 246 317 locum
275 267 500 316 coituros
580 267 696 314 Duo
724 273 836 313 sunt
856 273 1019 312 autem
1046 280 1224 328 genera
1249 280 1566 313 cancrorum:
1606 265 1824 313 fluviales

86 358 132 399 et
157 348 344 397 marini.
414 350 591 398 Ostrea
626 347 759 397 dicta
798 355 870 396 est
906 363 935 394 a
970 355 1110 407 testa,
1152 346 1331 410 quibus
1368 346 1599 395 mollities
1625 347 1824 395 interior
1846 356 1908 406 52

83 432 240 479 carnis
278 431 495 478 munitur
515 448 527 490 3
581 430 758 479 Graeci
796 427 928 478 enirn
973 438 1148 477 testam
1187 432 1335 492 ὀστρα
1369 438 1562 477 vocant.
1650 429 1825 477 Ostrea

82 523 246 561 autem
272 521 513 572 neutrum,
537 527 707 560 carnes
733 510 837 560 eius
864 509 1105 558 feminino
1129 510 1316 559 dicunt.
1380 512 1597 559 Musculi
1623 520 1750 571 sunt,
1774 520 1825 560 ut
1848 521 1911 571 53

37 619 58 660 5
84 594 412 658 praediximus
438 593 481 657 (ξ
499 595 565 659 6),
585 594 819 642 cochleae
845 608 875 640 a
898 609 1110 655 quorum
1135 594 1260 642 lacte
1289 592 1577 656 concipiunt
1602 602 1792 642 ostreae
1814 613 1825 655 3

84 686 132 725 et
155 676 273 724 dicti
300 678 506 725 musculi
533 676 671 739 quasi
688 674 906 724 masculi.
979 676 1229 724 Pelorides
1247 693 1274 724 a
1291 677 1467 724 Peloro
1486 677 1825 739 promontorio
1848 686 1912 734 54

84 757 291 818 Siciliae,
317 757 402 806 ubi
425 758 696 816 abundant,
723 759 1103 821 cognominatae
1132 766 1246 805 sunt
1271 755 1425 821 (Virg.
1448 761 1574 807 Aen.
1596 775 1637 821 3,
1661 756 1779 821 687)
1799 775 1808 806 :

319 840 450 888 Ecce
487 848 651 889 autem
691 843 872 889 Boreas
909 849 1116 903 angusta
1152 840 1216 888 ab
1253 842 1372 888 sede
1412 842 1588 889 Pelori.

83 924 284 985 Vngues
309 939 337 970 a
362 923 683 971 similitudine
717 923 1044 970 humanarum
1079 922 1316 985 unguium
1353 921 1528 971 dictae.
1602 925 1827 974 Testudo
1851 932 1930 983 55,
1956 924 2024 982 56

0 1023 61 1057 110
84 1003 256 1062 dictus,
285 1019 346 1051 eo
372 1004 507 1065 quod
526 1003 742 1066 tegmine
759 1012 912 1052 testae
929 1004 989 1052 sit
1008 1005 1274 1067 adopertus
1291 1004 1340 1052 in
1362 1021 1585 1053 camerae
1604 1006 1825 1054 modum.

85 1088 209 1135 Sunt
233 1095 398 1134 autern
424 1095 656 1148 quattuor
680 1103 886 1149 genera:
925 1096 1187 1147 terrestres,
1216 1087 1502 1148 maritimae,
1534 1087 1748 1147 lutariae,
1779 1087 1829 1136 id

85 1179 156 1217 est
193 1169 243 1216 in
281 1184 436 1216 caeno
473 1177 520 1217 et
558 1168 822 1231 paludibus
849 1168 1067 1218 viventes
1086 1187 1098 1229 3
1136 1178 1364 1232 quartum
1401 1186 1556 1232 genus
1593 1170 1825 1230 fluvialeS,

86 1266 211 1314 quae
232 1251 281 1297 in
302 1249 434 1298 dulci
453 1267 580 1313 aqua
597 1252 780 1299 vivunt.
852 1252 1077 1299 Tradunt
1093 1252 1258 1314 aliqui,
1279 1253 1415 1314 quod
1435 1251 1724 1301 incredibile
1741 1261 1826 1311 est,

85 1332 268 1381 tardius
285 1333 353 1381 ire
373 1334 564 1395 navigia
586 1332 846 1382 testudinis
868 1335 1048 1397 pedem
1070 1334 1295 1382 dextrum
1311 1335 1556 1383 vehentia.
1608 1334 1829 1383 Echinus
1851 1347 1914 1397 57

0 1423 63 1485 ιι)
84 1431 113 1463 a
138 1423 360 1464 terrestre
396 1414 575 1463 echino
613 1431 797 1464 nomen
837 1414 990 1475 traxit,
1019 1432 1167 1478 quem
1194 1417 1367 1479 vulgus
1404 1415 1594 1464 iricium
1621 1426 1832 1477 vocant,

86 1499 224 1546 cuius
262 1498 438 1545 testula
475 1497 672 1559 duplex,
703 1497 856 1560 spinis
893 1498 1116 1546 aculeata
1152 1498 1202 1545 in
1239 1498 1446 1546 modum
1473 1507 1828 1558 castanearum,

87 1580 287 1642 quando
305 1580 470 1627 adhuc
490 1588 753 1641 coopertae
774 1581 836 1628 de
851 1579 1107 1628 arboribus
1125 1581 1323 1628 cadunt.
1398 1581 1527 1630 Caro
1548 1582 1652 1630 eius
1671 1581 1831 1630 mollis

88 1671 135 1710 et
167 1661 319 1709 minio
350 1660 534 1720 similis,
564 1660 722 1712 †uris†
756 1661 910 1710 tribus
941 1661 1136 1710 modis:
1176 1670 1227 1710 ut
1260 1663 1459 1710 testudo
1491 1679 1548 1710 ac
1579 1663 1758 1726 peloris
1784 1672 1831 1711 et

90 1744 303 1791 cochlea.
379 1744 508 1790 Nam
547 1751 594 1791 et
625 1744 761 1805 quod
795 1744 989 1792 edimus
1032 1752 1080 1792 et
1117 1743 1202 1792 ubi
1246 1760 1359 1792 caro
1398 1744 1526 1793 inest
1564 1753 1831 1808 utrumque

1 1841 65 1870 120
88 1824 265 1874 dicitur
302 1823 494 1886 peloris.
568 1826 742 1873 Ranae
783 1842 811 1873 a
850 1825 1129 1888 garrulitate
1166 1835 1387 1887 vocatae,
1424 1842 1484 1876 eo
1527 1828 1663 1890 quod
1704 1827 1831 1877 circa
1852 1833 1917 1892 58

87 1906 321 1969 genitales
347 1913 569 1967 strepunt
594 1907 813 1968 paludes,
842 1916 890 1956 et
916 1924 1064 1956 sonos
1084 1909 1218 1957 vocis
1235 1908 1513 1972 inportunis
1533 1910 1831 1959 clamoribus

88 1988 315 2037 reddunt.
390 1988 464 2034 Ex
489 1986 564 2035 his
589 1990 834 2050 quaedam
872 1991 1128 2052 aquaticae
1154 1991 1399 2050 dicuntur,
1428 1992 1672 2054 quaedam
1699 1993 1832 2056 palu-

88 2079 220 2129 stres,
241 2070 484 2132 quaedam
501 2069 714 2130 rubetae,
735 2071 801 2119 ob
821 2070 885 2131 id,
906 2073 1021 2134 quia
1040 2071 1088 2119 in
1107 2071 1336 2134 vepribus
1353 2074 1534 2134 vivunt,
1547 2073 1830 2136 grandiores

0 2164 7 2222 l
89 2160 391 2200 cunctarum.
451 2152 593 2200 Aliae
618 2152 869 2202 calamites
890 2163 1139 2214 vocantur,
1163 2153 1399 2217 quoniam
1419 2154 1545 2204 inter
1563 2157 1830 2205 arundines

0 2243 66 2288 '⁸25
89 2235 384 2296 fruticesque
409 2234 594 2291 vivunt,
623 2233 856 2284 minimae
882 2237 1104 2284 omnium
1132 2244 1179 2284 et
1204 2235 1526 2285 viridissimae
1547 2255 1560 2298 3
1596 2247 1763 2287 mutae
1782 2247 1830 2288 et

90 2317 194 2365 sine
233 2331 355 2364 voce
394 2324 521 2363 sunt.
592 2318 871 2379 Agredulae
913 2334 1059 2367 ranae
1102 2334 1279 2382 parvae
1318 2320 1367 2366 in
1417 2321 1549 2368 sicco
1590 2321 1666 2368 vel
1705 2321 1829 2384 agris
1854 2334 1924 2384 59

91 2407 336 2448 morantes
354 2416 366 2458 3
403 2399 536 2446 unde
562 2407 610 2446 et
635 2410 961 2462 nuncupatae.
1036 2403 1232 2464 Negant
1249 2400 1450 2463 quidam
1469 2418 1617 2451 canes
1642 2404 1828 2464 latrare,

147 2543 163 2568 1
196 2542 261 2568 au.
282 2527 466 2566 suntK:
500 2540 566 2566 au.
593 2527 627 2566 C
789 2542 814 2567 2
844 2536 909 2569 est
929 2543 1010 2570 om.
1037 2529 1072 2568 C
1231 2544 1256 2580 3
1285 2543 1412 2579 grece
1437 2530 1474 2568 T
1579 2537 1735 2570 testum
1751 2533 1837 2571 BT

90 2584 200 2636 ὀστ.]
224 2589 394 2622 ostrean
414 2581 480 2632 (ex
494 2583 581 2634 —ea)
604 2583 645 2621 B
665 2598 674 2623 ε
693 2590 877 2623 ostream
901 2585 961 2624 C:
984 2585 1207 2624 ostreaK:
1228 2586 1372 2624 hostra
1399 2585 1437 2624 T
1541 2599 1567 2638 4
1596 2587 1828 2626 fimininum

6 2662 12 2663 ff
91 2640 146 2680 di.
180 2639 250 2677 K:
280 2637 375 2676 fem.
411 2649 571 2685 genere
606 2639 661 2678 di.
693 2639 761 2678 B:
791 2640 888 2680 fem.
923 2640 1121 2678 dicuntur
1153 2639 1211 2678 C:
1243 2653 1403 2689 genere
1436 2641 1533 2680 fem.
1564 2642 1761 2680 dicuntur
1797 2642 1835 2682 T

91 2705 115 2743 5
143 2704 343 2743 aquarum
373 2703 547 2742 quorum
577 2691 644 2732 K:
674 2706 850 2744 quorum
882 2694 959 2733 CT
1082 2701 1161 2734 ost.
1185 2700 1227 2733 et
1256 2695 1336 2735 dic.
1360 2708 1444 2734 om.
1467 2696 1514 2734 K
1677 2710 1698 2745 7
1730 2703 1828 2735 sunt

92 2749 199 2787 unde
219 2754 344 2798 poeta
363 2758 461 2785 ecce
485 2745 519 2784 C
629 2760 676 2785 12
707 2749 931 2788 fluviatiles
961 2749 998 2787 T
1133 2762 1179 2798 14
1211 2751 1322 2800 pede
1343 2751 1495 2789 dextro
1517 2750 1564 2788 K
1686 2751 1828 2791 Icinus

95 2802 233 2853 (nio)
258 2802 368 2843 codd.
553 2813 600 2851 15
632 2803 742 2841 icino
762 2803 905 2844 BCK:
938 2804 1087 2842 iricino
1113 2803 1151 2842 T
1258 2805 1430 2843 ericium
1453 2804 1497 2843 K
1604 2812 1727 2844 vocat
1748 2805 1834 2845 BT

97 2859 145 2896 16
173 2857 296 2896 huius
322 2857 360 2896 T
493 2862 760 2898 castenarum
789 2857 826 2895 T
1006 2871 1051 2909 17
1084 2863 1284 2909 copertae
1301 2859 1366 2899 K:
1398 2865 1575 2910 opertae
1599 2861 1694 2911 (—te)
1719 2859 1825 2900 BT:

93 2917 260 2961 apertae
278 2911 328 2950 Cl
443 2913 490 2950 18
511 2911 771 2961 uris3BKT:
794 2912 915 2952 huius
934 2913 985 2952 Cl
1003 2929 1011 2952 :
1039 2919 1082 2952 et
1099 2913 1135 2952 is
1152 2913 1277 2952 Arev.
1298 2927 1307 2952 ε
1324 2915 1428 2964 sort.
1448 2915 1601 2953 dicitur
1620 2914 1655 2952 is
1739 2920 1827 2954 tres

93 2967 205 3004 modi
235 2973 333 3005 sunt
362 2966 397 3005 C
504 2967 572 3018 ac]
596 2972 638 3004 et
658 2967 699 3004 B
811 2981 861 3018 19
891 2968 1064 3007 conclea
1089 2967 1134 3006 K
1151 2968 1194 3019 (i.
1215 2982 1244 3008 e.
1269 2969 1486 3019 cochlea):
1518 2969 1697 3008 concilia
1723 2968 1826 3010 BC=

95 3020 302 3059 conchilia
328 3020 366 3059 T
470 3021 603 3072 inest]
625 3027 690 3060 est
710 3020 756 3059 K
772 3034 781 3060 ε
810 3021 922 3061 inest
943 3028 986 3061 et
1005 3021 1085 3060 BC
1209 3035 1258 3061 21
1290 3028 1484 3074 strepent
1504 3023 1551 3061 K
1657 3035 1762 3063 sono
1783 3023 1830 3063 K

93 3086 144 3124 23
172 3075 289 3126 quia]
310 3077 422 3125 quod
443 3076 483 3114 Β
610 3089 662 3125 24
690 3076 939 3116 calamitatis
964 3076 1023 3117 T:
1051 3083 1135 3116 -tes
1160 3077 1196 3116 C
1321 3081 1375 3117 26
1403 3077 1590 3132 voceng
1697 3078 1825 3128 Egre-

93 3127 215 3168 dulae
235 3128 322 3167 ΒΚ
337 3143 346 3168 t
376 3136 418 3169 et
437 3130 612 3180 gredule
640 3129 677 3167 T
779 3131 976 3180 parvulae
1000 3131 1034 3169 C
