2176 3424
1102 128 1372 176 ISIDORI

302 259 337 306 9
362 252 466 300 Ros
505 253 751 302 Graecum
789 264 875 315 est,
917 257 1051 317 quod
1092 255 1157 304 illi
1199 257 1366 319 δρόσος
1407 259 1591 308 dicunt.
1665 260 1761 309 Alii
1805 271 1979 325 putant
2023 280 2101 312 ros

274 341 336 378 10
360 330 549 381 dictum
577 334 691 397 quia
724 353 856 385 rarus
888 346 974 396 est,
1003 346 1050 385 et
1082 355 1183 385 non
1214 338 1396 401 spissus
1429 349 1481 388 ut
1511 341 1689 404 pluvia.
1760 344 1958 394 Nebula
1982 344 2098 393 inde

357 415 503 474 dicta,
533 419 664 465 unde
685 427 732 466 et
753 420 936 479 nubila,
954 420 1018 468 ab
1039 420 1345 470 obnubendo
1373 422 1571 484 scilicet,
1593 426 1690 473 hoc
1716 435 1788 474 est
1813 426 2098 488 operiendo,

353 506 543 557 terram,
577 499 677 548 sive
709 502 844 563 quod
880 501 1038 550 nubes
1072 504 1242 551 volans
1276 503 1434 553 faciat.
1510 507 1754 555 Exhalant
1785 508 1916 557 enim
1952 511 2101 559 valles

352 580 585 630 humidae
623 583 829 632 nebulas
869 594 916 632 et
954 586 1078 633 fiunt
1116 585 1301 645 nubes;
1351 586 1467 635 inde
1510 588 1750 649 nubilum,
1791 589 1908 638 inde
1946 591 2097 641 nives.
2121 605 2142 644 5

353 662 579 711 Nebulae
616 675 781 713 autem
815 667 913 713 ima
952 674 1126 728 petunt
1163 684 1276 716 cum
1314 669 1548 718 serenitas
1587 679 1686 729 est;
1738 688 1945 732 summa,
1985 690 2098 722 cum

284 756 331 788 11
353 743 592 794 nubilum.
668 746 841 809 Caligo
875 748 1049 796 umbra
1083 757 1154 798 est
1187 750 1249 798 de
1275 749 1591 812 spissitudine
1619 753 1741 800 aeris
1777 754 1964 803 effecta.
2038 758 2099 803 Et

274 836 330 872 12
353 825 485 875 dicta
511 827 668 891 caligo
694 830 831 891 quod
858 829 1069 878 maxime
1098 830 1221 879 aeris
1248 833 1408 881 calore
1433 832 1669 896 gignatur.
1744 835 2006 884 Tenebrae
2032 838 2099 885 di-

351 918 529 958 cuntur
555 913 690 973 quod
718 919 918 960 teneant
951 912 1165 961 umbras.
1239 913 1375 962 Nihil
1402 924 1567 964 autem
1595 925 1708 964 sunt
1733 917 1980 977 tenebrae,
2010 920 2097 967 sed

350 990 454 1053 ipsa
475 992 596 1040 lucis
616 992 841 1041 absentia
859 994 1093 1043 tenebrae
1113 994 1370 1055 dicuntur3
1402 996 1526 1045 sicut
1546 997 1794 1046 silentium
1815 1015 1915 1046 non
1935 999 2098 1063 aliqua
2127 1017 2173 1046 10

353 1090 427 1122 res
455 1083 540 1134 est,
572 1077 658 1124 sed
693 1075 777 1123 ubi
809 1092 960 1124 sonus
991 1093 1092 1125 non
1124 1087 1210 1138 est,
1240 1078 1489 1128 silentium
1521 1078 1725 1138 dicitur3
1764 1079 1833 1128 sic
1863 1082 2096 1130 tenebrae

270 1171 325 1217 13
351 1172 453 1204 non
479 1156 666 1219 aliquid
693 1166 819 1216 sunt,
845 1160 931 1207 sed
954 1158 1038 1207 ubi
1058 1160 1140 1208 lux
1165 1176 1267 1209 non
1288 1169 1374 1220 est,
1403 1161 1637 1211 tenebrae
1663 1161 1907 1211 dicuntur.
1977 1166 2097 1212 Vm-

348 1238 434 1286 bra
460 1248 532 1287 est
558 1255 639 1287 aer
664 1256 834 1288 carens
861 1242 1029 1289 solem.
1093 1241 1241 1291 Dicta
1265 1252 1430 1291 autem
1458 1244 1593 1305 quod
1619 1245 1701 1292 fiat
1727 1260 1841 1292 cum
1862 1244 1976 1292 solis
1995 1245 2097 1294 obi·

345 1319 502 1368 cimur
526 1321 686 1370 radiis,
762 1324 850 1371 Est
874 1331 1040 1371 autem
1068 1323 1263 1372 mobilis
1290 1333 1337 1373 et
1363 1324 1562 1383 incerta,
1589 1334 1637 1374 et
1663 1342 1719 1374 ex
1746 1326 1861 1373 solis
1887 1326 2090 1376 circuitu

343 1411 391 1450 et
434 1419 492 1451 ex
532 1412 669 1453 motu
712 1414 985 1453 ventorum.
1062 1408 1291 1468 Namque
1339 1405 1567 1468 quotiens
1616 1415 1839 1455 movetur
1880 1406 1930 1454 in
1973 1411 2088 1468 sole,
2122 1426 2176 1468 15.

344 1483 606 1534 nobiscum
634 1502 831 1535 movere
857 1488 1077 1546 videtur3
1116 1487 1232 1550 quia
1261 1487 1345 1537 ubi
1384 1504 1583 1551 quoque
1613 1490 1725 1536 loco
1750 1505 1778 1536 a
1802 1487 1948 1537 radiis
1975 1488 2090 1537 solis

345 1566 641 1626 obstitimus,
671 1570 875 1631 perinde
901 1571 1068 1618 lumen
1094 1569 1160 1617 illi
1186 1570 1464 1619 auferimus.
1540 1571 1618 1619 Sic
1645 1579 1691 1619 et
1716 1569 1904 1633 ingredi
1929 1570 2092 1620 nobis-

268 1660 324 1707 14
347 1665 459 1697 cum
496 1651 669 1698 umbra
704 1660 750 1699 et
779 1661 943 1714 gestus
977 1660 1171 1700 nostros
1204 1651 1396 1701 videtur
1433 1652 1622 1701 imitari.
1697 1655 1820 1713 Lux,
1846 1651 1951 1715 ipsa
1980 1653 2089 1701 sub-

345 1734 522 1780 stantia
540 1750 552 1791 ;
600 1735 782 1793 lumen,
816 1735 952 1796 quod
981 1751 1009 1782 a
1046 1736 1155 1784 luce
1187 1743 1365 1794 manat,
1403 1734 1453 1784 id
1487 1744 1559 1784 est
1590 1736 1776 1784 candor
1808 1734 1959 1784 lucis:
1999 1737 2086 1784 sed

343 1814 438 1862 hoc
463 1816 777 1863 confundunt
803 1825 1042 1864 auctores
2115 1833 2166 1861 ²0

255 1899 316 1938 XI
479 1899 562 1945 DE
598 1912 799 1946 VENTls.
874 1901 1066 1946 Ventus
1105 1897 1219 1964 [est]
1256 1915 1338 1947 aer
1375 1908 1654 1948 commotus
1692 1908 1739 1947 et
1776 1898 1999 1961 agitatus,
2037 1907 2085 1947 et

338 1995 426 2040 pro
468 1978 670 2028 diversis
713 1979 933 2043 partibus
972 1980 1094 2029 caeli
1133 1982 1336 2029 nomina
1372 1980 1563 2029 diversa
1599 1979 1813 2028 sortitus.
1907 1979 2083 2029 Dictus

335 2067 501 2106 autem
529 2067 703 2106 ventus
734 2060 868 2122 quod
907 2058 967 2107 sit
994 2060 1260 2108 vehemens
1299 2068 1346 2107 et
1371 2059 1629 2107 violentus.
1702 2058 1791 2106 Vis
1819 2057 1950 2107 enim
1978 2058 2082 2107 eius

338 2144 473 2183 tanta
513 2146 585 2184 est
625 2144 677 2184 ut
718 2153 817 2184 non
859 2138 1019 2185 solum
1059 2154 1172 2185 saxa
1219 2147 1267 2186 et
1315 2137 1513 2186 arbores
1562 2138 1752 2196 evellat,
1797 2138 1884 2185 sed
1932 2136 2079 2184 etiam

286 2233 315 2269 2
339 2219 529 2265 caelum
573 2227 850 2281 terramque
889 2220 1164 2278 conturbet,
1208 2219 1357 2267 maria
1405 2227 1733 2267 commoveat.
1804 2221 2079 2267 Ventorum
2109 2239 2157 2281 ²5

337 2308 568 2360 quattuor
594 2299 886 2363 principales
914 2300 1109 2363 spiritus
1136 2310 1263 2349 sunt.
1339 2303 1565 2362 Quorum
1592 2301 1777 2364 primus
1802 2299 1865 2348 ab
1892 2302 2080 2350 oriente

339 2381 659 2442 Subsolanus,
702 2399 730 2430 a
768 2382 972 2431 meridie
1009 2385 1201 2442 Auster,
1241 2383 1305 2431 ab
1342 2384 1604 2431 occidente
1642 2383 1901 2440 Favonius,
1946 2399 1975 2430 a
2011 2400 2080 2431 se—

336 2463 616 2527 ptentrione
634 2463 853 2513 eiusdem
878 2464 1092 2513 nominis
1109 2475 1283 2514 ventus
1299 2464 1514 2528 adspirat
1536 2483 1545 2522 ;
1582 2463 1822 2513 habentes
1855 2464 2078 2527 geminos

395 2606 412 2631 1
445 2593 606 2632 diciunt
629 2593 678 2632 Cl
836 2608 859 2632 2
889 2595 1001 2644 quod
1026 2608 1164 2634 rarum
1186 2601 1250 2635 est
1271 2601 1313 2634 et
1334 2608 1419 2634 non
1442 2596 1623 2645 spissum
1647 2594 1691 2632 K
1709 2593 1832 2633 Phill.
1950 2601 1994 2635 ut
2016 2603 2079 2636 est

336 2648 392 2697 pl.
417 2648 457 2686 Β
568 2648 665 2687 inde
687 2662 770 2689 om.
794 2650 835 2688 Β
956 2662 979 2699 5
1011 2652 1108 2689 nive
1124 2650 1171 2688 K
1291 2652 1317 2688 6
1345 2663 1378 2689 s.
1400 2663 1494 2689 cum
1515 2650 1655 2689 nubilo
1677 2648 1750 2687 K:
1779 2648 1964 2688 nubilum
1984 2664 2016 2691 s.
2038 2652 2080 2690 B

333 2704 358 2740 8
389 2702 523 2754 quod]
546 2703 642 2752 quia
665 2703 700 2742 C
806 2704 947 2743 colore
976 2700 1012 2743 T
1127 2706 1356 2755 gignantur
1378 2705 1419 2743 B
1439 2720 1448 2744 :
1477 2705 1680 2744 densatur
1699 2702 1745 2740 K
1761 2702 1884 2743 Phili.
1905 2718 1914 2742 :
1942 2705 2078 2755 gigni-

334 2764 402 2796 tur
421 2755 456 2795 C
562 2770 589 2807 9
610 2758 797 2796 umbram
813 2759 859 2797 K
958 2760 1034 2798 sed
1052 2765 1094 2798 et
1106 2761 1161 2809 ip.
1183 2759 1236 2798 C1
1351 2773 1401 2799 10
1421 2760 1514 2799 luce
1529 2760 1618 2800 abs.
1637 2758 1678 2796 Β
1789 2770 1832 2795 11
1852 2758 1913 2797 sic
1929 2765 1970 2798 et
1988 2767 2074 2801 ten.

334 2812 380 2850 K
492 2824 538 2850 12
569 2811 728 2851 Ombra
748 2814 845 2853 Isz‘d.
869 2816 882 2853 ’.ἱ
995 2828 1043 2864 13
1071 2822 1214 2853 autem
1233 2827 1316 2854 om.
1343 2815 1378 2854 C
1485 2815 1669 2854 obicitur
1687 2813 1766 2852 BC
1884 2815 1934 2852 16
1953 2815 2077 2854 nubis

333 2880 427 2905 cum
448 2879 621 2906 movere
642 2867 708 2906 B:
738 2868 872 2907 nubes
892 2869 1061 2920 (nuves)
1085 2882 1351 2908 commovere
1372 2869 1417 2908 K
1434 2869 1558 2910 Phill.
1579 2883 1589 2908 ε
1618 2868 1738 2907 nobis
1758 2870 2012 2909 commoveri
2043 2870 2079 2908 C

334 2922 390 2960 ibi
409 2921 515 2959 BlK
533 2921 658 2961 Phill.
770 2935 938 2974 quoquo
962 2923 1004 2961 Β
1112 2937 1136 2962 a
1156 2936 1238 2962 om.
1270 2924 1308 2962 T
1425 2938 1470 2974 17
1501 2923 1736 2963 abstitimus
1758 2922 1795 2963 C
1899 2922 1940 2963 il.
1962 2923 2019 2964 lu.
2044 2924 2083 2962 T

337 2989 386 3024 19
405 2976 458 3015 lu.
479 2976 579 3026 quia
591 2977 632 3014 Β
649 2991 657 3015 :
677 2975 880 3016 luminum
894 2979 1006 3027 quod
1021 2977 1067 3016 K
1174 2990 1228 3017 20
1247 2979 1325 3018 hec
1341 2979 1387 3017 K
1493 2992 1543 3019 21
1566 2983 1632 3017 est
1646 2977 1740 3018 hab.
1757 2976 1854 3018 CT:
1875 2990 1956 3017 om.
1971 2978 2078 3017 BlK

335 3043 386 3068 22
416 3031 592 3070 sortitur
610 3031 666 3070 C:
696 3031 857 3070 sortitis
885 3033 922 3071 T
1038 3046 1090 3082 24
1121 3033 1246 3072 vellat
1267 3032 1359 3072 ΒΟ1
1470 3045 1522 3083 25
1553 3039 1710 3072 terram
1733 3034 1768 3073 C
1874 3033 1926 3072 28
1955 3034 2073 3073 venti

335 3086 452 3134 adsp.
477 3085 522 3122 K
630 3086 791 3124 habens
811 3086 850 3124 Β

2158 3310 2176 3424 mlum*
2164 3260 2176 3294 1:11
2167 3222 2176 3235 ι
2168 3195 2176 3205 η.
