2228 3444
481 160 1114 209 ETYMOLOGIARVM
1156 162 1285 209 LIB.
1323 162 1389 208 ΙΙ.
1427 160 1569 209 x—xiv

152 283 422 333 abhorrens
445 282 634 347 aliquid
658 301 688 332 a
712 283 1040 333 sanctimonia
1065 292 1113 333 et
1138 283 1342 334 nomine
1368 301 1458 332 suo
1483 284 1657 334 fecisse
1682 285 1874 335 dicatur
1893 305 1905 347 3

153 374 206 414 ut
231 376 304 415 est
330 365 494 415 fabula
519 367 582 416 de
606 365 850 415 adulterio
878 365 1052 415 Martis
1078 376 1126 415 et
1151 365 1372 415 Veneris.
1450 366 1774 417 Mendacium
1807 377 1903 418 tres

152 448 301 497 habet
327 447 545 512 species:
583 447 886 508 incredibile,
915 449 1052 511 quod
1088 449 1272 497 factum
1309 465 1412 498 non
1443 465 1550 498 esse
1583 451 1822 509 credatur,
1851 460 1904 499 ut

150 530 533 589 adolescentem,
563 529 647 592 qui
672 531 735 578 de
762 529 927 579 Siculo
952 531 1093 579 litore
1119 529 1452 594 ingredientes
1479 530 1695 580 Africam
1722 533 1901 581 classes

105 635 127 674 5
150 610 337 660 viderit.
414 611 714 675 Inpossibile
751 621 825 661 est
863 621 915 660 ut
950 610 1159 662 Clodius
1194 611 1397 661 insidias
1433 612 1612 662 Miloni
1650 612 1818 663 fecerit
1856 623 1902 663 et
1925 614 1956 663 5

151 693 283 743 idem
317 693 509 743 occisus
541 693 602 743 sit
626 711 655 742 a
689 693 895 743 Milone.
969 693 1285 744 Contrarium
1320 705 1393 743 est
1411 714 1424 756 3
1476 713 1592 744 nam
1626 695 1666 744 si
1700 695 1902 746 insidias

151 775 278 836 fecit,
298 775 493 825 occidit.
567 775 775 826 Occisus
793 786 866 825 est
884 795 897 837 3
933 793 1036 824 non
1051 777 1166 826 fecit
1186 775 1402 826 insidias.
1459 780 1602 827 Haec
1622 777 1904 827 distributio

150 858 202 906 in
228 859 526 907 contrarium
546 859 808 907 reformata
833 867 1092 907 catasceua
1107 858 1368 922 prodeerit.
1424 857 1512 924 [Vt
1530 861 1709 923 gradus
1730 877 1903 910 omnes

152 939 523 999 constituamus,
557 941 838 999 honestum,
879 940 1011 1001 utile,
1043 940 1319 1001 verisimile,
1359 941 1609 1004 possibile,
1650 952 1904 992 consenta-

81 1043 129 1071 10
151 1038 315 1081 neum,
343 1023 419 1071 vel
445 1038 503 1070 ex
528 1021 721 1071 diverso
747 1021 1081 1082 inhonestum,
1111 1021 1297 1081 inutile,
1326 1039 1498 1085 parum
1533 1022 1808 1084 verisimile,
1837 1023 1905 1072 in-

150 1102 398 1166 possibile,
426 1102 764 1170 contrarium.]
822 1104 1087 1167 Oportebit
1114 1113 1280 1152 tamen
1306 1105 1546 1168 principia
1572 1106 1641 1153 sic
1661 1107 1900 1165 ordinare,

149 1194 202 1233 ut
226 1195 310 1234 aut
329 1187 634 1236 credendum
655 1202 761 1235 esse
776 1196 997 1235 veterum
1017 1185 1309 1245 auctoritati,
1327 1196 1412 1234 aut
1432 1186 1608 1236 fabulis
1629 1189 1779 1236 fidem
1801 1205 1902 1237 non

149 1268 433 1317 habendam
459 1285 566 1318 esse
592 1268 828 1318 dicamus.
905 1271 969 1317 Et
995 1270 1058 1318 ad
1083 1268 1134 1317 id
1159 1277 1463 1332 postremum
1490 1268 1540 1316 in
1565 1286 1810 1319 anasceua
1835 1288 1901 1320 re·
1924 1270 1959 1316 6

149 1349 414 1413 quiramus,
441 1367 504 1399 ne
524 1350 645 1414 quid
664 1350 798 1400 aliud
825 1350 1100 1414 significare
1125 1352 1381 1410 voluerint,
1410 1351 1495 1414 qui
1515 1351 1606 1400 ista
1628 1355 1872 1402 finxerunt
1893 1372 1901 1401 :

78 1452 124 1492 15
150 1442 203 1480 ut
228 1434 438 1495 Scyllam
464 1450 567 1480 non
593 1434 847 1493 marinam,
876 1434 963 1481 sed
998 1431 1293 1480 maritimam
1319 1431 1569 1494 feminam,
1599 1451 1691 1484 nec
1717 1434 1904 1484 succin-

148 1522 278 1561 ctam
305 1514 525 1575 canibus,
548 1515 635 1564 sed
660 1531 887 1578 rapacem
911 1514 1129 1578 aliquam
1156 1523 1204 1562 et
1223 1513 1572 1577 inhospitalem
1592 1514 1903 1566 venientibus

149 1594 378 1645 extitisse.

285 1680 367 1726 DE
387 1681 733 1728 PRosopofflA.
801 1678 1103 1741 Prosopoeia
1122 1687 1207 1736 est,
1231 1695 1345 1726 cum
1372 1677 1711 1727 inanimalium
1737 1689 1785 1729 et
1801 1698 1903 1745 per·
1925 1689 2032 1729 XIII

150 1776 272 1808 sona
297 1769 344 1809 et
369 1777 530 1810 sermo
556 1760 765 1825 fingitur.
839 1760 1017 1810 Cicero
1042 1760 1093 1807 in
1120 1759 1334 1810 Catilina
1360 1760 1426 1822 (1,
1451 1759 1531 1823 27)
1554 1781 1562 1809 :
1604 1765 1615 1786 ‘
1636 1762 1835 1811 Etenim
1863 1763 1901 1812 si

79 1857 129 1886 20
151 1858 347 1891 mecum
372 1843 528 1907 patria
552 1861 675 1903 mea,
705 1859 833 1907 quae
852 1842 973 1890 mihi
989 1842 1088 1891 vita
1104 1859 1215 1891 mea
1231 1844 1388 1890 multo
1408 1851 1480 1891 est
1497 1842 1665 1904 carior,
1684 1846 1902 1908 loquere-

150 1934 238 1985 tur,
266 1926 469 1985 dicens,'
498 1936 545 1975 et
561 1935 738 1975 cetera.
811 1925 890 1974 Sic
915 1934 962 1974 et
989 1934 1183 1974 montes
1210 1934 1258 1973 et
1282 1925 1486 1972 flumina
1511 1927 1587 1973 vel
1612 1926 1811 1976 arbores
1836 1929 1902 1976 lo-
1925 1938 1956 1972 2

150 2016 359 2070 quentes
393 2007 691 2068 inducimus,
729 2024 992 2071 personam
1027 2007 1322 2071 inponentes
1354 2008 1421 2055 rei
1456 2023 1582 2070 quae
1615 2025 1717 2056 non
1751 2009 1901 2059 habet

149 2099 373 2138 naturam
399 2089 638 2153 loquendi
655 2109 668 2151 3
707 2091 843 2153 quod
870 2099 918 2139 et
943 2089 1187 2153 tragoedis
1208 2088 1441 2137 usitatum
1461 2099 1509 2137 et
1528 2089 1578 2138 in
1595 2090 1901 2140 orationibus

149 2171 544 2235 frequentissime
569 2171 826 2220 invenitur.

76 2272 125 2312 ²5
287 2256 370 2302 DE
397 2257 723 2303 ETHOPOElA.
799 2255 1130 2317 Ethopoeiam
1156 2270 1272 2302 vero
1303 2255 1436 2301 illam
1462 2270 1709 2315 vocamus,
1734 2256 1783 2303 in
1804 2273 1900 2319 qua
1925 2263 2027 2303 XIV

149 2337 364 2385 hominis
389 2352 652 2399 personam
680 2335 909 2399 fingimus
939 2352 1028 2400 pro
1053 2335 1385 2399 exprimendis
1420 2337 1678 2385 affectibus
1711 2338 1899 2399 aetatis,

150 2417 312 2479 studii,
339 2419 578 2479 fortunae,
606 2417 833 2477 laetitiae,
857 2434 1013 2479 sexus,
1037 2417 1285 2478 maeroris,
1304 2417 1555 2467 audaciae.
1629 2421 1760 2468 Nam
1785 2437 1898 2469 cum

150 2500 334 2565 piratae
349 2515 562 2564 persona
578 2502 852 2564 suscipitur,
875 2502 1050 2559 audax,
1073 2500 1295 2563 abrupta,
1318 2499 1576 2549 temeraria
1600 2500 1689 2549 erit
1714 2502 1869 2552 oratio
1890 2523 1898 2552 :

205 2646 230 2671 2
258 2633 420 2672 adterio
443 2633 489 2671 K
651 2646 677 2682 3
707 2645 791 2672 non
812 2639 878 2671 est
905 2644 1002 2671 esse
1027 2631 1073 2669 K
1235 2644 1260 2680 4
1291 2632 1436 2680 egred.
1462 2630 1586 2672 Arev.
1662 2634 1840 2672 classem
1871 2632 1908 2671 T

152 2701 176 2738 5
204 2688 357 2727 viderit
377 2687 465 2726 ΒΚ
478 2703 485 2727 ;
517 2687 682 2727 videret
705 2687 785 2726 CT
888 2687 1037 2725 fecerit
1057 2686 1207 2725 eodem
1229 2686 1395 2725 occisus
1416 2693 1481 2725 est
1501 2686 1548 2724 K
1686 2701 1706 2737 7
1738 2689 1901 2727 occisus

152 2750 218 2782 est
231 2771 240 2781 .
260 2773 270 2783 .
285 2773 294 2782 .
314 2743 486 2782 insidias
504 2755 586 2782 om.
611 2742 648 2780 T
715 2743 817 2780 8-11
848 2748 892 2781 ut
908 2742 1064 2791 gradus
1081 2772 1089 2781 .
1108 2771 1117 2780 .
1137 2769 1147 2779 .
1163 2741 1419 2780 eontrarium
1433 2741 1525 2781 hab.
1539 2741 1687 2795 TU(in
1696 2743 1898 2792 possibile

153 2811 234 2836 om.
264 2797 348 2851 U):
381 2811 464 2837 om.
489 2797 665 2837 BCKM
776 2809 820 2834 11
854 2803 951 2836 tam.
975 2802 1017 2835 et
1037 2808 1098 2846 pr.
1123 2795 1170 2833 K
1279 2796 1463 2834 ordinari
1484 2796 1524 2834 B
1655 2810 1703 2835 12
1733 2803 1897 2835 uterum

154 2852 195 2890 A
214 2867 221 2891 z
254 2858 394 2891 utrum
415 2852 462 2890 K
597 2851 848 2891 auctoritate
868 2851 982 2890 AK:
1016 2857 1118 2889 -tem
1141 2849 1176 2888 C
1314 2851 1442 2889 fidem
1462 2863 1543 2889 om.
1569 2849 1615 2889 K
1779 2862 1827 2900 13
1858 2852 1898 2890 id

151 2920 233 2947 om.
254 2907 302 2945 K
496 2920 544 2955 14
574 2906 754 2946 voluerit
772 2906 878 2945 BK:
909 2906 1137 2945 voluerunt
1159 2904 1194 2943 C
1356 2908 1405 2944 16
1433 2906 1507 2944 sed
1530 2918 1618 2956 rap.
1649 2905 1702 2944 T:
1734 2905 1788 2943 sit
1809 2918 1896 2956 rap.

155 2959 204 2999 Cl
222 2977 230 3001 ι
280 2975 355 3001 seu
394 2975 481 3012 rap.
519 2962 583 3002 B:
634 2962 723 3001 sive
757 2974 844 3010 rap.
887 2960 954 3000 K:
1005 2973 1154 2999 severa
1191 2972 1337 3010 pacem
1378 2959 1420 2997 A
1642 2960 1824 3008 aliquem
1872 2959 1909 2998 T

159 3017 207 3054 18
235 3016 347 3056 inan.
369 3030 481 3067 pers.
504 3016 551 3055 K
696 3029 748 3055 20
777 3015 876 3055 mul.
901 3020 944 3055 et
965 3028 1048 3055 car.
1080 3014 1118 3053 T
1248 3027 1297 3053 21
1330 3013 1418 3066 vel]
1441 3020 1483 3053 et
1503 3013 1549 3052 K
1682 3026 1733 3063 23
1764 3015 1898 3067 quod]

155 3083 279 3120 quam
300 3071 340 3109 B
451 3085 512 3111 us.
535 3077 599 3110 est
620 3077 662 3109 et
682 3071 723 3109 B
833 3070 1064 3109 rationibus
1087 3069 1124 3107 T
1281 3080 1332 3118 25
1364 3069 1404 3107 in
1426 3082 1549 3118 quarn
1570 3067 1691 3106 BCT
1848 3073 1900 3109 26

156 3125 376 3166 effectibus
405 3125 442 3164 T
573 3127 625 3164 28
653 3125 886 3177 percipitur
909 3124 957 3163 C1
