2228 3444
1037 367 1251 414 LIBER
1288 366 1419 413 VIII

729 501 835 552 DE
879 497 1271 552 ECCLESIA
1312 496 1412 547 ET
1455 495 1726 549 SECTIS

309 648 325 687 1
488 642 570 688 DE
598 640 855 687 ECCLESIA
882 651 945 684 ET
971 648 1257 683 SYNAcooA.
1326 629 1549 679 Ecclesia
1574 607 1818 680 Graecum
1844 640 1929 690 est,
1959 633 2095 694 quod

351 723 401 771 in
443 721 673 770 Latinum
714 720 914 769 vertitur
955 715 1262 775 convocatiO,
1304 723 1502 778 propter
1539 714 1675 776 quod
1717 729 1890 760 omnes
1937 715 2001 762 ad
2042 730 2093 761 se

350 814 507 853 vocet.
582 802 852 861 Catholica,
889 797 1187 856 universalis,
1225 798 1315 845 ἀπὸ
1346 800 1426 845 τοῦ
1460 795 1558 844 καθ’
1583 796 1706 854 ὅλον,
1740 794 1791 843 id
1824 803 1897 843 est
1929 811 2096 843 secun-

351 888 471 935 dum
514 894 688 934 totum.
763 886 878 932 Non
921 881 1054 930 enim
1097 879 1222 928 sicut
1264 878 1606 928 conventicula
1648 878 2003 926 haereticorum
2046 876 2095 924 in

350 968 596 1031 aliquibus
628 967 884 1029 regionum
914 963 1134 1027 partibus
1164 970 1421 1020 coartatur,
1449 961 1537 1008 sed
1562 976 1647 1023 per
1673 967 1831 1007 totum
1862 968 2095 1006 terrarum

298 1071 328 1106 2
351 1051 523 1100 orbem
560 1049 761 1098 dilatata
797 1047 1101 1096 diffunditur.
1177 1045 1328 1105 Quod
1366 1042 1513 1092 etiam
1550 1043 1821 1104 Apostolus
1857 1040 2097 1103 adprobat

350 1136 414 1183 ad
437 1135 692 1182 Romanos
720 1130 890 1179 dicens
912 1128 1044 1194 (1,8)
1065 1148 1074 1176 ι
1114 1127 1334 1176 ‘Gratias
1361 1142 1452 1188 ago
1475 1127 1586 1172 Deo
1612 1139 1725 1171 meo
1751 1139 1839 1185 pro
1865 1122 2097 1171 omnibus

352 1215 505 1274 vobis,
534 1213 649 1277 quia
676 1214 798 1262 fides
824 1219 983 1260 vestra
1007 1209 1327 1258 adnuntiatur
1351 1206 1401 1254 in
1426 1206 1654 1254 universo
1680 1205 1899 1252 mundo.'
1961 1203 2098 1250 Hinc

352 1307 400 1346 et
419 1296 707 1345 universitas
727 1294 791 1342 ab
810 1309 911 1342 uno
931 1289 1280 1355 cognominata
1300 1298 1386 1347 est,
1407 1297 1604 1351 propter
1623 1287 1759 1348 quod
1785 1285 1834 1332 in
1860 1283 2098 1332 unitatem

353 1378 609 1442 colligitur.
680 1377 828 1425 Vnde
862 1373 1111 1422 Dominus
1148 1374 1199 1420 in
1237 1370 1507 1433 Evangelio
1542 1369 1684 1434 (Luc.
1710 1386 1782 1427 11,
1805 1385 1827 1414 2
1838 1366 1917 1431 3):
1972 1366 2098 1427 ‘Qui

299 1480 329 1526 3
354 1477 550 1511 mecum
577 1476 680 1508 non
704 1457 902 1520 colligit,
931 1456 1142 1519 spargit.²
1195 1456 1296 1504 Cur
1320 1462 1486 1502 autem
1515 1451 1736 1499 Ecclesia
1761 1465 1874 1498 cum
1900 1464 1998 1496 una
2023 1447 2096 1506 sit,

351 1562 381 1593 a
407 1545 633 1592 Iohanne
667 1549 856 1604 septem
890 1537 1182 1595 scribuntur,
1210 1535 1303 1584 nisi
1338 1544 1390 1583 ut
1423 1551 1522 1582 una
1553 1533 1795 1581 catholica
1828 1529 2098 1593 septiformi

352 1628 500 1691 plena
520 1623 700 1687 Spiritu
721 1622 1037 1685 designetur?
1074 1620 1210 1668 Sicut
1229 1616 1330 1684 [et]
1349 1619 1412 1666 de
1431 1615 1652 1664 Domino
1672 1613 1899 1663 novimus
1920 1612 2100 1660 dixisse

352 1710 670 1758 Salomonem
695 1703 948 1768 (Proverb.
969 1721 1012 1766 9,
1039 1703 1080 1766 1)
1105 1720 1114 1750 :
1156 1706 1166 1726 ‘
1183 1698 1433 1763 Sapientia
1464 1698 1740 1747 aedificavit
1773 1694 1867 1743 sibi
1892 1695 2099 1742 domum

353 1798 402 1839 et
426 1788 606 1838 excidit
631 1789 888 1836 columnas
923 1784 1144 1847 septem,'
1169 1799 1295 1846 quae
1330 1790 1496 1829 tamen
1528 1788 1717 1842 septem
1745 1794 1842 1826 una
1868 1791 1974 1824 esse
1998 1791 2100 1822 non

351 1871 628 1935 ambigitur,
667 1868 866 1918 dicente
901 1867 1147 1929 Apostolo
1181 1863 1227 1928 (Ι
1250 1863 1471 1911 Timoth.
1492 1879 1534 1924 3,
1561 1860 1671 1925 15):
1718 1863 1729 1885 ‘
1747 1857 1970 1907 Ecclesia
2004 1855 2101 1904 Dei

295 1974 328 2022 4
352 1954 461 2014 vivi,
497 1969 624 2016 quae
661 1961 734 2000 est
771 1951 1004 2000 columna
1040 1957 1087 1996 et
1124 1948 1490 1994 firmamentum
1527 1940 1769 1991 veritatiS.'
1841 1939 2100 1988 Inchoavit

352 2047 518 2087 autem
551 2033 775 2085 Ecclesia
805 2050 835 2081 a
863 2034 976 2080 loco
1006 2029 1093 2078 ubi
1122 2027 1255 2078 venit
1292 2029 1355 2077 de
1391 2027 1530 2076 caelo
1563 2023 1770 2087 Spiritus
1807 2029 2019 2079 sanctus,
2052 2029 2100 2070 et

296 2137 327 2186 5
352 2118 555 2183 inplevit
575 2134 677 2166 uno
695 2118 806 2165 loco
826 2115 1068 2163 sedentes.
1130 2113 1226 2158 Pro
1251 2106 1642 2173 peregrinatione
1665 2113 1831 2153 autem
1855 2100 2100 2166 praesenti

355 2200 577 2250 Ecclesia
605 2198 725 2247 Sion
758 2196 949 2255 dicitur,
986 2211 1047 2243 eo
1077 2194 1212 2256 quod
1245 2192 1308 2240 ab
1338 2189 1482 2238 huius
1515 2184 1917 2252 peregrinationis
1950 2182 2103 2246 longi-

354 2283 527 2333 tudine
562 2280 721 2346 posita
756 2276 1134 2343 promissionem
1177 2290 1339 2322 rerum
1376 2269 1660 2320 caelestium
1698 2267 2006 2330 speculetur3
2054 2274 2101 2313 et

295 2371 330 2418 6
354 2365 538 2415 idcirco
562 2362 696 2421 Sion,
725 2361 776 2410 id
801 2370 874 2410 est
899 2356 1184 2422 speculatio,
1211 2371 1396 2403 nomen
1420 2350 1623 2415 accepit.
1680 2352 1775 2398 Pro
1799 2350 1961 2396 futura
1984 2362 2099 2395 vero

355 2446 538 2511 patriae
564 2461 686 2509 pace
711 2443 1027 2492 Hierusalem
1046 2448 1260 2488 vocatur.
1325 2437 1455 2484 Nam
1482 2433 1796 2483 Hierusalem
1821 2430 1954 2493 pacis
1979 2427 2101 2476 visio

355 2530 712 2592 interpretatur.
769 2523 849 2574 Ibi
874 2525 1007 2572 enim
1031 2522 1264 2583 absorpta
1287 2516 1424 2567 omni
1447 2516 1742 2565 adversitate
1765 2528 1953 2577 pacem,
1975 2526 2101 2572 quae

304 2635 333 2686 7
356 2621 429 2661 est
446 2612 683 2668 Christus,
700 2607 944 2672 praesenti
965 2602 1240 2669 possidebit
1258 2601 1451 2650 obtutu.
1511 2600 1768 2662 Synagoga
1783 2595 1971 2644 Graece
1990 2609 2103 2641 con-

356 2694 572 2758 gregatio
618 2691 810 2750 dicitur,
851 2689 987 2751 quod
1034 2683 1283 2750 proprium
1325 2698 1510 2730 nomen
1550 2680 1848 2728 Iudaeorum
1892 2675 2102 2738 populus

413 2838 439 2874 3
469 2827 674 2864 convocet
690 2821 735 2858 K
752 2836 760 2860 ε
789 2825 913 2859 vocat
931 2817 1058 2857 Harl.
1081 2821 1178 2855 extr.
1327 2827 1351 2862 4
1382 2813 1425 2851 in
1447 2825 1528 2851 om.
1554 2809 1607 2847 Β1
1748 2819 1773 2858 5
1804 2810 2042 2846 coartantur
2071 2803 2108 2841 T

359 2882 386 2919 6
416 2879 632 2919 dilatatam
655 2875 690 2914 C
797 2875 894 2924 Quo
917 2873 968 2912 (ΣΙ
1131 2872 1157 2909 8
1185 2868 1306 2909 vobis
1327 2881 1410 2907 om.
1436 2867 1471 2906 C
1633 2863 1750 2914 adm]
1774 2859 2040 2912 praedicatur
2060 2858 2106 2896 K

360 2935 484 2974 Harl.
508 2937 606 2972 extr.
629 2930 732 2981 (non
752 2929 815 2974 A>
930 2940 974 2967 11
1008 2926 1115 2977 Cur]
1138 2923 1362 2974 Quomodo
1384 2921 1430 2959 K
1448 2921 1548 2971 (non
1569 2918 1631 2971 A)
1747 2929 1796 2955 12
1825 2916 1878 2954 ad
1899 2914 2102 2952 iohannes

368 2989 406 3027 T
512 3001 560 3037 13
590 2992 633 3025 et
651 2985 744 3024 hab.
766 2983 877 3022 BT:
905 2996 988 3022 orn.
1015 2980 1094 3020 CK
1205 2978 1255 3018 18
1283 2991 1308 3017 a
1328 2990 1409 3017 om.
1432 2976 1478 3014 K
1586 2986 1639 3012 20
1668 2970 1872 3010 ecclesiae
1892 2967 1938 3006 K
2045 2968 2101 3009 di.

362 3057 440 3094 pro
457 3056 510 3083 eo
526 3041 572 3080 K
680 3052 728 3079 21
751 3037 994 3088 speculatur
1008 3036 1054 3074 K
1093 3034 1382 3086 specularetur
1400 3032 1434 3071 C
1449 3033 1549 3084 (non
1562 3025 1686 3066 Harl.
1703 3024 1821 3071 extr.)
1934 3035 1987 3071 23
2006 3035 2099 3062 voc.

365 3099 472 3138 Nam
497 3097 616 3137 Hier.
642 3109 724 3134 orn.
746 3092 843 3132 KC1
864 3091 967 3141 (non
986 3091 1028 3128 Α
1051 3089 1175 3129 Harl.
1197 3087 1313 3138 extr.)
1524 3096 1575 3132 24
1603 3082 1749 3121 aborta
1777 3077 1814 3117 T
1830 3083 1924 3118 ante
1943 3090 2042 3116 corr.
2063 3076 2104 3114 B

365 3166 416 3204 25
446 3152 634 3192 obtutum
659 3148 754 3189 CT:
786 3148 958 3187 obtutus
976 3146 1018 3183 A
1043 3146 1145 3197 (non
1166 3141 1290 3182 Harl.
1311 3144 1429 3195 extr.)
1594 3136 1666 3176 Gr.
1687 3135 1815 3174 latine
1845 3146 1966 3183 cong.
1990 3130 2031 3169 Β

2126 1384 2174 1413 10

2125 1793 2171 1834 15

2125 2202 2176 2230 20
