2228 3444
1067 194 1341 243 ISIDORI

320 321 369 368 id
407 329 480 369 est
519 320 954 384 experientissima,
993 321 1194 371 inventa
1236 331 1309 371 est
1351 322 1414 370 ab
1453 324 1767 386 Aesculapio,
1806 341 1933 387 quae
1972 343 2074 374 non

318 401 615 452 indiciorum
633 402 797 466 signis,
816 405 903 453 sed
925 405 1040 453 solis
1061 413 1255 453 constat
1276 404 1637 468 experimentis.
1690 405 1857 455 Tertia
1875 408 2072 470 Logica,

263 491 294 525 2
317 483 368 533 id
406 494 479 534 est
516 485 779 546 rationaliS‚
808 485 1008 536 inventa
1041 487 1105 535 ab
1133 488 1457 550 Hippocrate.
1534 490 1634 536 Iste
1671 487 1803 536 enim
1841 488 2075 538 discussis

315 576 548 626 aetatum,
580 568 853 632 regionum,
880 571 958 618 vel
995 570 1358 633 aegritudinum
1390 569 1722 632 qualitatibus,
1756 571 1868 619 artis
1905 587 2072 619 curam

315 649 669 700 rationabiliter
712 661 1044 714 perscrutatus
1082 659 1170 710 est,
1209 650 1549 700 infirmitatum
1589 668 1675 715 per
1715 669 1865 716 quam
1901 670 2073 702 causas
2098 677 2119 717 5

314 731 503 781 ratione
534 732 757 782 adhibita
782 743 1126 796 perscrutetur,
1151 731 1338 800 [curam
1365 733 1719 783 rationabiliter
1744 745 2072 799 perscrutatus

315 812 423 880 est].
501 815 722 878 Enpirici
753 815 886 864 enirn
926 814 1278 879 experientiam
1305 817 1459 865 solam
1487 826 1762 866 sectantur:
1803 817 1972 881 Logici
1999 836 2073 866 ex-

314 896 583 959 perientiae
623 899 862 946 rationem
905 898 1209 962 adiungunt:
1263 898 1540 948 Methodici
1582 917 1674 948 nec
1713 901 2070 949 elementorum

313 979 555 1027 rationem
591 978 871 1039 observant,
899 996 991 1029 nec
1023 990 1260 1044 tempora,
1291 998 1382 1030 nec
1419 990 1619 1041 aetates,
1647 999 1739 1031 nec
1770 999 1954 1041 causaS,
1984 985 2071 1032 sed

313 1061 440 1109 solas
470 1061 755 1110 morborum
783 1062 1096 1111 substantias.

252 1144 289 1182 V
451 1145 533 1190 DE
555 1158 832 1199 QVATTvoR
856 1159 1162 1194 HVMORIBVS
1185 1160 1458 1194 CORPORIS.
1520 1145 1712 1195 Sanitas
1730 1155 1803 1195 est
1823 1146 2072 1209 integritas

312 1226 530 1287 corporis
566 1234 613 1274 et
645 1226 970 1290 temperantia
997 1236 1199 1276 naturae
1233 1243 1290 1277 ex
1325 1228 1488 1276 calido
1514 1237 1561 1276 et
1586 1227 1807 1289 humido,
1838 1230 1974 1292 quod
2000 1238 2072 1277 est

257 1320 287 1354 2
312 1306 508 1370 sanguis
524 1325 536 1368 3
562 1309 697 1357 unde
715 1318 764 1357 et
783 1310 965 1357 sanitas
986 1308 1118 1358 dicta
1139 1319 1226 1372 est,
1249 1310 1388 1372 quasi
1410 1309 1660 1373 sanguinis
1682 1319 1849 1359 status.
1903 1312 2070 1360 Morbi

310 1389 526 1452 generali
553 1391 797 1440 vocabulo
823 1407 998 1440 omnes
1025 1391 1280 1455 passiones
1307 1393 1524 1455 corporis
1549 1393 1896 1453 continentur3
1933 1395 2069 1456 quod

310 1473 427 1521 inde
447 1482 635 1522 veteres
663 1473 892 1522 morbum
921 1473 1317 1534 nominaverunt,
1340 1483 1393 1522 ut
1413 1474 1518 1538 ipsa
1542 1474 1873 1538 appellatione
1901 1475 2069 1524 mortis

310 1554 423 1613 vim,
442 1572 569 1618 quae
589 1572 647 1605 ex
665 1573 724 1605 eo
746 1557 976 1615 nascitur,
995 1558 1405 1606 demonstrarent.
1466 1558 1602 1605 Inter
1622 1557 1881 1606 sanitatem
1902 1566 2067 1607 autem

310 1646 358 1685 et
395 1638 623 1686 morbum
661 1638 824 1687 media
856 1648 929 1687 est
960 1640 1163 1699 curatio,
1192 1656 1320 1702 quae
1353 1638 1445 1687 nisi
1482 1639 1657 1688 morbo
1688 1649 1940 1703 congruat,
1967 1657 2068 1688 non

255 1734 284 1779 3
310 1715 535 1778 perducit
572 1718 635 1765 ad
674 1716 950 1767 sanitatem.
1025 1717 1194 1766 Morbi
1231 1734 1406 1766 omnes
1443 1734 1499 1766 ex
1535 1726 1766 1780 quattuor
1802 1728 2070 1767 nascuntur

308 1797 614 1858 humoribus,
636 1800 685 1848 id
707 1809 781 1848 est
801 1817 858 1848 ex
880 1799 1118 1864 sanguine
1140 1809 1187 1849 et
1208 1801 1333 1860 felle,
1355 1799 1682 1848 melancholia
1703 1810 1750 1849 et
1770 1801 2067 1864 phlegmate.

310 1876 408 1945 [Ex
435 1881 551 1943 ipsis
578 1882 710 1930 enim
738 1891 970 1945 reguntur
995 1881 1115 1939 sani,
1144 1899 1202 1931 ex
1229 1881 1345 1944 ipsis
1372 1882 1635 1930 laeduntur
1661 1883 1855 1930 infirmi.
1930 1884 2065 1932 Dum

307 1963 439 2010 enim
490 1962 701 2026 amplius
752 1974 884 2013 extra
931 1981 1128 2012 cursum
1186 1973 1387 2013 naturae
1435 1965 1687 2023 creverint,
1737 1963 2067 2027 aegritudines

306 2043 530 2111 faciunt.]
605 2047 740 2094 Sicut
774 2055 940 2095 autem
968 2055 1199 2110 quattuor
1233 2055 1347 2094 sunt
1381 2047 1639 2106 elementa,
1668 2047 1736 2095 sic
1763 2056 1811 2096 et
1836 2056 2066 2110 quattuor

306 2127 553 2186 humores,
594 2137 641 2175 et
678 2127 1020 2191 unusquisque
1063 2130 1242 2177 humor
1283 2145 1427 2176 suum
1472 2129 1774 2177 elementum
1819 2128 2064 2177 imitatur:

306 2210 502 2272 sanguis
542 2225 719 2269 aerem,
763 2211 962 2259 cholera
1002 2211 1182 2273 ignem,
1224 2211 1554 2259 melancholia
1602 2220 1793 2270 terram,
1834 2212 2066 2275 phlegma

305 2307 500 2353 aquam.
576 2293 640 2339 Et
677 2300 791 2339 sunt
828 2300 1060 2354 quattuor
1097 2293 1344 2352 humores,
1379 2291 1503 2339 sicut
1535 2302 1766 2354 quattuor
1802 2294 2061 2356 elementa,

250 2393 283 2440 4
306 2389 432 2436 quae
459 2382 753 2422 conservant
773 2389 980 2437 corpora
999 2382 1180 2423 nostra.
1237 2373 1445 2437 Sanguis
1473 2391 1531 2422 ex
1552 2376 1741 2423 Graeca
1767 2376 2063 2439 etymologia

305 2454 605 2504 vocabulum
654 2455 878 2518 sumpsit,
924 2457 1061 2519 quod
1100 2465 1353 2520 vegetetur
1392 2465 1439 2505 et
1482 2465 1781 2506 sustentetur
1829 2466 1877 2506 et
1914 2456 2058 2508 vivat.

306 2537 572 2586 Choleram
593 2536 771 2586 Graeci
790 2547 1105 2597 vocaverunt,
1127 2538 1263 2601 quod
1284 2538 1429 2586 unius
1451 2537 1550 2587 diei
1566 2540 1724 2602 spatio
1745 2537 2032 2588 terminetur
2049 2558 2062 2601 3

304 2620 440 2668 unde
478 2627 525 2667 et
562 2619 773 2679 cholera,
811 2620 862 2669 id
900 2628 973 2668 est
1010 2618 1236 2680 fellicula,
1273 2621 1528 2669 nominata
1564 2630 1650 2680 est,
1691 2622 1787 2670 hoc
1823 2630 1909 2680 est,
1937 2623 2061 2672 fellis

362 2762 380 2788 1
414 2748 829 2799 experimentissima
849 2747 1031 2787 BDHK
1046 2763 1056 2788 ι
1077 2749 1387 2799 experimentis
1407 2750 1533 2789 simul
1553 2750 1590 2789 T
1695 2764 1721 2801 3
1743 2751 1826 2790 His
1847 2752 2003 2791 etenim
2029 2752 2067 2790 T

304 2819 329 2854 4
359 2805 579 2854 regionum
601 2817 684 2843 om.
706 2801 752 2841 K
915 2804 1189 2854 qualitatibus
1209 2817 1291 2844 om.
1312 2803 1358 2842 K
1564 2817 1588 2854 5
1618 2811 1905 2855 prescrutatus
1931 2806 2063 2846 TUC1

304 2859 458 2898 infirm.
484 2888 494 2898 .
520 2888 530 2898 .
556 2888 564 2898 .
591 2870 750 2908 persor.
774 2864 838 2898 est
861 2872 945 2897 om.
970 2858 1147 2898 BCDH
1262 2859 1337 2898 inf.
1363 2872 1403 2909 p.
1429 2873 1468 2910 q.
1494 2873 1533 2899 c.
1561 2859 1702 2899 TUV:
1731 2874 1771 2910 p.
1797 2874 1836 2910 q.
1860 2874 1896 2900 c.
1920 2861 1994 2901 inf.
2017 2861 2065 2899 K

303 2916 329 2952 6
362 2919 656 2964 prescrutetur
684 2913 764 2951 TU
925 2926 1067 2952 curam
1099 2913 1409 2953 rationabiliter
1437 2919 1728 2965 prescrutatus
1751 2921 1817 2954 est
1835 2915 1928 2955 hab.
1958 2915 2058 2956 UV:

304 2982 386 3010 om.
411 2968 557 3020 KT(a
579 2967 682 3020 ml.)
817 2982 843 3019 9
874 2981 953 3007 nec
975 2981 1128 3008 causas
1149 2982 1232 3008 om.
1254 2968 1291 3007 T
1306 2970 1404 3019 <sed
1421 2969 1534 3009 solas
1553 2969 1598 3008 in
1622 2970 1727 3020 ras.)
1843 2983 1890 3020 14
1921 2971 2058 3023 quod]

304 3036 388 3073 quo
405 3022 604 3063 Schwarz
713 3025 762 3061 16
791 3023 918 3075 quae]
936 3025 1049 3073 quod
1067 3022 1113 3061 K
1209 3037 1263 3062 20
1293 3037 1348 3062 ex
1370 3025 1475 3076 ipsis
1496 3055 1504 3064 .
1531 3055 1540 3064 .
1567 3054 1576 3064 .
1602 3023 1762 3064 faciunt
1781 3023 1848 3076 (ex
1864 3027 1883 3072 §
1901 3025 1944 3077 7)
1961 3026 2053 3066 hab.

303 3077 502 3117 BCDH:
534 3092 616 3118 om.
636 3076 817 3116 KMTU
895 3091 956 3117 sa.
975 3083 1019 3118 et
1040 3092 1095 3118 ex
1115 3078 1149 3117 C
1237 3091 1289 3116 22
1321 3079 1380 3118 sic
1402 3085 1513 3130 quat.
1538 3078 1574 3118 T
1661 3091 1714 3128 25
1744 3086 1787 3119 et
1807 3079 1927 3131 sunt]
1950 3081 2056 3120 haec

304 3138 402 3172 sunt
421 3133 454 3171 C
561 3133 673 3172 hum.
699 3133 772 3172 sic.
797 3138 908 3182 quat.
927 3146 1010 3172 om.
1037 3133 1072 3172 C
1178 3145 1227 3182 27
1260 3134 1330 3183 qui
1350 3134 1465 3183 viget
1487 3139 1528 3172 et
1547 3133 1726 3173 sustinet
1742 3132 1788 3171 K
1895 3137 1948 3174 28
1977 3134 2055 3175 col.

306 3189 420 3226 enim
437 3199 500 3237 gr.
525 3187 562 3226 T
669 3201 720 3237 29
749 3188 827 3227 hoc
850 3187 935 3239 est]
957 3187 1037 3227 hec
1060 3186 1105 3224 K

2099 1084 2147 1112 10

2096 1496 2143 1536 15

2093 1906 2144 1934 20

2090 2314 2137 2354 25
