2228 3444
531 194 1169 243 ETYMOLOGIARVM
1208 194 1337 240 LIB,
1380 195 1420 240 Ι.
1460 191 1617 240 xxxvii

199 336 246 375 et
274 325 425 391 (Virg.
446 328 571 375 Aen.
593 341 634 389 5,
660 324 774 389 157)
800 345 808 373 z

402 406 679 454 Centaurus
699 422 711 464 3
762 420 895 451 nunc
932 419 1030 451 una
1067 403 1245 451 ambae
1282 401 1567 464 iunctisque
1603 402 1822 449 feruntur

338 511 342 514 ⁴
401 482 658 543 frontibus,
698 491 746 531 et
782 484 930 545 longa
966 483 1157 530 sulcant
1194 481 1320 530 vada
1357 481 1483 529 salsa
1519 477 1684 527 carina
1702 496 1714 539 3

200 567 320 614 dum
356 566 505 614 facies
543 574 590 613 et
627 566 760 613 frons
804 565 1098 612 tantundem
1141 561 1429 611 animalium
1479 570 1526 610 et
1564 559 1824 609 hominum
1874 560 1946 609 sit.

155 669 176 708 5
201 649 353 709 Quod
396 664 578 696 nomen
615 646 655 696 si
698 655 845 711 poeta
878 645 991 694 navi
1021 663 1123 694 non
1156 643 1480 709 adposuisset,
1523 644 1659 707 quod
1698 639 1950 705 proprium

199 730 361 779 eidem
378 730 502 794 parti
519 729 717 790 diceret,
741 746 842 778 non
859 729 1078 777 haberet.
1129 725 1472 790 Metalempsis
1492 734 1565 774 est
1582 734 1752 787 tropus
1771 740 1800 771 a
1819 739 1949 786 prae·
1973 732 2002 782 7

198 814 408 862 cedente
434 813 570 875 quod
595 811 827 875 sequitur,
858 820 910 859 ut
937 810 1091 875 (Pers.
1114 827 1156 873 3,
1182 808 1263 872 ΙΙ)
1287 829 1295 858 :

401 896 606 956 Quaeve
643 910 818 942 manus
855 902 1016 942 cartae
1053 894 1346 955 nodosaque
1384 890 1517 939 venit
1553 889 1761 938 arundo.

199 977 329 1024 Nam
356 993 441 1039 per
466 993 669 1024 manum
686 976 848 1035 verba,
868 992 954 1038 per
973 973 1267 1023 arundinem
1287 972 1477 1021 litterae
1497 970 1798 1035 significatae
1824 977 1950 1017 sunt.

129 1076 178 1103 10
201 1057 523 1121 Metonymia,
574 1056 986 1107 transnominatio
1044 1056 1108 1104 ab
1156 1055 1250 1103 alia
1293 1052 1652 1118 significatione
1694 1053 1758 1101 ad
1807 1050 1952 1099 aliam
1978 1045 2006 1091 8

198 1139 559 1203 proximitatem
598 1141 843 1188 translata.
920 1139 997 1187 Fit
1029 1148 1197 1187 autem
1235 1135 1401 1185 multis
1441 1134 1616 1184 modis.
1692 1137 1794 1182 Aut
1818 1132 1951 1182 enim

198 1237 284 1285 per
309 1221 373 1280 id,
402 1223 539 1284 quod
565 1221 801 1282 continet,
830 1221 894 1280 id,
924 1222 1061 1284 quod
1078 1219 1371 1277 continetur,
1392 1215 1622 1276 ostendit,
1652 1225 1705 1263 ut
1734 1216 1953 1264 ‘theatra

197 1304 471 1365 plaudunt,'
492 1307 648 1367 ‘prata
666 1303 1053 1367 mugiunt‚'dum
1070 1301 1167 1351 illic
1184 1300 1413 1350 homines
1430 1300 1687 1363 plaudunt,
1700 1296 1781 1346 hic
1799 1297 1953 1346 boves

198 1384 420 1448 mugiant
439 1404 452 1446 3
486 1395 570 1434 aut
596 1395 768 1434 contra
792 1402 878 1449 per
896 1385 962 1446 id,
981 1386 1118 1447 quod
1144 1382 1438 1441 continetur,
1462 1381 1526 1440 id,
1555 1382 1692 1444 quod
1712 1379 1948 1438 continet,

129 1481 174 1521 15
199 1476 251 1515 ut
273 1466 427 1531 (Virg.
446 1471 570 1516 Aen.
596 1486 635 1528 2,
658 1467 807 1533 311):

538 1551 645 1597 Iam
683 1548 934 1611 proximus
970 1549 1110 1597 ardet

536 1633 790 1694 Vcalegon
810 1650 823 1691 3

198 1713 319 1761 dum
345 1729 447 1760 non
472 1712 566 1772 ille,
596 1714 683 1762 sed
699 1714 879 1762 domus
897 1711 1001 1761 eius
1020 1712 1226 1760 arderet.
1303 1711 1428 1758 Item
1452 1724 1536 1771 per
1556 1706 1862 1755 inventorem
1884 1702 1948 1763 id,
1978 1708 2012 1753 9

197 1795 335 1857 quod
364 1794 621 1843 inventum
647 1804 735 1854 est,
764 1803 818 1843 ut
843 1793 977 1859 (Ter.
1008 1795 1138 1841 Eun.
1172 1790 1287 1855 732)
1313 1810 1321 1839 :

125 1891 174 1919 20
400 1876 515 1926 Sine
552 1877 732 1927 Cerere
769 1885 817 1925 et
855 1875 1036 1925 Libero
1074 1874 1214 1938 friget
1249 1875 1421 1921 Venus
1439 1890 1451 1932 3

196 1967 244 2007 et
271 1957 423 2023 (Virg.
453 1961 578 2008 Aen.
607 1976 650 2021 9,
684 1958 765 2022 76)
792 1977 800 2006 ε

400 2040 717 2091 Conmixtam
754 2042 1008 2088 Vulcanus
1048 2038 1195 2086 mittit
1232 2038 1296 2086 ad
1333 2046 1461 2084 astra
1497 2033 1724 2082 favillam.

197 2123 315 2170 Vult
341 2121 473 2170 enim
499 2139 585 2184 per
606 2122 838 2172 Cererem
855 2119 1087 2169 frumenti
1105 2117 1426 2167 inventricem
1447 2116 1728 2178 intellegere
1754 2130 1952 2177 panem,

199 2221 284 2267 per
310 2203 545 2252 Liberum
580 2202 887 2252 inventorem
922 2201 1030 2251 vitis
1064 2200 1248 2259 vinum,
1278 2216 1364 2263 per
1393 2202 1641 2247 Venerem
1675 2194 1948 2254 libidinem,

125 2304 175 2344 25
199 2302 284 2349 per
307 2287 590 2333 Vulcanum
616 2285 796 2348 ignem.
868 2287 934 2331 At
960 2291 1131 2331 contra
1146 2299 1231 2345 per
1256 2281 1513 2330 inventum
1538 2278 1842 2327 inventorem
1871 2278 1951 2326 de-

198 2376 450 2427 monstrat,
480 2377 532 2415 ut
559 2368 737 2431 (Plaut.
757 2368 872 2428 frag.
899 2365 1013 2429 159)
1035 2385 1044 2414 1

531 2448 719 2496 Vinum
755 2464 1026 2512 precamur,

195 2548 284 2593 pro
302 2530 495 2590 Libero,
519 2530 603 2593 qui
622 2529 792 2578 vinum
809 2530 944 2592 apud
969 2530 1187 2578 Graecos
1213 2525 1413 2575 invenit.
1489 2527 1617 2573 Item
1637 2540 1723 2587 per
1742 2521 1950 2572 efficien-
1974 2527 2031 2561 10

197 2622 311 2671 tem,
334 2611 385 2661 id
402 2613 539 2675 quod
556 2611 775 2671 efficitur,
794 2610 920 2659 sicut
943 2614 954 2636 ‘
971 2609 1162 2673 pigrum
1182 2608 1362 2672 frigus‚'
1388 2607 1525 2670 quod
1542 2605 1704 2669 pigros
1722 2603 1949 2654 homines

123 2715 175 2754 30
197 2693 355 2754 faciat,
384 2703 433 2742 et
459 2693 632 2743 ‘timor
656 2692 899 2756 palliduS‚'
917 2709 976 2741 eo
994 2692 1130 2754 quod
1147 2689 1357 2753 pallidos
1375 2688 1602 2737 homines
1622 2688 1809 2736 reddat.
1883 2687 1949 2733 At

197 2784 367 2824 contra
391 2793 478 2839 per
501 2775 552 2824 id
579 2777 715 2839 quod
741 2774 959 2834 efficitur,
988 2771 1218 2832 efficiens,
1247 2780 1300 2820 ut
1327 2770 1480 2835 (Virg.
1501 2773 1626 2818 Aen.
1648 2783 1690 2832 5,
1712 2766 1830 2832 817)
1854 2786 1862 2814 ε

251 2919 275 2944 2
303 2919 431 2946 unam
465 2904 528 2944 Α1
563 2909 612 2944 ut
637 2903 718 2943 vid.
761 2902 798 2941 T
929 2903 1146 2952 iunctique
1187 2901 1224 2939 T
1396 2913 1420 2949 3
1450 2911 1553 2938 saxa
1585 2897 1648 2936 Α1
1681 2902 1728 2936 ut
1760 2895 1842 2935 vid.
1868 2895 1955 2934 BT

197 2973 221 3010 5
247 2961 361 3012 quod
386 2993 394 3002 .
421 2993 429 3001 .
452 2991 461 3000 .
484 2961 579 3010 adp.
613 2973 696 2999 om.
724 2958 759 2997 C
903 2958 1003 3007 quid
1034 2971 1097 3007 pr.
1128 2956 1162 2994 C
1349 2956 1377 2993 6
1406 2960 1472 2993 est
1501 2967 1584 2992 om.
1618 2953 1660 2990 Β
1849 2964 1870 3000 7
1902 2955 1947 2988 ut

197 3029 280 3054 om.
302 3015 343 3053 A
469 3016 494 3053 8
524 3028 658 3065 quave
685 3014 723 3053 T
848 3012 1011 3064 cartae]
1033 3017 1172 3050 oraste
1201 3010 1238 3049 T
1370 3021 1419 3048 10
1451 3009 1637 3048 Metono.
1663 3011 1729 3044 est
1749 3010 1882 3044 trans.
1914 3005 1952 3043 T

197 3069 494 3110 transmutatio
523 3069 564 3108 A
724 3081 772 3107 12
802 3069 911 3117 quod
932 3067 1170 3107 continetur
1181 3069 1280 3116 post
1297 3069 1376 3104 ost.
1406 3064 1444 3103 T
1620 3074 1668 3111 13
1698 3061 1810 3100 horn.
1833 3059 1944 3110 plau-

199 3126 300 3164 dant
319 3125 360 3164 Β
527 3125 574 3162 18
605 3124 697 3163 eius
718 3123 838 3162 ardet
859 3122 900 3160 A
1070 3134 1122 3172 29
1151 3120 1262 3159 hom.
1286 3119 1430 3170 pigros
1449 3118 1490 3156 Β
