2228 3444
513 168 1147 217 ETYMOLOGIARVM
1189 171 1319 217 LIB.
1359 171 1397 216 Ι.
1437 169 1593 218 xxxvii

178 305 292 338 men
316 290 554 338 adfictum
579 289 644 337 ad
670 287 966 337 imitandum
991 304 1171 337 sonum
1208 288 1342 338 vocis
1368 291 1617 350 confusae,
1645 298 1699 337 ut
1724 292 1735 314 ‘
1754 291 1930 338 stridor

176 371 457 430 valvarum,'
480 369 722 418 ‘hinnitus
740 371 1012 434 equorum,’
1039 372 1275 434 ‘mugitus
1294 371 1477 431 boum‚'
1501 372 1714 420 ‘balatus
1731 371 1928 420 ovium.'

179 451 479 517 Periphrasis
519 462 591 501 est
634 451 1061 516 circumloquium,
1101 453 1221 501 dum
1262 469 1337 502 res
1369 469 1467 501 una
1505 451 1726 517 plurimis
1770 452 1928 501 verbis
1953 462 2010 511 15

178 534 490 598 significatur,
519 543 571 583 ut
598 535 752 599 (Virg.
772 537 898 584 Aen.
924 552 961 594 1,
984 532 1106 598 387)
1130 553 1139 583 :

132 641 153 680 5
514 619 673 665 Auras
708 615 879 665 vitales
915 615 1082 679 carpit.

178 698 478 763 Significavit
513 698 645 747 enim
676 715 762 761 per
800 696 1170 761 copulationem
1205 698 1467 747 verborum
1499 714 1646 746 unam
1683 714 1800 758 rem,
1836 699 1932 747 hoc

178 790 251 830 est
269 781 400 830 vivit.
475 779 575 828 Hic
600 789 768 828 autem
793 788 963 843 tropus
987 778 1214 843 geminus
1240 789 1325 828 est.
1403 781 1535 828 Nam
1570 790 1654 828 aut
1680 781 1932 829 veritatem

179 861 438 927 splendide
472 862 713 926 producit,
750 870 834 911 aut
867 860 1156 910 foeditatem
1187 860 1393 910 circuitu
1424 863 1586 911 evitat.
1661 862 1932 911 Veritatem

178 943 439 1009 splendide
463 943 707 1008 producit,
736 945 861 992 sicut
887 942 1040 1008 (Virg.
1060 945 1188 992 Aen.
1206 960 1252 1004 4,
1273 945 1370 1006 584
1387 961 1400 1005 ,·
1438 962 1481 1006 9,
1502 942 1622 1008 459)
1643 963 1651 992 :

108 1048 156 1075 10
384 1029 448 1075 Et
484 1027 581 1074 iam
619 1024 776 1089 prima
812 1041 943 1074 novo
980 1025 1239 1088 spargebat
1275 1023 1463 1074 lumine
1499 1034 1648 1074 terras

382 1106 589 1157 Tithoni
626 1123 858 1156 croceum
894 1105 1125 1170 linquens
1164 1109 1356 1156 Aurora
1393 1106 1572 1157 cubile.

178 1192 299 1240 Vult
347 1189 479 1240 enim
528 1189 692 1239 dicere
713 1208 722 1238 :
776 1187 904 1237 ‘iam
947 1187 1249 1249 luciscebat,’
1291 1197 1402 1237 aut:
1460 1190 1593 1238 ‘dies
1632 1198 1765 1238 ortus
1804 1190 1934 1238 erat.'

179 1276 219 1323 F
222 1272 490 1324 oeditatem
516 1270 722 1321 circuitu
748 1270 947 1330 devitat,
976 1271 1103 1319 sicut
1130 1269 1284 1335 (Virg.
1304 1273 1427 1319 Aen.
1450 1273 1493 1331 8,
1512 1288 1575 1332 40
1582 1270 1659 1336 5):

519 1353 864 1416 Placitumque
900 1351 1071 1416 petivit

110 1456 156 1497 15
518 1434 741 1498 coniugis
778 1434 967 1483 infusus
1004 1436 1205 1497 gremio.

182 1522 299 1569 Hoc
318 1517 451 1569 enirn
476 1516 682 1566 circuitu
709 1516 857 1566 evitat
874 1515 1235 1565 obscenitatem
1262 1525 1309 1565 et
1325 1518 1559 1565 decenter
1579 1516 1796 1566 ostendit
1822 1533 1934 1565 con-

181 1600 418 1650 cubitum.
499 1600 828 1664 Hyperbaton
861 1597 1182 1657 transcensio,
1210 1615 1324 1647 cum
1350 1599 1556 1648 verbum
1582 1608 1666 1647 aut
1692 1598 1936 1648 sententia
1961 1601 2019 1647 16

183 1683 356 1734 ordine
404 1691 749 1732 commutatur.
850 1682 1016 1730 Huius
1065 1681 1254 1745 species
1303 1680 1523 1744 quinque
1548 1699 1557 1730 ε
1619 1682 1932 1743 anastrophe,

184 1767 416 1829 hysteron
441 1774 687 1829 proteron,
715 1763 1036 1829 parenthesis,
1065 1763 1248 1823 tmesis,
1277 1762 1533 1826 synthesis.
1620 1765 1935 1826 Anastrophe

111 1871 162 1899 20
186 1857 259 1897 est
292 1847 554 1897 verborum
585 1848 708 1895 ordo
743 1855 1101 1910 praeposterUS,
1137 1854 1220 1894 ut:
1281 1844 1452 1893 ‘litora
1485 1844 1701 1905 circum‚⁷
1732 1862 1820 1909 pro
1850 1844 1935 1892 cir-

186 1947 298 1978 cum
339 1929 509 1979 litora.'
582 1931 837 1992 Hysteron
875 1937 1107 1992 proteron
1150 1929 1395 1977 sententia
1438 1926 1611 1976 ordine
1655 1937 1841 1976 mutata
1882 1936 1934 1974 ut
1961 1937 2013 1986 17

188 2013 340 2077 (Virg.
360 2015 485 2061 Aen.
508 2029 552 2074 3,
573 2011 691 2076 662)
717 2032 726 2061 z

388 2097 659 2156 Postquam
696 2094 820 2141 altos
858 2091 1015 2155 tetigit
1051 2093 1243 2151 fluctus,
1282 2100 1330 2140 et
1366 2092 1430 2140 ad
1466 2108 1682 2154 aequora
1720 2093 1864 2140 venit.

188 2179 351 2225 Antea
376 2175 508 2224 enim
525 2175 589 2224 ad
608 2190 824 2237 aequora
843 2173 989 2232 venit,
1013 2182 1061 2222 et
1087 2172 1156 2221 sic
1175 2171 1332 2236 tetigit
1356 2174 1548 2221 fluctus.
1606 2172 1933 2232 Parenthesis,
1958 2174 2014 2220 18

113 2277 163 2318 25
188 2255 274 2304 ubi
299 2256 658 2321 interponimus
685 2255 980 2305 sententiam
1006 2264 1240 2314 nostram,
1263 2272 1361 2318 qua
1387 2271 1445 2304 ex
1472 2255 1638 2305 medio
1659 2265 1846 2304 remota
1871 2254 1939 2302 in-

188 2349 321 2402 teger
346 2355 508 2407 sermo
534 2340 778 2402 perdurat,
807 2346 861 2386 ut
888 2336 1041 2402 (Virg.
1060 2339 1186 2386 Aen.
1212 2354 1250 2396 1,
1273 2335 1392 2400 643)
1416 2356 1425 2386 :

389 2424 584 2471 Aeneas
623 2420 808 2486 (neque
845 2421 977 2469 enim
1014 2418 1197 2482 patrius
1234 2419 1502 2468 consistere
1539 2428 1756 2468 mentem

388 2519 561 2566 passus
597 2501 757 2566 amor)
794 2501 1020 2565 rapidum
1058 2502 1122 2549 ad
1159 2517 1307 2549 naves
1344 2499 1611 2563 praemittit
1647 2502 1886 2549 Achaten.

188 2583 299 2650 [Est
324 2584 457 2634 enim
483 2586 606 2635 ordo
629 2604 638 2633 z
686 2587 883 2634 Aeneas
909 2584 1136 2648 rapidum
1161 2581 1429 2646 praemittit
1453 2580 1719 2648 Achaten.]
1806 2584 1932 2630 Nam

111 2683 165 2723 30
186 2665 309 2716 illud
329 2665 379 2715 in
396 2666 563 2716 medio
584 2665 890 2730 parenthesis
911 2675 998 2715 est.
1070 2663 1267 2713 Tmesis
1288 2674 1361 2713 est
1381 2663 1535 2713 sectio
1555 2663 1701 2713 unius
1720 2662 1936 2712 nominis
1959 2673 2020 2719 19

190 2765 276 2812 per
301 2747 729 2813 interpositionem
754 2748 1031 2807 verborum,
1059 2755 1112 2796 ut
1139 2745 1293 2812 (Virg.
1311 2749 1438 2797 Aen.
1463 2763 1502 2806 1,
1522 2745 1640 2811 412)
1666 2765 1675 2794 ε

242 2892 280 2931 4,
304 2890 329 2930 5
358 2879 620 2928 significatur
639 2905 650 2918 .
677 2909 686 2919 .
708 2907 718 2918 .
742 2877 878 2928 carpit
898 2890 982 2917 om.
1005 2875 1066 2915 A1
1178 2877 1205 2914 8
1235 2875 1383 2915 circuit
1410 2876 1443 2916 T
1568 2889 1616 2925 14
1646 2874 1936 2926 placidumque

192 2933 269 2973 CT
394 2945 442 2984 15
473 2933 635 2984 gremio
657 2945 735 2983 per
754 2932 943 2972 membra
963 2943 1159 2982 soporem
1181 2931 1262 2970 hoc
1280 2931 1321 2967 A
1454 2943 1501 2980 17
1532 2935 1596 2970 est
1617 2929 1879 2969 transcensio
1905 2927 1944 2966 T

193 2990 243 3028 18
272 2988 390 3028 cuius
410 3001 474 3039 sp.
497 3002 537 3039 q.
561 2994 661 3028 sunt
688 2987 725 3026 T
933 2999 982 3037 19
1011 2992 1214 3036 proteron
1234 2999 1316 3024 om.
1348 2986 1384 3024 T
1591 2998 1644 3023 20
1673 2990 1738 3023 est
1757 2997 1838 3022 om.
1862 2981 1942 3021 BC

189 3054 238 3082 21
271 3049 382 3093 prot.
398 3049 462 3083 est
478 3049 586 3083 sent.
613 3043 650 3081 T
801 3055 852 3091 24
882 3047 1006 3081 antea
1030 3073 1039 3082 .
1059 3071 1068 3080 .
1087 3069 1096 3079 .
1115 3040 1232 3079 venit
1247 3053 1330 3079 om.
1353 3039 1390 3079 T
1493 3039 1609 3078 venit
1624 3039 1676 3078 ad
1693 3051 1879 3088 aequora
1894 3037 1935 3075 A

190 3110 243 3146 29
271 3104 336 3137 est
361 3099 471 3137 enim
500 3127 510 3138 .
539 3129 546 3136 .
571 3128 580 3139 .
609 3097 804 3136 Achaten
834 3097 925 3137 hab.
950 3096 1014 3134 B:
1045 3109 1127 3134 0111.
1160 3094 1346 3135 AClTIJ
1623 3107 1671 3142 31
1706 3106 1781 3143 pro
1810 3093 1936 3131 inter·

189 3151 400 3202 positione
417 3151 458 3191 Β
