2228 3444
446 162 1078 212 ETYMOLOGIARVM
1114 163 1243 210 LIB.
1284 163 1373 210 VI.
1414 160 1510 220 viii,
1538 162 1583 210 ix

144 293 411 344 Parabolae
437 301 485 342 et
510 292 817 356 problemata
842 291 1127 341 nominibus
1162 290 1261 340 suis
1291 291 1514 341 indicant
1538 290 1682 339 altius
1708 307 1759 340 se
1784 307 1893 354 per·
1913 301 1966 349 13

143 376 344 426 scrutari
378 383 616 439 oportere.
692 375 933 423 Parabola
965 373 1150 438 quippe
1182 372 1387 422 alicuius
1420 372 1489 421 rei
1519 371 1892 422 similitudinem

142 475 257 522 prae
282 474 333 506 se
357 456 490 520 gerit.
567 457 719 518 Quod
752 455 865 505 licet
896 455 956 504 sit
982 456 1280 504 vocabulum
1310 457 1571 514 Graecum,
1599 453 1696 502 iam
1728 463 1895 503 tamen

143 557 231 604 pro
258 538 436 588 Latino
463 547 735 602 usurpatur.
812 539 876 586 Et
910 547 1083 586 notum
1122 546 1195 586 est
1229 537 1366 601 quod
1400 535 1450 585 in
1484 535 1732 601 parabolis
1766 553 1893 599 quae

96 642 116 681 5
143 621 373 671 dicuntur
420 638 580 670 rerum
630 618 976 669 similitudines
1025 618 1186 680 rebus,
1237 620 1300 668 de
1342 617 1524 682 quibus
1565 619 1734 682 agitur,
1781 635 1894 667 con-

140 713 328 768 parant.
402 702 716 751 Problemata
747 709 927 760 autem,
960 718 1087 765 quae
1123 701 1298 750 Latine
1330 702 1641 765 appellantur
1676 696 1893 763 proposi·
1916 704 1971 751 14

141 784 315 845 tiones,
357 785 672 849 quaestiones
716 793 829 832 sunt
871 782 1113 833 habentes
1149 783 1337 847 aliquid
1379 784 1516 846 quod
1553 780 1890 845 disputatione

141 869 434 917 solvendum
467 865 541 915 sit.
616 863 857 927 Quaestio
893 875 1059 914 autem
1098 875 1171 914 est
1207 864 1462 929 quaesitio,
1492 881 1606 913 cum
1644 861 1891 926 quaeritur
1912 871 1966 919 15

140 967 204 998 an
246 949 320 1010 sit,
359 948 478 1012 quid
515 947 588 1008 sit,
633 949 778 1011 quale
821 947 894 996 sit.
966 950 1329 1011 Argumentum
1365 963 1481 996 vero
1523 947 1712 996 dictum
1749 945 1888 1008 quasi
1913 942 1972 989 16

70 1046 117 1076 ιο
139 1041 378 1095 argutum,
406 1032 483 1079 vel
520 1031 654 1093 quod
691 1030 752 1078 sit
788 1038 956 1092 argute
993 1028 1248 1078 inventum
1285 1030 1350 1078 ad
1385 1028 1767 1091 conprobandas
1799 1043 1890 1075 res.

142 1111 417 1177 Epistolam
459 1112 653 1175 proprie
706 1110 884 1161 Graeci
920 1120 1113 1171 vocant,
1155 1112 1292 1174 quod
1333 1109 1678 1173 interpretatur
1715 1107 1891 1157 Latine
1916 1118 1969 1165 17

139 1196 299 1244 missa.
374 1195 532 1247 Στόλα
563 1192 696 1242 enim
727 1192 828 1242 sive
854 1194 1021 1242 στόλοι
1053 1191 1202 1242 missa
1234 1194 1310 1241 vel
1342 1191 1490 1241 missi.
1564 1193 1697 1239 Ante
1730 1199 1892 1238 cartae
1915 1187 1971 1234 18

138 1286 185 1326 et
211 1277 608 1326 membranarum
644 1292 787 1324 usum
821 1275 872 1323 in
906 1273 1151 1324 dedolatis
1186 1292 1244 1323 ex
1276 1276 1410 1338 ligno
1435 1272 1688 1323 codicellis
1713 1274 1892 1336 episto·

136 1360 291 1408 larum
311 1357 526 1423 alloquia
546 1356 899 1418 scribebantur,
918 1359 1052 1406 unde
1072 1366 1120 1406 et
1139 1356 1400 1420 portitores
1420 1372 1587 1405 earum
1608 1354 1888 1404 tabellarios

64 1453 109 1494 15
134 1449 445 1490 vocaverunt.

270 1524 352 1570 DE
378 1536 540 1571 CERIS.
592 1523 747 1572 Cerae
773 1519 1042 1571 litterarum
1063 1519 1302 1581 materies,
1322 1521 1635 1585 parvulorum
1656 1517 1884 1578 nutrices,
1913 1528 1974 1568 IX

134 1602 268 1668 ipsae
295 1604 553 1670 (Dracont.
574 1604 732 1652 Satisf.
755 1606 783 1651 6
790 1603 839 1667 3>
860 1622 869 1653 ε

403 1688 539 1735 Dant
575 1685 828 1749 ingenium
866 1684 1043 1749 pueris,
1083 1682 1351 1749 primordia
1386 1700 1573 1734 sensus·

135 1771 358 1831 Quarum
402 1767 620 1818 studium
657 1767 800 1831 primi
837 1766 1014 1817 Graeci
1051 1765 1310 1816 tradidisse
1346 1768 1635 1831 produntur.
1710 1766 1885 1815 Graeci

59 1870 109 1898 20
133 1859 298 1900 autem
347 1860 395 1900 et
442 1849 594 1899 Tusci
642 1849 854 1915 primum
904 1851 1031 1899 ferro
1079 1850 1129 1897 in
1167 1848 1291 1898 ceris
1334 1847 1661 1913 scripserunt3
1714 1856 1886 1911 postea

133 1933 349 1981 Romani
386 1933 632 1982 iusserunt
669 1949 732 1981 ne
766 1930 1025 1995 graphium
1058 1932 1267 1980 ferreum
1303 1929 1412 1995 quis
1446 1931 1661 1980 haberet.
1736 1930 1883 1978 Vnde
1906 1944 1938 1979 2

131 2023 178 2064 et
210 2014 344 2078 apud
379 2013 561 2063 scribas
587 2012 875 2063 dicebatur:
916 2014 1122 2063 ‘Ceram
1147 2014 1274 2062 ferro
1307 2029 1370 2061 ne
1402 2011 1633 2061 caedito.’
1705 2014 1883 2060 Postea

130 2095 407 2145 institutum
433 2105 486 2144 ut
511 2112 622 2145 cera
639 2093 832 2144 ossibus
857 2093 1140 2154 scriberent,
1161 2094 1285 2144 sicut
1302 2093 1487 2144 indicat
1504 2096 1622 2143 Atta
1638 2092 1688 2142 in
1710 2095 1882 2143 Satura

131 2179 300 2228 dicens
328 2177 433 2243 (12)
456 2197 465 2226 ι

56 2268 102 2308 25
866 2248 1129 2295 Vertamus
1166 2262 1416 2296 vomerem

466 2327 516 2376 in
552 2344 663 2377 cera
700 2343 1036 2391 mucroneque
1072 2345 1266 2377 aremus
1303 2344 1461 2377 osseo,

183 2469 208 2506 3
238 2470 339 2507 prae
363 2459 474 2508 (pre)
497 2456 641 2496 BCU:
673 2470 749 2508 per
768 2455 856 2495 KT
984 2458 1064 2496 iam
1086 2471 1169 2498 om.
1193 2455 1241 2495 K
1379 2471 1402 2506 4
1431 2470 1540 2506 quae
1563 2456 1643 2496 dic.
1665 2457 1784 2507 quasi
1805 2471 1882 2508 per

129 2523 208 2550 rer.
231 2510 278 2549 K
440 2523 464 2561 5
494 2512 808 2552 similitudinem
828 2512 870 2550 Β
991 2526 1114 2563 conp.
1135 2526 1200 2562 ag.
1234 2511 1271 2550 T
1286 2512 1388 2565 <non
1414 2512 1478 2563 U)
1636 2513 1662 2550 6
1691 2525 1756 2551 au.
1782 2520 1881 2551 sunt

63 2616 91 2625 ν
127 2578 194 2615 qu.
217 2565 263 2603 K
425 2581 533 2617 quae
555 2581 640 2606 om.
660 2567 702 2605 Β
887 2580 908 2616 7
939 2573 1039 2606 sunt
1059 2581 1142 2608 om.
1165 2567 1207 2605 Β
1445 2567 1470 2604 8
1499 2567 1708 2616 quaesitio
1730 2580 1813 2606 om.
1837 2567 1884 2606 K

36 2618 65 2624 ”
127 2633 154 2670 9
182 2633 235 2659 an
255 2620 309 2660 sit
327 2635 383 2661 an
399 2623 499 2672 quid
519 2623 574 2662 sit
593 2636 647 2661 an
668 2622 791 2672 quale
813 2622 865 2661 sit
879 2621 1119 2661 BDKTU:
1149 2636 1203 2661 an
1225 2622 1279 2661 sit
1300 2628 1370 2661 aut
1392 2622 1491 2672 quid
1513 2622 1568 2660 sit
1588 2627 1659 2660 aut
1681 2621 1804 2671 quale
1826 2623 1879 2659 sit

128 2674 219 2715 dett.
387 2689 436 2716 10
463 2678 532 2716 vel
553 2706 564 2718 ,
585 2707 594 2717 .
618 2708 626 2717 .
648 2683 798 2727 argute
817 2690 899 2716 om.
931 2676 1012 2715 TU
1163 2683 1285 2716 acute
1306 2675 1352 2714 K
1507 2689 1551 2714 11
1586 2676 1774 2726 Epistola
1794 2674 1883 2713 ΒΚ

128 2742 254 2779 grece
271 2736 445 2771 vocatur
457 2731 556 2770 ΚΜ
662 2744 710 2771 12
730 2730 863 2770 στόλα
879 2763 886 2772 .
903 2762 913 2772 .
932 2763 940 2772 .
957 2730 1071 2770 missi
1087 2732 1308 2783 scrz'pst'(qf.
1323 2731 1421 2771 VII.
1439 2744 1498 2770 xx.
1519 2731 1560 2782 1)
1580 2744 1589 2770 :
1615 2731 1710 2770 stila
1728 2730 1874 2782 (stula)

127 2785 242 2823 enim
261 2785 351 2825 sive
374 2787 459 2836 (vel
480 2787 549 2839 H)
573 2786 657 2825 stili
678 2786 807 2826 missa
830 2787 898 2826 vel
919 2787 1036 2826 missi
1060 2785 1145 2825 CH
1176 2785 1287 2825 Trin.
1318 2785 1421 2825 TU:
1451 2786 1536 2825 stili
1556 2787 1623 2824 vel
1643 2786 1728 2825 stili
1751 2785 1878 2823 missa

126 2837 288 2879 KMO:
318 2854 400 2881 om.
421 2841 463 2880 B
590 2841 705 2880 Ante
726 2854 809 2880 om.
832 2840 919 2881 ΚΟ
940 2843 1044 2892 (non
1066 2841 1156 2893 A):
1185 2840 1292 2880 Arte
1314 2840 1365 2880 Cl
1498 2852 1546 2889 13
1578 2846 1620 2878 et
1640 2837 1876 2878 ABCTU:

127 2894 193 2932 vel
213 2892 300 2932 ΚΟ
489 2908 611 2935 usum
637 2896 750 2948 (hu-)
771 2895 1002 2935 ABCTU:
1033 2896 1160 2935 modo
1180 2894 1266 2935 ΚΟ
1469 2908 1524 2934 ex
1544 2894 1659 2944 ligno
1680 2892 1803 2932 3¹6:
1834 2899 1876 2931 et

127 2947 230 2997 ligni
250 2948 293 2987 A
314 2963 324 2988 τ
362 2956 404 2989 et
434 2950 523 3001 igni
551 2950 610 2990 T:
649 2957 693 2990 et
714 2951 812 3001 igno
839 2950 904 2989 U:
944 2963 999 2989 ex
1018 2950 1175 3001 ligneis
1196 2948 1268 2988 K:
1307 2955 1350 2989 et
1369 2949 1525 3000 ligneis
1549 2948 1587 2987 O
1804 2959 1872 2998 ep.

126 3001 311 3052 alloquia
334 3005 460 3057 (adl-)
479 3003 606 3045 ABC
612 3004 694 3044 TU
705 3021 714 3045 :
743 3005 862 3056 prius
883 3005 1088 3056 epistolae
1111 3003 1240 3058 (-ule)
1261 3003 1308 3042 K
1309 3003 1346 3043 O
1561 3004 1610 3041 18
1638 3001 1811 3053 ingenia
1831 2999 1880 3040 K

130 3068 179 3106 19
207 3058 434 3099 creduntur
451 3058 499 3097 K
673 3074 725 3099 22
754 3073 879 3100 caera
897 3060 1010 3100 ferro
1032 3073 1112 3100 nec
1132 3059 1246 3099 edita
1265 3056 1313 3096 K
1488 3072 1540 3109 23
1569 3059 1667 3097 inst.
1690 3062 1754 3097 est
1775 3062 1821 3097 ut
1843 3055 1880 3096 C

127 3123 267 3151 ceram
288 3111 379 3153 dett.
495 3127 546 3165 25
577 3127 750 3157 vomere
769 3114 816 3153 K
923 3117 976 3154 26
1005 3128 1103 3155 cera
1121 3116 1255 3168 (cae-)
1270 3113 1455 3154 BCKO:
1477 3125 1619 3153 ceram
1635 3113 1771 3166 (cae-)
1796 3109 1879 3152 TU

127 3164 248 3207 Rem.
344 3170 618 3220 mucronique
639 3171 758 3220 Atta,
782 3171 829 3210 πί
831 3170 995 3220 fallor:
1025 3182 1355 3219 mucronemque
1380 3167 1423 3208 U
1438 3182 1447 3207 z
1487 3179 1686 3208 mucrone
1706 3180 1816 3218 quae
1839 3166 1875 3206 C
