2176 3424
1068 118 1340 167 ISIDORI

990 247 1138 294 Latos
1176 247 1290 296 huic
1329 249 1466 297 hasta
1503 266 1588 313 per
1622 268 1784 301 armos

788 334 898 374 acta
936 327 1130 388 tremit3
1732 344 1735 345 ’

315 404 391 451 vel
417 405 508 452 ἀπὸ
532 409 615 454 τοῦ
631 404 811 470 Ἄρεος,
840 407 891 456 id
917 417 990 457 est
1015 426 1044 457 a
1071 410 1246 458 Marte.

232 477 290 517 Ἣ
453 488 535 534 DE
569 502 793 537 GLADIIS.
867 490 1075 539 Gladius
1105 491 1394 554 generaliter
1418 493 1597 542 dicitur
1621 497 1751 545 ensis
1776 496 1826 545 in
1853 498 2070 562 proeli03

317 568 405 615 sed
443 567 572 616 ensis
609 571 790 618 ferrum
829 579 1036 632 tantum,
1067 572 1258 635 gladius
1295 591 1410 622 vero
1447 583 1593 624 totus.
1668 580 1868 642 Proprie
1904 589 2069 629 autem
2097 599 2118 639 5

319 651 592 712 appellatus
625 651 832 715 gladius,
861 655 999 716 quod
1033 656 1197 717 gulam
1233 654 1421 717 dividit,
1450 656 1501 705 id
1536 667 1608 706 est
1645 659 1884 709 cervicem
1921 671 2069 711 secat.

319 732 400 779 Ad
426 732 521 780 hoc
547 732 679 781 enim
700 734 914 797 primum
937 745 1010 783 est
1036 737 1191 784 faetus
1212 754 1223 796 3
1261 754 1375 785 nam
1396 748 1558 788 cetera
1577 741 1800 790 membra
1819 743 2070 793 securibus

265 816 294 849 2
319 815 472 876 magis
508 816 795 876 caeduntur,
837 819 1021 866 collum
1054 817 1220 881 gladio
1258 827 1464 869 tantum.
1537 821 1684 871 Acies
1721 832 1887 872 autem
1922 825 2070 888 gladii

317 894 381 942 ab
414 896 645 946 acumine
676 897 822 946 dicta.
898 899 1119 962 Capulus
1153 909 1355 949 vocatus
1389 904 1465 950 vel
1491 903 1608 966 quia
1633 914 1781 969 caput
1808 914 1881 954 est
1905 906 2068 970 gladii,

321 978 396 1024 vel
423 977 538 1039 quia
564 978 631 1026 ibi
658 981 846 1042 capitur
871 989 924 1029 ut
951 990 1204 1031 teneatur:
1244 999 1358 1031 nam
1383 983 1502 1033 alias
1527 985 1656 1035 acies
1682 986 1792 1035 ferri
1818 1004 1918 1036 non
1944 988 2070 1037 sinit.
2102 1008 2150 1038 10

324 1059 503 1107 Mucro
537 1077 639 1108 non
675 1070 866 1110 tantum
903 1063 1053 1126 gladii
1091 1073 1177 1123 est,
1218 1066 1306 1113 sed
1343 1075 1391 1114 et
1427 1067 1690 1117 cuiuslibet
1728 1070 1809 1117 teli
1845 1086 2071 1131 acumen,

320 1140 481 1188 dictus
524 1158 553 1189 a
596 1143 916 1205 longitudine.
1012 1147 1142 1193 Nam
1184 1147 1363 1210 μακρὸν
1403 1148 1582 1198 Graeci
1626 1151 1828 1213 longum
1865 1162 2074 1214 vocant3

320 1219 437 1269 hinc
463 1230 510 1271 et
542 1225 813 1273 machaera.
890 1227 1157 1275 Machaera
1182 1236 1348 1277 autem
1376 1238 1449 1278 est
1473 1229 1666 1293 gladius
1691 1233 1867 1295 longus
1894 1249 1951 1281 ex
1977 1251 2074 1283 una

267 1319 297 1366 3
322 1312 458 1366 parte
488 1314 678 1353 acutus.
753 1308 959 1356 Framea
995 1323 1110 1357 vero
1145 1309 1337 1372 gladius
1375 1327 1433 1360 ex
1470 1321 1676 1376 utraque
1713 1323 1848 1376 parte
1884 1324 2070 1375 acutus,

321 1400 471 1448 quam
510 1387 656 1450 vulgo
693 1397 883 1452 spatam
921 1399 1115 1439 vocant.
1189 1393 1415 1455 Ipsa-est
1452 1402 1500 1442 et
1542 1396 1794 1458 romphea.
1868 1398 2075 1447 Framea
2101 1415 2146 1455 15

320 1475 487 1516 autem
537 1467 670 1518 dicta
719 1469 834 1533 quia
884 1472 1038 1520 ferrea
1085 1481 1188 1523 est:
1249 1490 1365 1522 nam
1415 1476 1540 1524 sicut
1588 1478 1952 1539 ferramentum,
2004 1479 2073 1529 sic

264 1550 505 1605 4framea
547 1549 756 1611 dicitur3
808 1568 866 1600 ac
914 1552 1123 1615 proinde
1171 1557 1332 1603 omnis
1379 1556 1570 1619 gladius
1619 1559 1817 1609 framea.
1889 1562 2073 1624 Spatha

320 1649 348 1681 a
396 1632 625 1695 passione
674 1632 865 1694 dicitur,
916 1635 1111 1684 Graeco
1164 1636 1328 1697 verbo,
1380 1638 1618 1701 quoniam
1666 1641 1830 1691 παθεῖν
1883 1643 2074 1692 Graece

321 1713 500 1762 dicitur
531 1713 666 1778 pati3
702 1716 836 1764 unde
871 1725 919 1765 et
955 1716 1114 1779 patior
1150 1726 1198 1766 et
1235 1717 1416 1782 patitur
1449 1721 1674 1770 dicimus.
1750 1722 1847 1772 Alii
1881 1734 2070 1788 spatam

322 1795 497 1844 Latine
532 1803 792 1845 autumant
829 1796 1029 1858 dictam,
1057 1814 1117 1846 eo
1154 1801 1292 1862 quod
1329 1800 1543 1864 spatiosa
1580 1804 1654 1863 sit,
1694 1803 1744 1853 id
1781 1814 1855 1854 est
1891 1807 1987 1855 lata
2024 1815 2072 1855 et
2097 1823 2148 1852 20

269 1879 513 1941 5ampla:
552 1879 686 1927 unde
720 1887 767 1927 et
805 1881 997 1942 spatula
1030 1879 1079 1927 in
1117 1881 1392 1943 pecoribus.
1466 1883 1814 1948 Semispatium
1852 1887 2070 1950 gladium

321 1968 394 2008 est
426 1976 455 2008 a
488 1959 654 2009 media
686 1969 854 2023 spatae
887 1961 1197 2024 longitudine
1229 1965 1544 2027 appellatum,
1572 1983 1688 2026 non,
1717 1977 1770 2016 ut
1802 1967 2070 2031 inprudens

261 2044 295 2090 6
321 2043 493 2105 vulgus
535 2041 668 2102 dicit,
715 2041 820 2091 sine
862 2045 1033 2106 spatio,
1080 2045 1200 2093 dum
1243 2045 1418 2109 sagitta
1453 2049 1666 2097 velocior
1702 2048 1777 2098 sit.
1851 2050 2007 2113 Pugio
2043 2067 2070 2099 a

321 2124 590 2186 pungendo
627 2132 675 2172 et
712 2127 1047 2188 transfigendo
1083 2136 1303 2175 vocatus.
1377 2130 1467 2177 Est
1502 2131 1635 2178 enirn
1670 2131 1860 2194 gladius
1894 2149 2069 2196 parvus

320 2214 368 2254 et
404 2206 477 2253 bis
510 2214 682 2254 acutus
716 2206 852 2255 lateri
885 2209 1174 2258 adhaerens.
1248 2211 1390 2258 Idem
1424 2220 1471 2260 et
1505 2213 1826 2262 clunabulum
1864 2216 2067 2275 dictum,
2097 2230 2144 2271 25

269 2307 298 2355 7
321 2289 458 2350 quod
492 2289 720 2351 religetur
753 2290 817 2337 ad
851 2290 1064 2338 clunem.
1137 2290 1526 2341 Chelidoniacus
1557 2294 1749 2357 gladius
1785 2297 1962 2344 ferrum
1996 2305 2069 2346 est

321 2370 489 2429 latum,
535 2370 673 2418 cuius
715 2371 898 2433 duplex
940 2388 1110 2420 mucro
1157 2389 1214 2420 ac
1263 2372 1479 2422 bifurcus
1529 2373 1577 2423 in
1628 2377 1833 2425 modum
1882 2379 2070 2427 caudae

382 2511 399 2537 1
431 2499 540 2537 letos
560 2497 645 2536 BT
795 2513 819 2549 3
850 2507 915 2540 est
935 2515 1079 2540 amare
1102 2502 1244 2541 C1KT
1393 2515 1417 2553 5
1448 2504 1560 2543 ferro
1581 2504 1627 2542 K
1749 2507 1947 2557 proprius
1966 2520 2070 2546 vero

322 2566 419 2603 app.
443 2553 499 2590 B1
641 2556 667 2592 6
695 2555 936 2605 appellatur
955 2556 1038 2595 Kc
1056 2562 1102 2595 ut
1120 2557 1200 2596 vid.
1352 2571 1373 2607 7
1405 2565 1485 2599 cet.
1511 2572 1607 2597 nam
1636 2558 1695 2598 T:
1726 2567 1805 2601 cet.
1830 2574 2011 2611 namque
2034 2563 2069 2601 C

322 2609 348 2646 8
377 2607 485 2647 collo
506 2607 613 2645 BlK
741 2623 768 2658 9
798 2617 969 2649 vocatur
996 2610 1056 2648 T²
1148 2612 1213 2650 vel
1235 2613 1345 2661 quod
1368 2612 1403 2651 C
1531 2627 1581 2652 10
1609 2614 1676 2652 vel
1697 2616 1809 2664 quod
1833 2615 1869 2654 C
1956 2618 2067 2666 capit

322 2662 363 2700 Β
541 2662 653 2701 ferre
675 2663 725 2701 Cl
902 2678 946 2703 11
981 2665 1055 2704 teli
1074 2679 1155 2704 om.
1181 2665 1271 2704 KN
1287 2667 1389 2718 (non
1415 2667 1473 2720 U)
1662 2681 1708 2707 12
1741 2682 1836 2708 nam
1857 2683 1985 2709 acron
2009 2671 2064 2708 Β1

327 2729 375 2765 13
405 2729 570 2755 macera
591 2717 756 2756 Macera
773 2718 902 2757 ΒΚΤ
1093 2732 1140 2770 15
1171 2734 1295 2770 quem
1313 2721 1359 2759 K
1507 2727 1628 2761 vocat
1647 2722 1692 2760 K
1826 2730 1868 2764 et
1883 2738 1968 2764 om.
1981 2725 2069 2763 ΒΚ

323 2784 498 2821 rumpea
518 2770 584 2812 K:
617 2773 776 2812 rumfea
805 2773 841 2812 T
1023 2787 1070 2823 17
1101 2775 1233 2825 Spata
1253 2775 1362 2815 codd.
1563 2780 1611 2816 18
1641 2777 1796 2830 παθεῖν]
1815 2779 1931 2828 patin
1951 2779 2060 2820 codd.

322 2839 376 2864 20
405 2827 446 2864 id
467 2831 533 2864 est
552 2839 635 2866 om.
658 2826 698 2864 Β
861 2841 909 2866 21
942 2830 1055 2868 unde
1081 2835 1123 2869 et
1144 2829 1253 2869 BK:
1284 2835 1330 2869 ut
1358 2830 1396 2868 T
1513 2832 1722 2881 spatulam
1743 2832 1784 2870 Β
1903 2833 2066 2882 gladius

323 2880 413 2919 dett.
587 2894 638 2919 22
669 2882 882 2931 inpudens
910 2882 948 2921 T
1111 2896 1161 2932 23
1193 2885 1372 2934 spatium
1395 2885 1488 2936 ΒΚ,
1502 2886 1606 2935 fort.
1630 2889 1725 2925 recte
1744 2886 2063 2941 (sinespatium)

324 2946 374 2983 25
404 2934 516 2973 idem
545 2934 604 2974 T:
634 2935 734 2974 item
753 2935 878 2975 BCK
1039 2938 1298 2977 clurabulum
1318 2938 1369 2978 Cl
1561 2942 1614 2978 26
1643 2940 1798 2990 ligetur
1815 2940 1876 2982 K:
1907 2942 2064 2993 legitur

325 2988 370 3026 N
385 2988 488 3039 (non
513 2989 573 3042 U)
676 2989 770 3029 Cel-
790 2990 889 3030 BC:
921 2991 1198 3031 Celidonatus
1220 2992 1289 3032 K:
1321 2993 1588 3034 Celidonitus
1615 2993 1653 3031 T
