2228 3444
472 120 1107 172 ETYMOLOGIARVM
1146 120 1274 166 LIB.
1316 119 1435 166 VII.
1476 116 1521 176 ii,
1563 116 1611 164 iii

163 256 324 304 habeo
363 271 488 318 quae
524 252 665 302 vobis
703 254 887 315 loquar,
916 253 1003 299 sed
1042 267 1142 299 non
1180 250 1384 313 potestis
1418 247 1498 296 illa
1532 249 1684 296 modo
1721 249 1905 297 audire.

162 339 341 387 Veniet
365 344 529 386 autem
557 333 761 398 Spiritus
787 332 1014 393 veritatis,
1038 331 1121 395 qui
1147 348 1175 380 a
1200 333 1343 380 Patre
1367 331 1605 394 procedit,
1634 338 1681 378 et
1706 331 1769 378 de
1794 346 1908 379 meo

161 419 398 484 accipiet:
433 417 514 466 ille
546 416 686 466 vobis
720 414 959 465 indicabit
994 413 1191 464 omnia!
1264 412 1366 463 Hic
1403 420 1569 461 autem
1605 428 1708 460 non
1748 413 1907 460 solum

162 512 335 551 natura
359 499 594 564 procedit,
622 500 710 548 sed
744 513 938 561 semper
965 498 1030 545 ad
1063 497 1343 560 peragenda
1375 511 1524 558 opera
1556 492 1810 542 Trinitatis
1842 493 1910 541 in-

117 598 139 639 5
164 583 444 633 desinenter
490 579 727 645 procedit.
815 581 933 627 Hoc
988 587 1154 627 autern
1202 578 1404 626 interest
1452 576 1578 625 inter
1625 584 1911 625 nascentem
1937 582 1966 628 8

163 665 341 716 Filium
368 673 416 712 et
441 663 794 727 procedentem
824 659 1058 724 Spiritum
1089 668 1329 719 sanctum,
1362 659 1499 721 quod
1533 657 1684 706 Filius
1719 674 1777 705 ex
1809 674 1910 705 uno

162 745 390 805 nascitur,
430 744 635 809 Spiritus
673 751 869 792 sanctus
906 758 964 791 ex
1001 751 1211 804 utroque
1247 739 1504 804 procedit,
1556 748 1604 787 et
1639 738 1753 787 ideo
1790 738 1910 787 dicit

163 828 434 892 Apostolus
485 826 652 891 (Rom.
675 827 720 887 8,
743 824 826 890 9):
891 823 1024 886 ‘Qui
1065 832 1231 872 autern
1281 822 1516 886 Spiritum
1578 820 1761 870 Christi
1808 838 1910 869 non

163 910 326 970 habet,
355 910 434 959 hic
472 924 572 956 non
610 917 683 956 est
721 908 856 956 eius.'
927 904 1135 969 Spiritus
1173 915 1372 954 sanctus
1408 921 1467 953 ex
1500 920 1649 967 opere
1682 902 1830 951 etiam
1865 915 1912 952 et
1936 911 1970 957 9

92 1009 140 1038 10
162 994 363 1055 angelus
389 989 699 1053 intellegitur.
775 987 979 1037 Dictum
1015 995 1088 1036 est
1114 988 1247 1035 enirn
1274 988 1337 1036 de
1363 986 1447 1035 illo
1472 985 1672 1051 (Ioann.
1700 988 1770 1044 16,
1798 986 1877 1050 13)
1903 1004 1911 1033 :

167 1076 262 1123 ‘Et
287 1090 413 1137 quae
439 1081 644 1122 ventura
677 1079 791 1120 sunt
823 1068 1139 1119 adnuntiabit
1171 1068 1312 1118 vobis
1333 1070 1343 1092 ⁷
1366 1087 1379 1130 3
1415 1078 1463 1117 et
1500 1067 1671 1131 utique
1709 1069 1912 1131 angelus

165 1156 368 1215 Graece,
414 1153 590 1203 Latine
632 1152 836 1202 nuntius
878 1153 1235 1214 interpretatur.
1326 1152 1474 1199 Vnde
1518 1159 1566 1199 et
1608 1153 1709 1200 duo
1752 1149 1912 1213 angeli

162 1245 490 1301 apparuerunt
523 1237 668 1294 Loth,
704 1234 756 1283 in
785 1233 965 1297 quibus
999 1232 1247 1281 Dominus
1279 1231 1585 1295 singulariter
1622 1235 1911 1298 appellatur,

162 1335 286 1381 quos
313 1317 640 1381 intellegimus
662 1315 840 1364 Filium
868 1324 916 1364 et
932 1313 1165 1378 Spiritum
1192 1322 1432 1373 sanctum,
1461 1331 1577 1362 nam
1605 1317 1748 1364 Pater
1774 1330 1912 1362 num-

91 1419 137 1461 15
162 1417 310 1464 quarn
331 1400 504 1464 legitur
520 1398 713 1448 missus.
787 1397 992 1461 Spiritus
1019 1405 1231 1457 sanctus,
1252 1397 1388 1458 quod
1414 1395 1592 1445 dicitur
1611 1398 1906 1455 Paracletus,
1935 1408 1994 1444 10

160 1500 189 1531 a
236 1481 574 1532 consolatione
622 1479 841 1540 dicitur,
888 1481 1186 1543 παράκλησις
1228 1477 1360 1526 enim
1410 1477 1584 1527 Latine
1633 1476 1908 1527 consolatio

160 1566 445 1628 appellatur.
533 1562 758 1613 Christus
802 1561 934 1610 enim
974 1577 1087 1610 eum
1128 1559 1381 1624 Apostolis
1428 1559 1710 1623 lugentibus
1759 1560 1905 1621 misit,

161 1656 424 1710 postquam
449 1646 512 1695 ab
539 1662 710 1694 eorum
726 1645 881 1693 oculis
900 1644 1006 1707 ipse
1025 1643 1075 1691 in
1096 1644 1288 1692 caelum
1313 1642 1551 1691 ascendit.
1614 1644 1913 1692 Consolator
1935 1658 1981 1693 11

162 1728 293 1777 enim
327 1727 546 1777 tristibus
577 1726 797 1786 mittitur,
827 1727 1102 1774 secundum
1133 1724 1266 1773 illam
1297 1723 1520 1774 eiusdem
1559 1724 1765 1773 Domini
1802 1740 1908 1773 sen-

90 1827 139 1857 20
162 1810 367 1859 tentiam
398 1809 602 1875 (Matth.
626 1824 667 1873 5,
687 1808 739 1873 4)
765 1827 774 1857 t
816 1810 983 1857 ‘Beati
1021 1810 1260 1872 lugentes,
1289 1807 1525 1870 quoniam
1563 1807 1654 1871 ipsi
1687 1809 1908 1856 consola-

161 1894 374 1942 buntur.'
449 1894 564 1956 Ipse
590 1891 737 1941 etiam
765 1889 885 1939 dixit
911 1889 1113 1955 (Matth.
1136 1909 1179 1954 9,
1205 1889 1285 1955 15)
1310 1908 1318 1938 :
1359 1893 1370 1915 ‘
1386 1892 1532 1938 Tunc
1558 1890 1799 1953 lugebunt
1823 1889 1910 1937 filii

162 1974 346 2038 sponsi,
374 1990 489 2022 cum
526 1973 589 2022 ab
627 1973 695 2022 eis
732 1973 926 2021 ablatus
962 1971 1106 2020 fuerit
1141 1973 1383 2035 sponsus.’
1456 1973 1584 2020 Item
1611 1972 1912 2030 Paracletus,
1933 1990 1990 2025 12

160 2073 249 2119 pro
286 2072 347 2105 eo
385 2056 521 2119 quod
562 2053 958 2103 consolationem
991 2062 1205 2117 praestet
1237 2052 1512 2113 animabus,
1552 2052 1637 2116 qui
1673 2052 1910 2116 gaudium

160 2139 430 2202 temporale
458 2136 706 2186 amittunt.
764 2135 862 2184 Alii
888 2137 1198 2184 Paracletum
1226 2133 1440 2201 [dicunt]
1464 2136 1640 2184 Latine
1665 2144 1909 2184 oratorem

88 2241 137 2283 25
159 2222 236 2269 vel
255 2221 550 2269 advocatum
577 2218 965 2284 interpretantur.
1031 2219 1145 2281 Ipse
1162 2217 1294 2267 enim
1321 2217 1526 2280 Spiritus
1547 2227 1745 2266 sanctus
1762 2217 1882 2267 dicit
1901 2236 1913 2278 3

160 2302 264 2366 ipse
294 2303 439 2350 docet
457 2319 469 2362 ;
507 2318 592 2365 per
625 2302 786 2364 ipsum
818 2301 960 2350 datur
993 2316 1155 2348 sermo
1180 2299 1451 2362 sapientiae
1469 2318 1482 2361 ς
1517 2299 1581 2347 ab
1607 2299 1715 2362 ipso
1741 2308 1911 2348 sancta

161 2383 407 2447 Scriptura
438 2381 671 2446 inspirata
697 2391 783 2431 est.
857 2380 1064 2444 Spiritus
1099 2389 1297 2430 sanctus
1326 2380 1440 2430 ideo
1467 2380 1761 2444 septiformis
1788 2398 1908 2429 nun·
1932 2397 1986 2442 13

160 2474 378 2528 cupatur,
413 2473 611 2528 propter
643 2465 776 2513 dona
813 2480 939 2526 quae
974 2464 1037 2512 de
1075 2462 1276 2511 unitatis
1315 2463 1419 2511 eius
1457 2462 1766 2525 plenitudine
1804 2480 1907 2526 par-

217 2607 233 2632 1
268 2595 392 2633 modo
415 2594 486 2633 illa
509 2593 543 2632 C
651 2606 675 2630 2
705 2593 908 2642 procedet
933 2591 970 2629 T
1076 2603 1101 2640 3
1131 2591 1294 2644 autem]
1317 2593 1430 2630 enim
1456 2586 1501 2630 C'
1597 2606 1622 2642 4
1643 2593 1847 2642 procedet
1875 2591 1913 2629 T

160 2649 236 2688 sed
258 2662 340 2688 om.
368 2648 420 2685 Τ1
559 2659 583 2697 5
621 2648 823 2698 procedet
850 2646 910 2686 T:
941 2646 1136 2696 precedit
1159 2646 1219 2684 K²
1334 2660 1382 2685 12
1413 2647 1487 2685 int.
1510 2653 1628 2687 nunt.
1651 2646 1698 2684 K
1717 2647 1818 2698 <non
1838 2646 1903 2698 Α)

162 2702 267 2754 duo]
282 2703 325 2741 hi
339 2702 385 2740 K
582 2702 634 2740 In
648 2715 781 2753 marg.
798 2715 886 2742 non
909 2701 1156 2740 naturaliter
1175 2707 1464 2751 apparuerunt
1483 2703 1558 2740 sed
1577 2715 1654 2752 per
1671 2702 1906 2741 subiectam

164 2763 402 2798 creaturam
424 2757 604 2807 figurate
630 2755 681 2794 Τ2
791 2768 838 2805 13
867 2755 1124 2807 appellatur]
1147 2761 1213 2795 est
1233 2755 1280 2793 K
1390 2769 1436 2806 17
1461 2769 1557 2794 eum
1573 2770 1656 2797 om.
1678 2755 1714 2793 T
1819 2755 1904 2804 lug.

161 2818 297 2862 apost.
318 2811 359 2849 Β
486 2824 535 2861 19
563 2809 698 2862 enim]
719 2816 860 2850 autem
881 2810 927 2849 K
946 2811 1049 2860 (non
1070 2810 1132 2861 A)
1299 2811 1491 2850 mittetur
1518 2810 1555 2849 T
1714 2810 1905 2848 eiusdem

162 2880 244 2906 om.
269 2865 316 2904 K
334 2867 436 2917 (non
456 2865 520 2917 A)
633 2877 685 2904 22
715 2865 877 2904 ablatus
900 2864 979 2904 CK
984 2865 1021 2903 T
1036 2879 1046 2904 ι
1075 2865 1265 2904 sublatus
1285 2865 1373 2903 AB
1527 2864 1609 2904 abl.
1632 2863 1686 2903 fu.
1710 2865 1761 2903 ab
1782 2864 1843 2902 eis
1866 2862 1907 2901 K

166 2921 269 2972 (non
289 2921 353 2972 A)
521 2933 572 2970 23
602 2925 794 2971 praestat
816 2920 949 2972 (pre-)
972 2918 1066 2957 ΑΚ
1228 2919 1319 2972 qui]
1339 2932 1446 2969 quae
1478 2918 1558 2958 CK
1719 2932 1771 2968 24
1801 2925 1905 2957 tem-

167 2975 353 3026 poralem
373 2974 461 3012 ΒΚ
467 2973 504 3012 Τ
682 2987 772 3025 par.
791 2974 937 3014 dicunt
957 2975 1028 3014 lat.
1052 2973 1131 3012 BC
1311 2974 1429 3013 latini
1451 2973 1498 3012 K
1713 2985 1764 3023 25
1795 2973 1908 3012 dicet

167 3030 378 3079 ipsetocet
399 3029 515 3081 (corr.
537 3028 630 3079 ipse
652 3029 796 3080 docet)
826 3028 864 3067 T
1081 3042 1132 3078 27
1165 3028 1267 3068 Ideo
1289 3027 1400 3080 Spir.
1423 3041 1480 3068 sa.
1506 3027 1608 3066 BK²
1629 3041 1637 3066 :
1671 3027 1771 3067 Ideo
1793 3027 1905 3082 Spir-

168 3082 228 3121 Kl
393 3086 444 3123 28
473 3083 611 3124 unitas
635 3083 715 3143 CX:
745 3083 861 3123 unita
881 3082 921 3120 Β
