2176 3424
344 132 1140 182 ETYMOLOGIARVM'LIB.
1182 133 1321 178 XVI.
1362 130 1484 188 xxiv,
1513 148 1604 178 xxv

106 272 398 313 mensurata.
462 263 742 326 Vnicuique
757 271 924 311 autem
945 263 1151 325 ponderi
1172 274 1332 311 certus
1349 272 1422 310 est
1444 264 1622 311 modus
1644 262 1851 311 nomini·
1873 269 1901 318 7

105 346 196 395 bus
222 345 428 409 propriis
453 346 752 408 designatus.
824 344 1020 402 Calcus,
1043 343 1247 392 minima
1273 360 1382 407 pars
1408 345 1659 407 ponderis,
1679 353 1851 407 quarta
1873 347 1902 394 8

105 444 214 490 pars
235 426 369 476 oboli
388 436 474 486 est,
488 436 720 476 constans
741 427 883 475 lentis
903 425 1110 489 geminis
1131 425 1305 489 granis.
1377 428 1668 490 Appellatur
1682 437 1847 477 autern

106 510 269 558 calcus
295 510 430 572 quod
456 510 515 557 sit
541 511 768 571 parvulus
787 526 799 569 3
837 507 961 556 sicut
987 517 1035 556 et
1060 507 1182 571 lapis
1202 508 1431 568 calculus,
1452 507 1537 571 qui
1561 510 1688 557 adeo
1709 509 1849 557 mini-

61 610 82 650 5
106 608 214 640 mus
241 601 314 639 est
345 600 397 639 ut
422 591 526 640 sine
555 590 779 640 molestia
804 589 878 638 sui
904 591 1131 638 calcetur.
1205 589 1391 653 Siliqua
1416 589 1650 639 vicesima
1675 600 1847 653 quarta
1872 605 1906 651 9

106 689 214 735 pars
241 674 383 721 solidi
411 682 497 732 est,
525 672 587 721 ab
624 672 810 731 arbore,
839 673 978 720 cuius
1012 688 1183 720 semen
1217 679 1303 731 est,
1333 671 1632 720 vocabulum
1658 681 1845 721 tenens.

107 755 306 804 Ceratin
346 754 480 802 oboli
523 771 631 816 pars
673 755 834 802 media
874 762 961 813 est,
998 754 1185 802 habens
1229 753 1456 816 siliquam
1493 771 1644 802 unam
1687 756 1845 803 semiS.
1873 772 1931 806 10

110 838 263 884 Hunc
307 835 543 884 Latinitas
593 835 923 884 semiobolum
971 844 1143 895 vocat3
1201 836 1384 884 ceratin
1433 845 1599 885 autem
1644 838 1847 896 Graece,

109 919 282 966 Latine
304 915 523 984 [siliqua]
542 915 840 982 cornu<l>um
862 918 1216 980 interpretatur.
1278 916 1472 966 Obolus
1490 917 1677 981 siliquis
1696 918 1850 967 tribus
1875 929 1919 964 11

36 1022 86 1049 10
106 998 413 1062 adpenditur‚
443 999 632 1048 habens
651 999 835 1048 ceratin
856 1001 996 1060 duos,
1020 1001 1180 1048 calcos
1201 1008 1444 1062 quattuor.
1519 999 1693 1048 Fiebat
1718 1000 1850 1050 enim

107 1080 223 1129 olim
251 1097 308 1129 ex
332 1097 443 1129 aere
466 1082 530 1130 ad
556 1080 706 1129 instar
732 1081 949 1144 sagittae.
1023 1082 1170 1130 Vnde
1197 1091 1244 1130 et
1278 1097 1463 1130 nomen
1488 1098 1517 1129 a
1542 1082 1744 1131 Graecis
1777 1099 1853 1131 ac-

106 1161 249 1225 cepit,
276 1163 372 1211 hoc
397 1170 471 1211 est
508 1162 696 1226 sagitta.
770 1162 1020 1226 Scripulus
1054 1180 1137 1212 sex
1171 1162 1455 1226 siliquarum
1491 1165 1711 1227 pondere
1737 1181 1850 1214 con-

107 1253 213 1293 stat.
289 1243 389 1292 Hic
426 1245 561 1307 apud
601 1247 816 1293 Graecos
853 1261 1071 1308 gramma
1108 1254 1320 1294 vocatur.
1397 1245 1648 1309 Scripulus
1683 1256 1847 1296 autem
1874 1260 1929 1294 12

108 1327 269 1374 dictus
303 1342 388 1390 per
417 1326 796 1375 diminutionem
834 1343 863 1374 a
898 1326 1064 1390 lapillo
1102 1326 1235 1376 brevi
1273 1327 1357 1390 qui
1394 1344 1597 1391 scrupus
1632 1338 1846 1378 vocatur.

37 1427 84 1469 15
111 1410 326 1471 Dragma
351 1416 522 1456 octava
546 1424 655 1470 pars
681 1407 856 1457 unciae
877 1417 948 1457 est
974 1417 1021 1457 et
1046 1408 1232 1458 denarii
1258 1410 1453 1472 pondus
1472 1410 1674 1473 argenti,
1693 1411 1846 1461 tribus
1871 1424 1926 1471 13

108 1498 340 1538 constans
380 1489 614 1552 scripulis,
655 1489 704 1538 id
743 1499 815 1539 est
852 1491 1026 1539 decem
1064 1499 1111 1539 et
1148 1500 1262 1540 octo
1299 1490 1499 1554 siliquis.
1577 1494 1846 1542 Denarium

106 1580 269 1620 autem
309 1570 495 1620 dictum
535 1572 650 1634 quia
688 1588 776 1635 pro
815 1572 989 1620 decem
1029 1572 1244 1621 nummis
1284 1572 1546 1636 inputatur.
1621 1575 1844 1623 Solidum
1873 1582 1929 1630 14

107 1652 587 1717 nuncupatum,quia
607 1652 728 1700 nihil
747 1653 816 1701 illi
833 1655 1006 1702 deesse
1023 1653 1240 1715 videtur;
1273 1654 1487 1704 solidum
1507 1655 1638 1704 enim
1656 1665 1845 1706 veteres

107 1734 349 1798 integrum
387 1734 621 1784 dicebant
657 1744 704 1784 et
734 1744 907 1784 totum.
984 1737 1099 1800 Ipse
1132 1753 1333 1800 quoque
1363 1737 1610 1786 nomisma
1646 1748 1849 1787 vocatur

37 1833 196 1879 20p1'O
234 1833 294 1865 eo
336 1818 471 1879 quod
511 1817 797 1866 nominibus
836 1817 1112 1881 principum
1154 1819 1424 1883 effigiisque
1463 1820 1692 1883 signetur.
1767 1821 1847 1870 Ab

107 1897 245 1946 initio
273 1914 386 1947 vero
419 1915 572 1946 unum
607 1898 852 1948 nomisma
888 1917 1014 1948 unus
1043 1909 1302 1963 argenteus
1333 1911 1434 1950 erat
1455 1919 1468 1963 3
1505 1904 1599 1951 hoc
1625 1903 1758 1951 enim
1783 1903 1848 1952 ab

107 1981 316 2043 Assyriis
341 1980 504 2044 coepit
525 2001 534 2030 :
571 1981 744 2030 dicunt
768 1990 934 2030 autem
963 1983 1137 2032 Iudaei
1162 1985 1298 2046 quod
1316 1985 1568 2033 Abraham
1595 1986 1644 2033 in
1671 1994 1844 2034 terram

107 2063 343 2112 Chanaan
368 2062 551 2126 primus
569 2064 695 2112 hanc
710 2064 959 2113 advexerit
975 2065 1196 2114 formam.
1247 2067 1472 2115 Solidum
1492 2068 1626 2131 apud
1645 2067 1846 2116 Latinos

104 2143 201 2192 alio
239 2143 439 2193 nomine
477 2146 662 2193 sextula
699 2145 889 2206 dicitur,
930 2148 1066 2209 quod
1103 2147 1177 2196 his
1227 2164 1310 2196 sex
1359 2150 1503 2197 uncia
1542 2152 1841 2213 conpleatur.

32 2240 80 2282 25
109 2223 275 2282 Hunc,
311 2231 364 2271 ut
398 2221 623 2284 diximus,
653 2226 824 2287 vulgus
853 2241 1055 2274 aureum
1091 2227 1305 2275 solidum
1338 2237 1514 2277 vocant
1533 2246 1545 2289 ;
1582 2229 1721 2279 cuius
1759 2240 1848 2279 ter-

103 2303 220 2351 tiam
254 2313 440 2367 partem
472 2304 586 2354 ideo
620 2305 846 2355 dixerunt
876 2307 1162 2368 tremissem,
1193 2325 1252 2357 eo
1283 2310 1419 2372 quod
1453 2309 1667 2360 solidum
1702 2313 1847 2361 faciat

158 2448 182 2484 4
211 2434 409 2485 parvulus
429 2435 537 2474 BT:
568 2449 721 2485 parvus
743 2435 787 2474 Κ
913 2449 936 2486 5
969 2438 1139 2488 Seliqua
1160 2437 1247 2476 KT
1264 2439 1365 2489 (mon
1389 2439 1440 2489 C)
1530 2447 1678 2490 quarta
1699 2455 1779 2481 om.
1805 2443 1850 2480 K

104 2489 204 2538 (non
229 2489 282 2533 C)
365 2491 391 2528 6
421 2490 620 2528 asemine
632 2492 795 2530 arboris
816 2491 852 2529 T
913 2494 1033 2531 cuius
1057 2506 1211 2531 nomen
1232 2492 1278 2530 K
1296 2496 1399 2543 (non
1418 2494 1493 2546 C):
1524 2496 1641 2534 cuius
1658 2497 1845 2548 (lacuna)

103 2555 213 2582 nom.
232 2543 408 2582 Hultsch
567 2558 588 2594 7
620 2545 789 2584 Ceratin
807 2560 862 2585 an
877 2547 969 2585 -tim
991 2548 1123 2587 z'ncert.
1150 2547 1203 2588 T:
1235 2549 1327 2586 —tim
1345 2548 1432 2586 ΒΚ
1537 2550 1739 2600 seliquam
1761 2552 1806 2590 K
1813 2552 1851 2591 T

104 2599 128 2636 8
158 2598 417 2637 semobolum
446 2598 588 2637 Tanta
608 2613 706 2639 corr.
819 2607 991 2640 ceraten
1014 2602 1099 2640 ΒΚ
1245 2616 1271 2653 9
1301 2604 1459 2653 seliqua
1479 2605 1588 2643 KT:
1618 2605 1690 2644 del.
1716 2606 1839 2647 Arev.

103 2664 306 2691 cornuum
327 2653 432 2691 BK:
463 2666 633 2692 cornum
662 2655 712 2694 T:
745 2657 898 2695 correxi
1057 2657 1241 2707 seliquas
1269 2657 1306 2695 T
1523 2671 1572 2698 10
1601 2661 1760 2699 ceratin
1787 2675 1843 2700 an

103 2708 194 2746 -tim
214 2707 348 2747 incert.
380 2708 432 2748 T:
464 2709 556 2746 ·tim
580 2708 666 2746 ΒΚ
790 2724 838 2749 10
869 2711 1008 2750 calcus
1029 2711 1115 2749 BT
1243 2725 1286 2750 11
1319 2726 1343 2751 a
1365 2713 1434 2753 Gr.
1467 2727 1578 2754 nom.
1603 2714 1650 2752 K
1668 2715 1768 2766 (non
1793 2716 1843 2763 C)

102 2774 185 2800 acc.
216 2762 402 2813 (lacuna)
424 2763 503 2801 hoc
524 2762 700 2802 Hultsch
926 2779 973 2803 12
1005 2765 1238 2816 Scrupulus
1259 2766 1316 2804 Β1
1483 2770 1739 2820 seliquarum
1761 2770 1806 2808 Κ
1812 2771 1849 2809 T

106 2828 154 2865 15
183 2817 305 2855 uncia
333 2816 370 2854 T
463 2818 605 2856 denari
627 2816 667 2854 Β
798 2821 847 2858 16
876 2821 1083 2870 scrupulis
1105 2821 1160 2859 Β1
1254 2821 1439 2872 seliquas
1466 2823 1503 2862 T
1630 2837 1678 2874 19
1708 2826 1842 2864 numi-

104 2883 194 2909 sma
214 2870 282 2910 B:
304 2872 551 2910 nummisma
567 2871 613 2908 K
681 2886 733 2911 20
763 2875 984 2924 effigisque
1008 2875 1063 2915 T:
1096 2876 1343 2926 effigiesque
1359 2876 1406 2915 K
1467 2891 1516 2916 21
1551 2880 1759 2918 numisma
1774 2879 1826 2918 B:

102 2924 417 3017 nummismallg
539 2939 590 2964 22
622 2928 733 2976 cepit
752 2928 863 2968 codd.
993 2942 1043 2979 24
1075 2929 1157 2979 his]
1180 2931 1245 2970 bis
1267 2930 1310 2969 K
1391 2934 1524 2973 unciis
1545 2932 1613 2973 K:
1644 2933 1842 2973 unciasB

103 2991 154 3029 25
183 2986 303 3019 vocat
323 2980 364 3018 Β

930 3142 1003 3174 Ρ2
