2176 3424
385 122 1011 172 ETYMOLOGIARVM
1052 122 1181 171 LIB.
1223 122 1361 168 XIX.
1400 121 1521 178 xxvi,
1550 119 1674 167 xxvii

157 263 229 302 est
253 255 372 313 vela,
402 253 464 301 de
484 251 709 314 pellibus,
739 250 902 313 qualia
934 250 983 298 in
1021 252 1196 299 Exodo
1222 252 1462 313 leguntur,
1490 267 1518 298 a
1543 250 1723 313 quibus
1749 250 1904 298 taber-

156 337 387 384 naculum
404 334 704 383 extrinsecus
729 332 999 396 tegebatur.
1061 331 1236 380 Dictae
1255 340 1422 380 autem
1439 331 1660 380 cortinae
1683 349 1713 380 a
1731 331 1901 391 coreis,

155 435 216 466 eo
242 418 376 480 quod
402 415 534 480 prius
560 432 618 463 ex
642 414 853 477 pellibus
887 413 1093 462 fuissent
1127 415 1298 462 factae.
1374 414 1520 462 Vnde
1554 422 1603 462 et
1639 412 1689 462 in
1724 414 1902 462 eodem

155 496 475 546 tabernaculo
515 496 633 559 legis
672 496 869 545 iubetur
917 494 1130 543 cortinas
1179 494 1282 543 fieri
1331 510 1388 542 ex
1436 494 1648 557 pellibus
1695 493 1904 544 arietum

108 602 129 640 5
154 578 310 627 rubris
336 565 384 628 et
410 596 467 628 ex
492 578 703 641 pellibus
729 576 988 626 iacintinis.
1050 576 1226 627 Cilicia
1250 576 1439 625 Arabes
1464 585 1756 639 nuncupant
1779 579 1904 625 vela-
1929 594 1987 629 10

155 669 322 708 menta
347 659 455 723 pilis
481 676 736 723 caprarum
763 667 1005 718 contexta,
1034 675 1092 707 ex
1118 658 1298 721 quibus
1325 657 1417 706 sibi
1443 658 1652 707 tentoria
1677 658 1876 708 faciunt.

289 743 372 790 DE
403 755 569 790 LANIS.
643 743 781 789 Lana
812 757 841 788 a
877 741 1124 799 laniando,
1164 739 1215 788 id
1245 749 1318 788 est
1350 756 1379 788 a
1411 741 1655 800 vellendo,
1695 750 1898 790 vocata:
1925 746 2090 786 XXVII

154 824 270 871 hinc
295 834 344 874 et
369 825 521 872 vellus
549 824 751 882 dictum,
781 823 918 884 quod
943 821 1075 884 prius
1101 823 1242 870 lanae
1269 823 1575 881 vellerentur,
1603 838 1705 871 non
1731 825 1902 871 tonde-

153 914 331 953 rentur.
407 904 587 952 Linum
629 921 687 952 ex
726 914 850 952 terra
890 903 1053 962 oritur,
1097 904 1444 966 deflexumque
1492 920 1677 952 nomen
1726 904 1830 953 eius
1872 922 1901 953 a

80 1005 129 1033 10
153 988 375 1046 Graeco,
427 1003 542 1033 nam
585 987 742 1034 linum
782 985 959 1035 Graeci
1001 987 1207 1048 λινάριον
1248 985 1422 1034 dicunt
1443 1003 1457 1045 3
1511 984 1612 1034 sive
1660 987 1798 1048 quod
1840 986 1900 1035 sit

152 1069 300 1116 molle
330 1076 377 1116 et
412 1069 538 1117 lene.
610 1070 798 1130 Stuppa
834 1083 950 1116 vero
986 1066 1198 1116 cannabi
1235 1075 1308 1116 est
1345 1066 1446 1115 sive
1475 1066 1577 1114 lini.
1651 1069 1795 1117 Haec
1832 1085 1901 1117 se·
1926 1080 1956 1115 2

151 1150 371 1197 cundum
413 1148 668 1211 antiquam
718 1148 1118 1212 orthographiam
1158 1157 1337 1212 stuppa
1376 1148 1522 1207 dicta,
1569 1151 1705 1211 quod
1745 1167 1804 1199 ex
1844 1167 1901 1199 ea

151 1230 302 1279 rimae
333 1229 531 1278 navium
563 1230 820 1293 stipentur.
891 1231 1039 1279 Vnde
1073 1239 1122 1279 et
1158 1231 1416 1293 stipatores
1454 1229 1698 1289 dicuntur,
1733 1231 1817 1294 qui
1849 1231 1899 1280 in

150 1311 356 1360 vallibus
382 1329 490 1361 eam
522 1321 827 1375 conponunt.
900 1314 1204 1361 Tomentum
1236 1313 1536 1374 appellatum
1569 1314 1706 1375 quod
1739 1322 1824 1362 aut
1849 1313 1898 1362 in
1924 1327 1954 1375 3

79 1411 125 1451 15
150 1394 233 1441 filo
269 1403 352 1441 aut
389 1393 438 1441 in
469 1395 567 1442 tela
603 1402 803 1452 tumeat,
844 1410 936 1442 nec
973 1393 1294 1442 subtilitatem
1332 1393 1526 1442 habeat.
1601 1395 1896 1444 Cannabum

148 1492 177 1522 a
201 1474 522 1524 similitudine
547 1491 735 1523 cannae
761 1485 1004 1534 vocatum,
1029 1475 1128 1523 sive
1153 1492 1181 1523 a
1201 1476 1391 1524 Graeca
1417 1476 1714 1539 etymologia
1735 1495 1748 1537 3
1784 1494 1900 1526 nam

148 1555 215 1603 illi
251 1555 531 1605 cannabum
572 1558 794 1619 κάνναβιν
829 1566 1023 1605 vocant.
1095 1559 1304 1620 Byssum
1341 1573 1497 1620 genus
1535 1567 1607 1607 est
1644 1560 1899 1622 quoddam
1922 1583 1954 1630 4

147 1637 232 1685 lini
253 1637 460 1685 nimium
488 1638 687 1687 candidi
713 1648 761 1688 et
787 1638 1076 1699 mollissimi,
1105 1640 1241 1702 quod
1261 1638 1438 1688 Graeci
1463 1649 1677 1702 papaten
1703 1652 1895 1691 vocant.

151 1718 405 1767 Fibrinum
445 1721 557 1767 lana
594 1729 666 1768 est
702 1719 1004 1779 animalium,
1046 1736 1170 1783 quos
1211 1721 1360 1769 fibros
1399 1730 1592 1770 vocant.
1668 1723 1811 1785 Ipsos
1851 1734 1899 1772 et

76 1818 126 1845 20
148 1811 362 1849 castores
378 1800 671 1861 existimant,
692 1818 816 1864 quos
842 1803 962 1850 dum
989 1810 1245 1851 venatores
1271 1811 1516 1862 secuntur,
1540 1802 1631 1866 ipsi
1657 1802 1751 1851 sibi
1768 1803 1896 1852 testi-

147 1884 285 1931 culos
323 1882 564 1932 adimunt.
636 1885 832 1932 Aranea
872 1892 1074 1932 vocatur
1114 1899 1174 1933 eo
1216 1885 1353 1946 quod
1392 1884 1515 1933 aeris
1556 1884 1802 1934 infusione
1845 1885 1894 1934 in

145 1963 403 2012 frondibus
454 1964 706 2013 nutriatur.
780 1964 1001 2013 Sericum
1059 1965 1249 2014 dictum
1299 1965 1415 2029 quia
1462 1966 1513 2015 id
1562 1968 1702 2016 Seres
1750 1967 1893 2031 primi
1916 1984 1947 2032 5

148 2045 383 2094 miserunt
403 2064 414 2105 3
456 2045 708 2094 vermiculi
734 2045 866 2094 enim
895 2046 961 2095 ibi
989 2049 1123 2095 nasci
1149 2047 1484 2111 perhibentur,
1512 2065 1541 2097 a
1567 2048 1747 2112 quibus
1772 2051 1895 2098 haec

145 2127 328 2175 circum
359 2127 556 2175 arbores
582 2128 662 2175 fila
688 2128 934 2176 ducuntur
958 2147 965 2176 :
1021 2144 1210 2177 vermes
1236 2138 1401 2178 autem
1428 2129 1520 2193 ipsi
1558 2130 1747 2180 Graece
1770 2134 1892 2196 βόμ-

74 2222 92 2250 2
101 2224 121 2262 5
143 2208 285 2269 βυκες
308 2207 640 2258 nominantur.
702 2209 921 2258 Placium
943 2218 1016 2258 est
1041 2218 1218 2274 stuppa
1243 2219 1290 2259 et
1315 2211 1454 2273 quasi
1480 2214 1710 2262 crassedo
1737 2213 1890 2274 serici,

145 2298 192 2337 et
218 2298 291 2338 est
318 2290 562 2339 Graecum
592 2307 789 2340 nomen.

201 2432 219 2457 1
251 2420 293 2458 in
334 2431 416 2459 om.
459 2418 496 2457 T
600 2421 682 2470 leg.
723 2434 790 2470 qu.
836 2419 872 2458 C
1017 2433 1041 2458 2
1073 2421 1185 2460 dicta
1224 2434 1292 2460 au.
1332 2423 1497 2462 cortina
1541 2422 1579 2461 T
1721 2437 1746 2474 3
1775 2427 1893 2475 prius

143 2472 328 2512 RCTU:
355 2475 535 2524 primum
555 2474 644 2512 ΚΝ
805 2475 916 2514 facta
939 2473 974 2513 C
1161 2490 1186 2525 4
1216 2477 1404 2516 curtinas
1424 2477 1471 2516 K
1660 2481 1686 2517 6
1715 2481 1822 2529 pelis
1850 2480 1896 2519 K

145 2542 165 2578 7
198 2528 399 2568 laniendo
433 2528 536 2568 CK:
578 2531 694 2568 -dum
724 2530 770 2567 N
799 2529 878 2581 (ex.
897 2531 969 2569 -do
985 2530 1018 2582 2)
1240 2531 1280 2570 id
1316 2537 1383 2570 est
1412 2545 1495 2572 om.
1534 2532 1624 2571 KN
1654 2535 1757 2585 (non
1793 2534 1890 2585 FU)

140 2585 166 2621 8
195 2583 346 2622 vellum
368 2582 413 2620 K
431 2585 532 2634 (non
552 2585 608 2635 F)
714 2597 796 2623 non
820 2585 935 2624 tond.
961 2598 1042 2624 om.
1071 2584 1131 2624 C*
1193 2586 1549 2637 9·dessuxumque
1577 2587 1614 2626 T
1710 2601 1760 2627 10
1786 2590 1890 2641 λιν.]

143 2638 340 2676 linarium
378 2637 490 2678 codd.
678 2637 732 2678 sit
772 2652 855 2680 om.
899 2639 934 2678 C
1174 2651 1217 2678 11
1254 2640 1390 2690 Stupa
1429 2640 1471 2678 B
1653 2645 1804 2694 canapi
1847 2643 1892 2682 K

142 2704 191 2731 12
221 2693 360 2743 stippa
395 2692 430 2731 C
440 2705 449 2740 ;
486 2693 591 2742 fort.
629 2699 796 2743 stuppa,
835 2706 930 2732 nam
965 2700 1120 2744 styppa
1277 2708 1332 2734 ex
1362 2709 1445 2737 om.
1485 2695 1521 2735 C
1704 2710 1752 2747 13
1783 2700 1887 2738 remi

141 2746 268 2785 BKP
280 2748 382 2799 (non
395 2747 577 2801 DEFU)
763 2749 933 2787 nauium
953 2749 1004 2788 Cl
1188 2750 1492 2799 stupenturB:
1523 2752 1767 2802 stippentur
1791 2753 1887 2792 TU:

141 2807 395 2852 stuppentur
414 2801 500 2839 KP
728 2803 987 2852 stippatores
1007 2802 1093 2842 BT
1094 2802 1151 2842 U2
1171 2802 1321 2855 (stipa-
1346 2804 1442 2857 U¹):
1469 2811 1742 2856 stuppatores
1763 2806 1890 2846 KNP

139 2855 179 2893 in
200 2856 378 2895 navibus
400 2857 526 2895 Arev.
544 2855 647 2905 (non
668 2855 932 2909 DEFNPU)
1130 2869 1177 2907 15
1208 2859 1278 2898 filo
1299 2872 1323 2898 a
1342 2865 1413 2899 aut
1430 2859 1477 2897 K
1665 2861 1887 2912 Canapum

142 2908 189 2947 K
345 2912 395 2949 16
422 2922 574 2949 carnae
597 2909 646 2950 C1
767 2917 943 2951 vocatur
962 2912 1007 2950 K
1156 2925 1202 2963 17
1234 2913 1276 2953 il.
1299 2925 1533 2964 cannapum
1555 2915 1601 2954 K
1719 2915 1886 2956 Bissum

142 2962 230 3002 ΒΚ
237 2963 274 3002 T
381 2965 428 3004 18
457 2965 628 3016 papatin
651 2963 722 3004 K:
751 2972 949 3017 papatem
977 2966 1014 3005 T
1119 2979 1172 3006 20
1200 2973 1416 3008 castoreos
1444 2968 1495 3006 T1
1607 2983 1655 3009 21
1688 2977 1833 3010 vocata
1856 2972 1891 3010 C

144 3017 245 3068 (non
270 3018 326 3070 U)
482 3033 532 3058 22
563 3021 660 3070 quia
681 3021 721 3059 id
744 3019 948 3060 BCTVU
963 3021 1110 3072 (sere):
1142 3035 1265 3072 quem
1287 3022 1379 3062 ΚΝ
1541 3037 1590 3073 24
1618 3026 1814 3065 dicuntur
1836 3026 1886 3065 C¹

138 3072 287 3124 βομβ.]
309 3073 520 3113 bombices
540 3074 650 3114 codd.
765 3086 816 3125 25
847 3077 1049 3126 grassedo
1071 3075 1121 3114 Cl
1139 3091 1148 3116 :
1177 3077 1392 3117 crasitudo
1413 3077 1459 3117 K
