2228 3444
1094 171 1367 219 ISIDORI

348 298 494 346 tionis
531 298 881 347 decentissima
917 302 1142 359 existunt,
1172 308 1224 348 ut
1260 299 1435 350 Cicero
1463 301 1624 365 (Catil.
1654 319 1693 360 2,
1718 301 1830 365 25):
1890 305 1974 350 ‘ex
2010 304 2103 350 hac

347 389 484 442 parte
510 382 670 443 pudor
699 390 898 444 pugnat,
928 381 1062 429 illinc
1088 382 1359 444 petulantia
1379 400 1390 442 3
1426 383 1543 429 hinc
1567 382 1820 445 pudicitia,
1849 382 1983 431 illinc
2009 392 2104 432 5111-

291 461 293 463 ’
347 478 488 524 prum
502 481 514 523 3
541 462 657 510 hinc
684 463 819 522 fides,
840 462 974 511 illinc
1002 463 1269 523 fraudatio3
1294 463 1410 511 hinc
1436 462 1606 526 pietas,
1626 463 1759 512 illinc
1779 466 1963 526 scelus3
1987 466 2103 513 hinc

346 544 638 602 constantia,
668 543 802 592 illinc
841 546 1003 605 furor3
1039 544 1156 593 hinc
1196 546 1444 604 honestas,
1481 544 1615 592 illinc
1654 545 1909 609 turpitudo
1927 565 1941 607 3
1988 546 2103 594 hinc

349 626 669 685 continentia,
699 626 833 674 illinc
863 627 1052 687 libido3
1101 626 1218 676 hinc
1245 626 1464 690 denique
1499 627 1735 690 aequitas,
1763 628 2099 691 temperantia,
2128 645 2148 684 5

347 708 600 768 fortitudo,
646 707 922 771 prudentia,
969 708 1170 757 virtutes
1214 725 1387 758 01111165
1437 719 1624 758 66113111
1667 727 1779 758 611111
1829 709 2102 773 iniquitate,

346 789 550 849 luxuria,
573 789 780 853 ignavia,
803 790 1093 851 temeritate,
1116 808 1230 839 cum
1250 791 1377 839 vitiis
1399 791 1630 840 omnibus
1643 810 1656 852 3
1690 801 1942 855 postremo
1962 792 2106 856 copia

347 888 462 919 curn
481 881 697 934 egestate
710 891 723 933 3
752 873 886 921 bona
905 872 1029 921 ratio
1049 890 1162 921 cum
1183 873 1376 937 perdita
1386 892 1399 935 3
1430 890 1570 922 mens
1590 890 1708 922 sana
1725 891 1838 922 cum
1859 874 2075 923 amentia
2093 893 2105 934 3

346 952 480 1000 bona
510 953 727 1016 denique
753 970 863 1016 spes
890 971 1002 1002 cum
1035 954 1258 1003 omniurn
1290 972 1451 1004 rerum
1483 955 1827 1018 desperatione
1857 955 2105 1018 confligit.'

349 1036 409 1082 In
440 1034 726 1083 huiusmodi
757 1035 1025 1084 certamine
1050 1053 1108 1085 ac
1138 1037 1337 1099 praelio,
1364 1037 1649 1086 huiusmodi
1679 1037 1941 1086 locutionis
1967 1054 2106 1085 orna-
2131 1053 2181 1080 10

348 1125 517 1164 mento
558 1116 681 1165 liber
722 1117 1098 1167 Ecclesiasticus
1138 1136 1254 1168 usus
1295 1129 1381 1180 est,
1419 1119 1589 1169 dicens
1631 1119 1866 1184 (33,15):
1910 1123 2105 1167 ‘contra

347 1199 532 1245 malum
552 1199 756 1258 bonum,
777 1209 824 1248 et
841 1209 1013 1248 contra
1030 1210 1239 1250 mortem
1257 1202 1354 1250 vita
1374 1222 1381 1250 :
1419 1201 1486 1250 sic
1506 1210 1678 1250 contra
1694 1201 1828 1264 pium
1847 1210 2075 1264 peccator
2096 1220 2103 1248 :

347 1290 394 1327 et
416 1279 484 1327 sic
505 1280 694 1329 intuere
715 1281 764 1328 in
786 1282 954 1330 omnia
974 1299 1123 1345 opera
1142 1283 1379 1342 altissimi,
1403 1283 1519 1332 bina
1540 1292 1586 1331 et
1606 1282 1736 1342 bina,
1760 1300 1914 1331 unum
1935 1292 2106 1331 6011113

290 1367 322 1413 6
348 1364 534 1410 111111111.’
574 1363 874 1426 Synonymia
885 1373 972 1424 est,
986 1363 1216 1427 quotiens
1227 1365 1276 1413 in
1289 1366 1706 1421 conexaoratione
1715 1365 1936 1428 pluribus
1946 1364 2106 1414 verbis

348 1461 497 1491 unam
526 1461 628 1493 rem
660 1447 1008 1508 significamus,
1039 1456 1091 1495 ut
1125 1447 1191 1495 ait
1226 1447 1404 1497 Cicero
1432 1447 1595 1511 (Catil.
1623 1465 1660 1507 1,
1683 1446 1763 1511 8):
1804 1446 1953 1512 ‘nihil
1986 1446 2102 1510 agis,
2134 1460 2179 1501 15

346 1524 467 1572 nibil
496 1526 693 1585 moliris,
714 1527 836 1574 nihil
858 1527 1074 1591 cogitas.'
1148 1530 1212 1577 Et
1238 1531 1354 1578 item
1376 1527 1542 1594 (Catil.
1569 1546 1607 1588 1,
1635 1529 1743 1595 10):
1787 1534 1915 1577 ‘non
1935 1531 2101 1588 feram,

293 1622 320 1670 7
346 1625 445 1655 non
478 1608 644 1671 patiar,
679 1626 780 1657 non
813 1609 1001 1658 sinam.'
1063 1612 1349 1673 Epanodos,
1385 1628 1534 1674 quam
1569 1610 1922 1673 regressionem
1953 1612 2105 1659 nostri

345 1699 524 1738 vocant
541 1689 668 1755 (Cic.
690 1691 846 1754 Ligar.
877 1692 957 1755 19)
980 1712 988 1740 ε
1028 1692 1350 1756 ‘principium
1369 1692 1580 1756 dignitas
1599 1702 1699 1741 erat
1715 1710 1842 1756 pene
1859 1710 1946 1756 par
1957 1711 1969 1753 3
2002 1710 2103 1740 non

290 1780 319 1825 8
346 1789 430 1833 par
456 1774 659 1820 fortasse
686 1790 870 1832 eorum,
901 1791 1028 1836 quae
1054 1775 1418 1837 sequebantur.²
1489 1774 1840 1838 Antapodosis,
1873 1774 2103 1838 quotiens

346 1853 511 1902 media
535 1854 705 1918 primis
733 1865 781 1903 et
807 1854 992 1903 ultimis
1018 1856 1323 1904 conveniunt
1351 1855 1424 1922 [ut
1451 1855 1545 1922 est]
1569 1855 1749 1920 (Cic.c.
1764 1866 1894 1905 cont.
1911 1858 2098 1905 Metell.
2130 1874 2179 1902 20

344 1939 460 2000 frag.
475 1936 526 2002 5)
548 1956 555 1984 :
598 1941 842 1985 ‘vestrum
861 1936 956 1984 iarn
979 1938 1075 1985 hoc
1093 1939 1277 1986 factum
1294 1939 1617 2001 reprehendo,
1637 1947 1800 2002 patres
1819 1937 2099 2001 conscripti,

345 2036 447 2068 non
479 2035 661 2079 meum,
693 2036 750 2067 ac
780 2019 1164 2082 pulcherrimum
1197 2020 1401 2083 quidem
1431 2023 1646 2069 factum:
1683 2036 1868 2080 verum,
1900 2029 1954 2068 ut
1987 2020 2100 2080 dixi,

288 2120 323 2166 9
346 2118 447 2149 non
483 2118 664 2161 meum,
699 2102 787 2150 sed
818 2104 1065 2151 vestrum.'
1139 2104 1473 2151 Paradiastole
1500 2112 1586 2162 est,
1615 2102 1846 2166 quotiens
1873 2103 1936 2160 id,
1966 2103 2103 2164 quod

346 2181 571 2241 dicimus,
594 2182 998 2245 interpretatione
1019 2184 1344 2232 discernimus
1367 2183 1448 2247 (cf.
1468 2183 1621 2232 Rutil.
1643 2186 1766 2247 Lup.
1786 2202 1822 2244 1,
1838 2184 1889 2248 4)
1911 2204 1920 2232 :
1961 2187 2100 2232 ‘cum

345 2274 394 2312 te
428 2281 516 2327 pro
542 2272 704 2313 astuto
729 2264 1001 2328 sapientem
1029 2267 1262 2328 appellas,
1291 2282 1379 2328 pro
1404 2266 1770 2314 inconsiderato
1795 2267 1984 2325 fortem,
2014 2281 2102 2328 pro
2129 2281 2176 2322 25

262 2359 322 2392 10
346 2345 586 2394 inliberali
609 2346 927 2410 diligentem.'
997 2347 1342 2396 Antanaclasis
1364 2356 1449 2406 est,
1470 2364 1597 2410 quae
1618 2348 1797 2396 eodem
1817 2346 1968 2395 verbo
1988 2363 2102 2395 con-

346 2427 544 2476 trarium
587 2430 813 2491 exprimit
853 2446 1069 2477 sensum.
1145 2430 1458 2491 Querebatur
1491 2428 1693 2491 quidam
1729 2430 1792 2477 de
1831 2429 1946 2488 filio,
1987 2445 2100 2475 cum

347 2519 555 2558 mortem
591 2527 730 2558 5113111
765 2519 1057 2573 expectaret,
1095 2513 1461 2574 respondente:
1525 2515 1657 2559 ‘non
1691 2519 1911 2573 expecto,
1948 2509 2102 2558 immo

277 2613 322 2645 11
346 2602 477 2655 peto,
499 2591 672 2655 inquit,
696 2602 749 2640 ut
779 2594 1037 2656 expectes.'
1064 2592 1436 2642 Antimetabole
1453 2602 1526 2642 est
1541 2594 1798 2642 conversio
1823 2592 2099 2650 verborum,

347 2690 475 2737 quae
484 2673 658 2722 ordine
675 2682 866 2722 mutato
876 2674 1173 2723 contrarium
1186 2674 1565 2724 efficitsensum:
1597 2679 1607 2700 ‘
1625 2691 1726 2722 non
1742 2682 1794 2722 ut
1811 2674 1955 2722 edam
1973 2672 2098 2733 vivo,
2128 2688 2178 2728 30

405 2824 425 2860 7
457 2811 647 2849 luxuriae
680 2810 762 2850 T1:
793 2811 961 2850 luxuria
991 2825 1086 2851 cum
1125 2811 1179 2851 T2
1328 2827 1354 2863 9
1384 2814 1509 2852 conss.
1533 2812 1717 2851 huiusm.
1749 2811 1786 2848 T
1920 2821 1965 2846 11
1998 2821 2099 2848 usus

331 2873 414 2906 *est
431 2879 514 2906 om.
543 2865 580 2903 T
689 2878 737 2903 12
760 2865 887 2904 vitam
904 2865 989 2904 BD
999 2867 1037 2904 T
1143 2880 1192 2917 13
1214 2867 1329 2907 omni
1346 2867 1387 2905 B
1502 2869 1551 2906 16
1571 2872 1615 2906 et
1630 2879 1712 2906 om.
1732 2864 1783 2903 C²
1895 2864 1945 2902 18
1965 2863 2100 2912 digni-

347 2922 447 2960 tatis
463 2921 507 2958 D
523 2921 623 2972 (non
639 2919 703 2971 H)
821 2933 870 2971 19
899 2921 1023 2971 inpar
1050 2921 1088 2959 T
1162 2922 1419 2972 sequebatur
1444 2921 1482 2960 T
1585 2934 1639 2960 20
1668 2926 1712 2958 ut
1729 2925 1793 2958 est
1807 2919 1898 2958 hab.
1925 2917 1982 2957 T:
2011 2931 2095 2957 om.

348 2976 428 3014 BC
430 2975 491 3013 21)
603 2988 650 3013 21
685 2975 894 3027 vestrum]
912 2989 1031 3014 usum
1048 2977 1164 3028 (usu)
1184 2977 1270 3015 BD
1289 2978 1387 3028 (pro
1398 2979 1503 3028 usffi,
1520 2977 1544 3016 i.
1558 2989 1589 3015 e.
1609 2974 1815 3026 vestrum)
1935 2985 1987 3010 22
2016 2986 2097 3011 non

350 3043 445 3068 eum
468 3029 588 3069 BCD
710 3029 781 3081 ac]
803 3043 827 3069 a
856 3030 898 3067 Β
1021 3032 1194 3081 quidum
1228 3033 1330 3085 (-am
1347 3033 1380 3082 2)
1410 3031 1448 3070 T
1605 3043 1658 3079 23
1687 3027 1896 3080 vestrum]
1916 3039 2035 3066 usum
2058 3027 2099 3064 D

351 3084 413 3136 id]
438 3085 505 3123 1116
535 3084 571 3122 Τ
703 3098 757 3135 29
787 3090 850 3123 651
869 3097 951 3125 om.
974 3085 1018 3122 D
1039 3088 1142 3138 (non
1163 3085 1230 3136 H)
