2228 3444
1059 184 1333 234 ISIDORI

321 315 451 364 dotis
478 316 656 380 magni,
685 316 964 381 conposuit,
990 316 1053 364 de
1079 330 1179 378 quo
1205 314 1430 364 meminit
1456 325 1503 365 et
1538 316 1808 378 Zacharias,
1838 317 1922 380 qui
1955 318 2078 368 liber

320 400 454 460 apud
491 399 695 448 Latinos
732 407 931 463 propter
973 396 1157 460 eloquii
1199 396 1572 446 similitudinem
1611 399 1889 449 Salomonis
1933 399 2076 450 titulo

230 486 295 533 32
320 489 648 542 praenotatur.
725 479 900 530 Dictus
937 489 1104 528 autem
1144 478 1522 528 Ecclesiasticus
1557 497 1617 529 eo
1654 482 1791 543 quod
1826 483 1890 530 de
1926 482 2074 531 totius

322 561 576 611 Ecclesiae
603 562 864 626 disciplina
888 560 1142 624 religiosae
1176 561 1561 610 conversationis
1593 579 1772 626 magna
1796 580 1911 613 cura
1937 574 1984 613 et
2009 581 2077 613 ra-

319 644 455 693 tione
493 644 553 694 sit
591 644 764 693 editus.
842 643 943 692 Hic
980 652 1028 691 et
1063 643 1198 706 apud
1236 643 1498 692 Hebraeos
1536 643 1784 708 reperitur,
1827 647 1915 695 sed
1951 645 2077 695 inter
2099 668 2122 710 5

232 742 297 790 33
319 728 628 790 apocryphos
655 727 875 775 habetur.
953 725 1124 774 Iudith
1150 741 1264 773 vero
1298 734 1346 773 et
1380 725 1584 785 Tobiae,
1614 728 1715 775 sive
1747 728 2078 777 Machabaeo-

320 826 427 857 rum
454 809 563 857 libri
590 809 769 872 quibus
795 807 1079 857 auctoribus
1107 807 1273 871 scripti
1307 817 1420 856 sunt
1455 807 1658 858 minime
1692 819 1898 859 constat.
1974 814 2075 860 Ha-

318 891 440 940 bent
464 901 631 940 autem
658 892 902 940 vocabula
926 907 985 940 ex
1018 907 1189 939 eorum
1227 890 1528 950 nominibus,
1558 908 1768 953 quorum
1803 901 1940 955 gesta
1966 893 2075 942 scri-

231 983 296 1029 34
320 974 458 1022 bunt.
497 974 904 1036 Quattuorlibros
918 972 1300 1036 Evangeliorum
1318 981 1549 1035 quattuor
1561 974 1904 1037 Evangelistae
1916 975 2075 1039 singu-

232 1062 296 1111 35
319 1055 478 1105 lariter
493 1056 904 1120 conscripserunt.
942 1055 1132 1103 Primus
1144 1056 1429 1104 Matthaeus
1448 1055 1738 1119 conscripsit
1749 1058 2072 1121 Evangelium
2101 1075 2149 1103 10

318 1137 488 1187 litteris
517 1137 780 1187 Hebraicis
808 1147 855 1186 et
882 1137 1193 1187 sermonibus
1221 1136 1270 1184 in
1299 1139 1486 1186 Iudaea
1511 1136 1708 1186 initians
1742 1139 2074 1202 evangelizare

317 1220 380 1268 ab
407 1222 624 1269 humana
651 1220 835 1270 Christi
862 1219 1114 1268 nativitate
1146 1219 1316 1268 dicens
1349 1217 1414 1285 (1,
1433 1218 1502 1284 1):
1544 1224 1554 1244 ‘
1573 1219 1720 1269 Liber
1743 1222 2072 1284 generationis

318 1304 432 1351 Iesu
461 1302 643 1352 Christi
671 1302 755 1350 filii
789 1302 967 1361 David,
989 1301 1073 1349 filii
1100 1302 1352 1349 Abraham
1371 1302 1408 1349 ⁷:
1448 1301 1728 1364 significans
1755 1304 2073 1354 descendisse

317 1386 632 1448 corporaliter
652 1401 710 1434 ex
730 1384 918 1434 semine
939 1383 1321 1448 patriarcharum
1343 1383 1610 1443 Christum,
1632 1383 1756 1433 sicut
1776 1386 2072 1448 promissum

226 1469 294 1527 36
316 1476 418 1516 erat
461 1467 511 1514 in
558 1466 811 1531 prophetis
855 1483 939 1530 per
982 1465 1217 1529 Spiritum
1262 1474 1501 1515 sanctum.
1575 1468 1832 1516 Secundus
1871 1469 2072 1517 Marcus
2100 1483 2146 1525 15

317 1551 492 1612 plenus
542 1558 714 1598 sancto
763 1548 945 1612 Spiritu
1006 1547 1198 1611 scripsit
1245 1547 1570 1611 Evangelium
1629 1548 1810 1599 Christi
1873 1550 2072 1613 eloquio

317 1632 510 1680 Graeco
544 1633 595 1678 in
622 1631 778 1691 Italia,
807 1639 1005 1679 secutus
1032 1633 1231 1679 Petrum
1259 1639 1312 1678 ut
1345 1629 1628 1693 discipulus.
1706 1633 1754 1679 Is
1789 1630 1983 1680 initium
2008 1635 2072 1682 ab

318 1713 489 1777 spiritu
515 1713 793 1777 prophetali
814 1715 928 1762 fecit
948 1712 1119 1762 dicens
1141 1713 1205 1776 (1,
1221 1711 1272 1776 3)
1293 1732 1302 1761 ε
1341 1715 1478 1761 ‘Vox
1505 1712 1762 1761 clamantis
1789 1714 1838 1762 in
1859 1715 2069 1775 deserto,

318 1805 485 1860 parate
523 1795 650 1845 viam
679 1795 960 1845 Domino':
1002 1804 1055 1844 ut
1092 1796 1375 1844 ostenderet
1402 1794 1654 1844 Christum
1692 1805 1804 1859 post
1841 1798 2071 1860 adsump-

319 1878 507 1928 tionem
542 1878 701 1927 carnis
729 1877 1055 1940 Evangelium
1089 1876 1401 1940 praedicasse
1438 1876 1487 1924 in
1515 1878 1718 1926 mundo.
1794 1879 1910 1940 Ipse
1936 1880 2068 1927 enim
2097 1895 2148 1923 20

318 1961 545 2011 Christus
571 1969 619 2010 et
644 1961 887 2023 propheta
912 1958 1073 2008 dictus
1100 1967 1186 2018 est,
1211 1958 1336 2008 sicut
1361 1959 1596 2021 scriptum
1618 1967 1691 2008 est
1717 1958 1912 2024 (Ierem.
1935 1978 1972 2019 1,
1987 1960 2037 2025 5)
2059 1980 2068 2010 :

231 2053 292 2101 37
321 2044 405 2091 ‘Et
425 2043 719 2106 prophetam
735 2041 786 2090 in
802 2041 1033 2105 gentibus
1050 2043 1195 2104 posui
1212 2043 1292 2090 te.⁷
1340 2040 1537 2090 Tertius
1558 2043 1734 2102 Lucas,
1754 2042 1878 2090 inter
1894 2058 2068 2092 omnes

315 2123 638 2187 evangelistas
667 2123 844 2173 Graeci
877 2123 1119 2173 sermonis
1154 2122 1524 2182 eruditissimus,
1554 2125 1738 2187 quippe
1769 2132 1821 2172 ut
1847 2123 2068 2174 medicus

314 2207 364 2254 in
390 2207 611 2267 Graecia,
642 2205 967 2269 Evangelium
993 2205 1186 2269 scripsit
1210 2204 1495 2268 Theophilo
1522 2205 1790 2269 Episcopo,
1818 2205 2015 2255 initians
2040 2223 2067 2256 a

315 2288 608 2337 sacerdotali
638 2287 810 2351 spiritu
837 2289 1007 2336 dicens
1036 2286 1198 2352 (1,5):
1241 2286 1383 2335 ‘Fuit
1412 2286 1463 2334 in
1493 2286 1669 2335 diebus
1698 2288 1917 2336 Herodis
1942 2288 2066 2352 regis
2093 2302 2140 2342 25

315 2372 533 2420 Iudaeae
576 2371 806 2419 sacerdos
849 2369 1138 2429 Zacharias,’
1179 2378 1231 2417 ut
1274 2368 1609 2417 manifestaret
1653 2368 1905 2419 Christum
1954 2381 2066 2434 post

313 2452 618 2501 nativitatem
653 2454 812 2500 carnis
847 2461 894 2501 et
931 2450 1350 2515 praedicationem
1378 2449 1634 2513 Evangelii
1670 2450 1882 2499 hostiam
1916 2452 2066 2502 fuisse

227 2532 291 2591 38
314 2536 544 2584 effectum
581 2552 670 2597 pro
694 2536 850 2584 salute
884 2533 1072 2582 mundi.
1149 2535 1262 2596 Ipse
1296 2542 1370 2582 est
1403 2533 1633 2581 sacerdos
1660 2534 1723 2581 de
1750 2550 1849 2596 quo
1874 2533 2062 2583 dictum

373 2679 390 2704 1
424 2671 467 2704 et
487 2677 569 2704 om.
592 2663 637 2700 K
786 2677 811 2713 3
842 2665 894 2703 de
915 2677 999 2704 om.
1023 2663 1069 2700 K
1231 2665 1257 2701 6
1285 2662 1450 2715 apocr.]
1473 2662 1758 2713 agiographus
1779 2663 1825 2700 K
1978 2665 2064 2703 tobi

313 2721 423 2760 codd.
587 2719 701 2770 sive]
721 2719 799 2758 sibi
821 2718 863 2755 B
1011 2731 1032 2767 7
1065 2718 1137 2757 lib.
1160 2731 1184 2756 a
1207 2731 1274 2767 qu.
1306 2715 1359 2754 T2
1506 2718 1664 2767 scripta
1690 2716 1727 2755 T
1885 2718 1969 2757 sint
1989 2719 2070 2758 BC

312 2779 507 2814 constant
533 2773 571 2811 T
721 2774 849 2813 habet
877 2772 937 2813 T:
967 2773 1171 2812 habemus
1190 2771 1236 2809 K
1398 2774 1423 2810 8
1453 2785 1631 2810 exorum
1655 2772 1690 2811 C
1825 2773 2066 2812 scribuntur

320 2830 358 2867 T
373 2831 442 2882 (ex
458 2843 560 2869 corr.
581 2828 613 2877 ἓ)
643 2827 758 2868 Τνιή.
886 2840 931 2865 11
965 2828 1104 2867 ebreis
1119 2826 1166 2864 K
1274 2827 1452 2878 Iudaea]
1475 2828 1554 2866 dea
1581 2826 1632 2864 Tl
1761 2839 1810 2876 14
1842 2828 2063 2867 exeminae

321 2884 358 2922 T
468 2896 515 2934 15
546 2883 658 2934 erat]
679 2889 744 2922 est
764 2882 810 2920 K
922 2885 971 2921 16
1001 2882 1188 2934 eloquio]
1213 2894 1411 2920 sermone
1431 2880 1478 2918 K
1497 2881 1597 2933 (non
1618 2881 1681 2932 A)
1800 2894 1846 2930 17
1877 2894 2064 2931 sequens

313 2938 359 2976 K
378 2959 380 2967 v
398 2953 479 2978 non
500 2939 565 2987 A)
716 2938 752 2976 is
773 2951 854 2976 om.
876 2936 922 2974 K
940 2937 1043 2989 (non
1062 2937 1127 2988 A)
1298 2950 1346 2986 19
1377 2949 1464 2986 par.
1486 2936 1540 2975 vi.
1563 2937 1673 2976 dom.
1698 2949 1782 2975 om.
1807 2934 1854 2972 K
1871 2936 1974 2987 (non
1994 2938 2062 2986 A)

313 3000 475 3033 osteret
502 2992 552 3031 Tl
704 3006 758 3032 20
791 3004 902 3032 carn.
924 2998 966 3030 et
986 3004 1137 3041 evang.
1158 2990 1256 3030 B1C
1408 2991 1452 3029 in
1473 3004 1558 3030 om.
1579 2989 1626 3027 K
1778 2990 1889 3028 enim
1910 2989 2004 3041 ipse
2030 2991 2069 3029 T

312 3062 365 3098 23
396 3048 464 3100 ut]
485 3055 528 3088 et
546 3047 592 3085 K
754 3060 806 3096 24
828 3047 1013 3096 greciam
1040 3045 1077 3084 T
1199 3045 1372 3086 initiens
1393 3044 1488 3084 BC1
1508 3060 1518 3085 :
1547 3045 1719 3084 initians
1739 3044 2002 3093 evangelium
2030 3045 2068 3084 T

312 3117 336 3142 a
356 3117 437 3142 om.
462 3102 508 3139 K
655 3103 708 3140 26
737 3102 862 3140 iudae
878 3101 958 3140 BC
1062 3114 1145 3140 sac.
1167 3100 1334 3151 quidam
1357 3101 1528 3139 nomine
1548 3112 1607 3140 za.
1635 3099 1671 3138 C
1813 3112 1864 3149 27
1895 3101 2059 3149 praedi-

313 3159 496 3196 ctionem
520 3158 569 3196 C¹
735 3158 787 3195 28
817 3155 902 3207 est]
926 3156 1039 3194 enim
1059 3155 1129 3195 B:
1159 3160 1225 3195 est
1244 3155 1355 3194 enim
1379 3154 1414 3193 C
