2228 3444
399 142 1030 191 ETYMOLOGIARVM
1071 143 1201 189 LIB.
1245 143 1343 188 ΙΙΙ.
1385 141 1580 189 lvi—lxvi

249 276 332 321 DE
373 286 578 321 LVMrNE
625 286 949 320 STELLARVM.
1023 271 1198 320 Stellas
1240 287 1344 318 non
1385 270 1569 319 habere
1610 272 1861 333 proprium
1888 269 1961 307 LX
1970 269 1982 306 l

112 356 296 414 lumen,
323 355 410 403 sed
435 370 463 402 a
488 355 591 402 sole
616 352 897 401 inluminari
923 351 1168 413 dicuntur,
1198 351 1323 401 sicut
1348 360 1396 400 et
1420 353 1550 400 luna.

247 439 665 485 DEVSTELLARVM
693 449 818 483 slTv.
881 436 1060 483 Stellae
1085 433 1350 482 inmobiles
1377 442 1490 481 sunt
1517 441 1564 481 et
1590 449 1703 480 cum
1724 433 1862 480 caelo
1887 444 2007 483 LXII

113 520 236 567 fixae
261 526 500 581 perpetuo
526 524 664 565 motu
690 517 923 576 feruntur,
946 533 1109 579 neque
1134 517 1320 564 cadunt
1346 532 1431 579 per
1458 514 1606 574 diem,
1633 515 1721 563 sed
1747 513 1862 562 solis

64 619 87 659 5
111 600 374 663 splendore
398 599 735 647 obscurantur.

246 683 331 729 DE
354 695 662 729 STELLARVM
689 694 868 728 CVRsv.
929 678 1100 728 Sidera
1123 687 1208 727 aut
1227 680 1460 738 feruntur,
1483 686 1566 726 aut
1586 686 1861 726 moventur.
1888 676 2032 715 LXIII

112 764 369 822 Feruntur,
387 779 514 825 quae
530 763 668 810 caelo
686 763 780 809 fixa
796 769 909 809 sunt
926 770 974 809 et
991 778 1105 809 cum
1122 762 1259 809 caelo
1275 761 1553 808 volvuntur.
1597 761 1865 807 Moventur

110 861 226 893 vero
246 845 491 907 quaedam
513 840 683 909 [sicut]
705 844 945 906 planetae,
968 842 1019 892 id
1044 852 1118 891 est
1137 841 1383 901 erraticae,
1407 857 1535 904 quae
1554 857 1724 889 cursus
1750 857 1865 888 suos

113 942 261 989 vagos
288 934 418 974 certa
444 934 611 973 tamen
636 923 927 974 definitione
953 923 1238 973 conficiunt.

42 1027 91 1056 10
251 1010 334 1055 DE
364 1021 525 1054 VARIO
559 1020 722 1055 CVRsv
753 1020 1078 1054 STELLARVM.
1151 1006 1331 1054 Stellae
1368 1020 1456 1067 pro
1494 1019 1568 1064 eo,
1607 1004 1744 1066 quod
1781 1020 1866 1066 per
1890 1003 2029 1042 LXIV

114 1088 331 1138 diversos
363 1088 507 1137 orbes
542 1087 827 1136 caelestium
861 1088 1170 1150 planetarum
1205 1087 1437 1144 feruntur,
1468 1086 1715 1148 quaedam
1745 1086 1868 1133 cele-

113 1171 211 1218 rius
248 1178 443 1218 exortae
479 1168 631 1218 serius
669 1168 935 1218 occidunt:
985 1169 1231 1231 quaedam
1270 1166 1455 1216 tardius
1492 1175 1686 1216 exortae
1722 1165 1866 1214 citius

113 1252 178 1301 ad
215 1267 447 1299 occasum
489 1249 811 1314 perveniunt:
863 1249 985 1298 aliae
1024 1250 1203 1312 pariter
1238 1247 1461 1297 oriuntur
1497 1256 1545 1296 et
1581 1264 1684 1296 non
1721 1245 1867 1294 simul

113 1332 379 1383 occidunt:
415 1349 587 1383 omnes
621 1341 787 1382 autem
817 1349 908 1381 suo
940 1342 1163 1394 ternpore
1195 1332 1259 1380 ad
1285 1347 1482 1379 cursum
1514 1329 1766 1393 proprium
1796 1344 1866 1377 re-

43 1433 90 1476 15
114 1424 383 1464 vertuntur.

251 1499 335 1545 DE
352 1511 660 1544 STELLARVM
680 1510 1040 1544 INTERVALLIS.
1097 1496 1277 1559 Stellae
1294 1493 1419 1542 inter
1436 1510 1486 1542 se
1507 1492 1710 1542 diversis
1726 1492 1869 1541 inter-
1892 1483 2010 1521 LXV

114 1579 251 1627 vallis
277 1578 460 1628 distant
483 1596 513 1627 a
537 1587 675 1638 terra,
704 1587 962 1641 propterea
987 1576 1169 1640 dispari
1203 1575 1422 1624 claritate
1457 1574 1610 1638 magis
1643 1574 1868 1622 minusve

116 1659 294 1709 nostris
331 1661 485 1709 oculis
521 1669 772 1724 apparent.
846 1663 976 1710 Nam
1014 1661 1198 1708 multae
1238 1657 1447 1706 maiores
1485 1666 1598 1705 sunt
1634 1655 1709 1704 his
1747 1672 1869 1718 quas

115 1741 341 1791 videmus
360 1741 667 1804 conspicuas,
688 1743 775 1791 sed
795 1742 988 1806 longius
1008 1741 1198 1805 positae
1218 1755 1396 1802 parvae
1414 1738 1643 1787 videntur
1661 1755 1690 1786 a
1709 1737 1870 1786 nobis.

43 1846 94 1874 20
253 1827 338 1873 DE
370 1839 652 1873 CIRCVLARI
692 1839 915 1873 NVMERo
947 1837 1273 1872 STELLARVM.
1348 1822 1598 1869 Numerus
1623 1819 1869 1868 circularis
1894 1811 2032 1850 LXVI

117 1907 365 1956 stellarum
409 1915 495 1967 est,
534 1923 621 1970 per
656 1908 793 1969 quod
829 1905 1065 1970 cognosci
1108 1903 1287 1954 dicitur
1334 1902 1386 1951 in
1422 1911 1610 1965 quanto
1647 1911 1870 1964 tempore

117 1987 355 2036 circulum
393 2004 537 2036 suum
574 2004 902 2051 unaquaeque
941 1989 1080 2037 stella
1113 1994 1374 2050 percurrat,
1412 1983 1513 2032 sive
1546 2000 1631 2046 per
1663 1980 1870 2043 longitu-

117 2068 300 2129 dinem,
324 2068 424 2118 sive
449 2084 535 2132 per
560 2069 887 2118 latitudinem.
951 2071 1082 2118 Nam
1104 2071 1247 2116 Luna
1272 2065 1488 2115 totannis
1508 2066 1656 2113 fertur
1676 2062 1870 2123 explere
1893 2068 1924 2101 2

118 2150 355 2199 circulum
381 2167 539 2210 suum,
564 2150 840 2199 Mercurius
866 2149 1009 2199 annis
1029 2165 1117 2209 XX,
1142 2148 1338 2197 Lucifer
1362 2146 1506 2196 annis
1527 2161 1596 2205 IX,
1619 2145 1704 2193 Sol
1728 2140 1870 2190 annis

44 2253 93 2294 25
118 2247 228 2292 xlx,
254 2235 444 2296 Vesper
476 2230 665 2299 [annis]
700 2248 783 2292 xv,
818 2234 1077 2282 Phaethon
1108 2232 1250 2279 annis
1280 2245 1372 2290 XII,
1411 2231 1648 2278 Saturnus
1679 2219 1868 2291 [annis]

119 2330 244 2362 xxx.
316 2314 513 2376 Quibus
546 2314 755 2378 peractis
780 2316 844 2364 ad
870 2313 1200 2363 reversionem
1234 2311 1403 2360 circuli
1437 2311 1511 2359 sui
1538 2310 1695 2358 isdem
1722 2303 1871 2369 signis

119 2405 166 2444 et
192 2395 412 2459 partibus
438 2405 757 2445 revertuntur.
816 2397 1080 2458 Quaedam
1101 2395 1260 2444 sidera
1280 2393 1426 2442 radiis
1447 2391 1562 2441 solis
1587 2388 1873 2453 praepedita
1897 2394 1926 2439 3

119 2479 346 2527 anomala
390 2479 526 2537 fiunt,
566 2487 651 2527 aut
686 2479 982 2541 retrograda,
1019 2486 1103 2526 aut
1140 2474 1436 2534 stationaria,
1476 2473 1609 2522 iuxta
1645 2472 1781 2535 quod
1824 2479 1871 2518 et

119 2567 267 2622 poeta
291 2559 515 2608 meminit
540 2561 710 2609 dicens
739 2559 949 2624 (Lucan.
973 2577 1044 2618 10,
1069 2559 1185 2622 201)
1205 2574 1217 2607 ε

176 2703 201 2738 4
232 2689 440 2729 feriuntur
464 2687 502 2727 T
691 2690 717 2727 8
745 2689 851 2728 sicut
879 2689 936 2726 T:
966 2688 987 2724 ἐξ
1011 2687 1096 2739 (ιζε.
1119 2683 1236 2736 sunt)
1258 2686 1323 2724 B:
1355 2699 1436 2724 om.
1461 2684 1563 2722 CK:
1581 2684 1684 2733 fort.
1708 2681 1870 2721 scilicet

122 2743 328 2783 terradice
357 2744 403 2782 K
562 2758 589 2794 9
626 2756 759 2792 vagos
788 2757 870 2782 om.
910 2743 946 2780 T
1105 2755 1144 2780 e.
1174 2741 1229 2791 t.]
1261 2747 1473 2780 certamen
1504 2737 1585 2777 El:
1629 2743 1787 2777 certam
1822 2734 1871 2773 C1

122 2798 402 2838 conficiuntur
425 2798 466 2836 Β
644 2811 694 2837 10
722 2811 805 2847 que
830 2797 878 2836 Cl
989 2810 1065 2847 per
1085 2809 1167 2835 om.
1192 2795 1228 2834 T
1400 2807 1448 2832 12
1478 2793 1561 2832 cito
1584 2792 1663 2831 CK
1681 2791 1785 2842 (non
1806 2789 1869 2838 A)

127 2866 174 2902 13
204 2853 286 2891 alia
308 2852 386 2891 CK
525 2865 572 2902 17
602 2867 627 2891 a
646 2859 759 2891 terra
778 2866 859 2891 om.
885 2851 981 2890 C¹K
1001 2852 1105 2902 (non
1126 2850 1189 2901 A)
1302 2848 1515 2899 minusve]
1537 2847 1675 2885 minus
1695 2858 1796 2883 suae
1821 2843 1872 2882 Cl

127 2920 176 2956 19
205 2907 367 2957 positas
390 2908 505 2956 (corr.
530 2907 607 2955 -ta)
632 2908 821 2946 minores
840 2906 923 2946 vid.
949 2905 983 2945 C
1088 2918 1134 2942 21
1170 2910 1235 2943 est
1254 2917 1335 2942 om.
1359 2902 1457 2942 C1K
1582 2913 1660 2951 per
1674 2899 1785 2949 quod
1801 2899 1870 2936 B:

123 2974 201 3011 per
229 2961 331 3011 quid
367 2962 425 3001 T:
464 2975 541 3012 per
569 2975 696 3012 quem
729 2961 854 3000 CHK
993 2960 1190 3010 cognosci
1221 2959 1374 2998 dicitur
1402 2957 1557 2996 BHT:
1596 2954 1870 3004 cognoscitur

127 3015 281 3067 (-nus-)
307 3016 385 3055 CK
515 3029 566 3055 22
595 3029 672 3055 seu
692 3046 702 3057 .
727 3045 737 3056 .
760 3046 770 3056 .
793 3028 869 3055 seu
894 3015 971 3054 CK
1106 3027 1158 3063 23
1187 3012 1394 3064 totannis]
1415 3009 1641 3062 quotannis
1660 3007 1742 3046 3²:
1770 3011 1868 3046 octo

124 3082 191 3110 an.
216 3068 308 3110 dett.
488 3081 540 3120 25
568 3070 690 3110 annis
711 3069 803 3110 hab.
831 3069 932 3110 CK:
963 3082 1047 3110 om.
1068 3068 1154 3108 BT
1308 3065 1585 3107 Phaethontis
1607 3063 1732 3114 (fere)
1755 3060 1868 3102 codd.

126 3122 290 3164 saturni
309 3122 387 3163 CK
492 3125 617 3165 annis
636 3124 729 3168 hab.
746 3123 858 3164 KT:
888 3136 972 3166 om.
995 3121 1076 3163 BC
1180 3123 1233 3162 28
1260 3126 1330 3161 aut
1351 3150 1360 3161 .
1388 3148 1397 3160 .
1421 3148 1431 3159 .
1455 3118 1547 3171 aut]
1567 3117 1619 3157 ad
1642 3146 1651 3157 .
1677 3148 1681 3156 .
1709 3145 1718 3156 .
1744 3116 1793 3154 aa!
1821 3115 1867 3153 CI
