2228 3444
432 187 1062 237 ETYMOLOGIARVM
1105 188 1231 234 LIB.
1276 187 1343 233 ΙΙ.
1384 185 1505 244 xxix,
1535 203 1625 234 xxx

158 320 351 368 decima
386 318 573 381 species
599 317 902 366 definitionis
937 327 1023 377 est,
1053 334 1202 380 quam
1238 317 1415 366 Graeci
1447 321 1563 367 κατὰ
1589 320 1891 387 αἰτιολογίαν,

153 400 315 450 Latini
340 402 616 449 secundum
642 399 709 449 rei
736 399 975 448 rationem
1002 408 1194 459 vocant,
1225 409 1278 447 ut
1302 419 1310 448 :
1353 399 1502 448 ‘Dies
1537 409 1611 449 est
1645 403 1717 450 sol
1752 418 1897 464 supra

151 492 314 542 terras,
330 498 442 531 ,nox
467 491 540 532 est
565 484 638 530 sol
655 482 747 531 sub
768 479 936 531 terris.'
1009 482 1142 530 Scire
1164 490 1332 530 autem
1352 482 1595 531 debemus
1621 483 1896 546 praedictas

154 564 341 623 species
358 564 704 612 definitionum
726 562 928 626 Topicis
951 562 1122 611 merito
1142 580 1249 612 esse
1270 562 1492 622 sociatas,
1516 565 1753 626 quoniam
1775 564 1899 613 inter

108 668 132 710 5
155 646 398 705 quaedam
424 654 712 709 argumenta
737 654 850 693 sunt
875 646 1077 708 positae,
1107 654 1155 693 et
1180 643 1432 692 nonnullis
1457 644 1578 693 locis
1598 662 1899 694 commemo-

151 734 317 774 rantur
359 726 408 775 in
451 726 666 791 Topicis.
758 729 806 775 N
810 743 907 775 unc
950 727 1014 775 ad
1062 725 1253 788 Topica
1300 726 1568 785 veniamus,
1616 743 1743 789 quae
1786 737 1897 776 sunt

149 818 548 870 argumentorum
575 810 731 867 sedes,
761 809 921 856 fontes
948 824 1183 855 sensuum
1211 815 1258 855 et
1285 806 1496 870 origines
1523 807 1812 857 dictionum.

272 892 354 938 DE
371 893 600 939 TOPICIS.
641 889 833 953 Topica
849 889 1193 952 estdisciplina
1210 888 1622 938 inveniendorum
1643 906 1898 953 argumen-
1923 885 2049 924 XXX

151 981 326 1020 torum.
392 972 581 1020 Divisio
606 975 926 1035 Topicorum,
948 971 1048 1020 sive
1073 973 1294 1020 locorum
1318 988 1376 1020 ex
1402 971 1583 1034 quibus
1608 979 1897 1035 argumenta

80 1077 128 1104 10
152 1053 394 1113 dicuntur,
406 1056 578 1118 triplex
599 1064 685 1104 est.
732 1057 861 1103 Nam
882 1054 976 1102 alia
993 1056 1041 1101 in
1060 1071 1120 1102 eo
1141 1054 1261 1117 ipso,
1281 1055 1344 1102 de
1362 1071 1461 1117 quo
1478 1054 1647 1118 agitur,
1671 1056 1873 1104 haerent
1885 1074 1896 1114 3

151 1135 257 1195 alia,
271 1152 398 1199 quae
414 1137 644 1184 dicuntur
655 1139 841 1196 effecta,
855 1153 982 1199 quae
999 1137 1376 1199 quodammodo
1387 1152 1445 1184 ex
1455 1136 1601 1184 rebus
1621 1136 1727 1185 aliis
1746 1145 1898 1185 tracta

151 1228 421 1266 noscuntur
431 1237 443 1279 3
467 1220 574 1277 alia,
588 1235 714 1281 quae
730 1220 1058 1267 adsumuntur
1074 1218 1389 1267 extrinsecus.
1440 1221 1898 1282 Argumenta,quae

151 1299 199 1347 in
227 1317 286 1348 eo
307 1302 427 1363 ipso,
451 1302 514 1349 de
534 1317 634 1364 quo
659 1300 829 1364 agitur,
859 1302 1076 1360 haerent,
1099 1300 1149 1347 in
1176 1300 1330 1348 tribus
1357 1299 1511 1349 divisa
1539 1310 1665 1349 sunt.
1719 1300 1893 1361 Prima,

150 1399 178 1429 a
204 1391 308 1430 toto
329 1399 340 1440 ;
379 1384 611 1442 secunda,
640 1399 668 1431 a
693 1391 830 1446 parte
853 1401 864 1442 3
901 1382 1054 1442 tertia,
1082 1399 1111 1430 a
1136 1391 1265 1430 nota.
1346 1382 1706 1444 Argumentum
1727 1399 1756 1430 a
1774 1392 1895 1442 toto,
1923 1394 1952 1429 2

80 1484 123 1523 15
154 1482 265 1514 cum
294 1464 517 1514 definitio
542 1465 806 1514 adhibetur
830 1467 894 1513 ad
929 1465 992 1524 id,
1023 1466 1159 1527 quod
1185 1464 1446 1527 quaeritur,
1476 1464 1600 1512 sicut
1626 1465 1693 1513 ait
1720 1464 1898 1514 Cicero

151 1547 391 1609 (Marcell.
408 1545 489 1610 26)
516 1566 523 1594 z
565 1551 575 1571 ‘
595 1546 765 1595 Gloria
789 1555 860 1594 est
887 1548 991 1594 laus
1018 1556 1148 1594 recte
1169 1547 1409 1594 factorum
1431 1562 1822 1609 magnorumque
1848 1547 1896 1593 in

149 1628 401 1691 republica
426 1630 556 1677 fama
581 1628 897 1677 meritorum.'
968 1631 1014 1676 A
1038 1628 1259 1692 partibus
1293 1637 1366 1677 est
1395 1638 1755 1690 argumentum,
1783 1644 1895 1675 cum
1922 1645 1951 1689 3

150 1711 202 1769 is,
246 1712 329 1774 qui
368 1727 420 1759 se
463 1710 703 1770 defendit,
744 1719 828 1759 aut
871 1720 1017 1774 negat
1060 1712 1258 1768 factum,
1301 1720 1384 1758 aut
1424 1711 1608 1758 factum
1648 1726 1755 1758 esse
1796 1710 1898 1757 iure

152 1793 391 1841 defendit.
465 1795 510 1840 A
543 1802 662 1841 nota
696 1802 768 1841 est
802 1802 1162 1856 argumentum,
1191 1809 1304 1840 cum
1340 1808 1398 1840 ex
1430 1793 1476 1840 vi
1509 1791 1725 1840 nominis
1761 1808 1896 1854 argu·
1920 1809 1952 1855 4

76 1895 127 1923 20
151 1883 374 1922 mentum
423 1876 626 1937 aliquod
674 1874 890 1938 eligatur,
937 1884 989 1923 ut
1040 1873 1217 1925 Cicero
1261 1874 1379 1937 (Pis.
1410 1873 1520 1938 19):
1575 1877 1586 1899 ‘
1607 1875 1894 1933 Consulem,

150 1956 367 2019 inquam,
396 1958 709 2020 quaerebam,
734 1974 881 2020 quem
903 1958 953 2005 in
975 1957 1068 2006 isto
1088 1956 1251 2005 maiali
1276 1956 1495 2005 invenire
1522 1973 1623 2004 non
1643 1959 1895 2019 poteram.'

152 2040 340 2087 Effecta
359 2048 648 2102 argumenta
668 2050 795 2099 sunt,
818 2056 946 2102 quae
967 2040 1344 2102 quodammodo
1365 2056 1422 2087 ex
1447 2038 1593 2086 rebus
1613 2038 1718 2086 aliis
1745 2047 1897 2088 tracta
1918 2046 1948 2095 5

149 2130 434 2169 noscuntur.
485 2122 610 2170 Sunt
628 2130 795 2170 autern
818 2138 1024 2170 numero
1046 2120 1443 2184 quattuordecim
1463 2139 1475 2180 3
1501 2119 1551 2169 id
1572 2129 1658 2180 est,
1682 2121 1895 2184 primum

150 2219 178 2250 a
217 2204 489 2266 coniugatis
523 2213 869 2266 argumentum
900 2213 986 2263 est,
1015 2221 1128 2252 cum
1166 2204 1440 2252 declinatur
1470 2219 1498 2250 a
1532 2204 1735 2251 nomine
1770 2213 1817 2251 et
1845 2205 1896 2251 fit

78 2307 126 2347 25
150 2283 367 2343 verbum,
394 2294 444 2333 ut
462 2284 638 2334 Cicero
653 2287 858 2335 Verrem
876 2285 995 2334 dicit
1011 2287 1243 2334 everrisse
1260 2284 1562 2348 provinciam
1575 2303 1588 2345 ,-
1613 2287 1688 2333 vel
1710 2302 1895 2334 nomen

149 2382 176 2413 a
202 2366 367 2426 verbo,
390 2383 505 2414 curn
532 2366 808 2416 latrocinari
843 2368 1020 2416 dicitur
1054 2369 1190 2416 latro.
1266 2368 1466 2415 Nomen
1497 2375 1569 2415 est
1602 2383 1630 2415 a
1661 2366 1861 2416 nomine
1885 2386 1896 2427 3

149 2447 410 2497 Terentius
437 2447 612 2512 (Andr.
637 2449 753 2514 218)
776 2469 784 2499 ε

423 2530 726 2594 Interceptio
764 2539 837 2580 est
874 2530 1162 2591 amentium,
1203 2532 1336 2580 haud
1372 2530 1645 2579 amantium
1663 2548 1677 2590 ,-

209 2674 225 2699 1
260 2666 324 2700 est
345 2673 429 2701 om.
457 2659 506 2700 Cl
645 2673 669 2697 2
701 2660 761 2698 rei
782 2673 866 2700 om.
889 2661 935 2699 K
1044 2660 1134 2698 dies
1154 2660 1218 2698 sol
1238 2661 1329 2698 AK
1436 2673 1566 2712 supra
1587 2661 1736 2700 BCK:
1766 2672 1896 2710 super

150 2715 191 2752 A
214 2730 222 2754 z
253 2729 328 2765 per
355 2715 392 2754 T
498 2726 522 2763 5
552 2727 699 2754 comm.
722 2715 873 2765 topicis
894 2715 939 2753 K
1050 2727 1099 2753 10
1131 2715 1339 2754 ducuntur
1361 2713 1411 2752 C2
1526 2728 1568 2753 11
1603 2716 1668 2756 eff.
1693 2717 1893 2765 quodam-

152 2771 274 2808 modo
294 2770 330 2808 T
412 2782 460 2808 12
481 2769 535 2809 al.
553 2783 592 2819 q.
611 2770 771 2809 adsum.
785 2782 865 2809 om.
883 2770 929 2807 K
1006 2783 1053 2818 14
1075 2783 1098 2808 a
1113 2770 1301 2819 partibus
1318 2769 1502 2810 Cassiod.
1519 2771 1570 2820 (2)
1652 2771 1700 2808 18
1722 2769 1891 2808 defendi

151 2824 329 2874 abnegat
351 2830 420 2862 aut
439 2824 592 2863 factum
615 2836 711 2863 esse
732 2824 779 2862 K
858 2825 950 2862 iure
971 2823 1064 2863 dett.
1083 2838 1091 2862 ι
1122 2824 1162 2862 ἰη
1184 2837 1228 2863 re
1244 2823 1379 2862 ABK
1385 2824 1422 2862 T
1434 2839 1443 2864 ι
1475 2825 1515 2863 in
1532 2837 1579 2863 se
1600 2823 1646 2863 C¹
1769 2836 1816 2872 19
1836 2836 1891 2861 ex

151 2880 216 2918 sui
238 2877 369 2916 ΒΚΤ
498 2891 551 2917 20
580 2878 762 2927 eligatur
780 2878 865 2916 ΑΒ
883 2893 933 2917 ex
949 2892 1047 2919 corr.
1069 2879 1133 2917 K:
1164 2878 1334 2928 eligitur
1353 2879 1392 2916 Β
1410 2885 1506 2918 ante
1523 2893 1625 2920 corr.
1653 2878 1708 2917 T:
1738 2878 1892 2916 dicitur

153 2931 207 2972 C:
227 2933 393 2972 elicitur
405 2933 498 2972 dett.
609 2946 656 2971 21
682 2933 779 2972 mali
799 2933 837 2972 T
941 2946 993 2971 22
1017 2933 1070 2972 Et
1084 2934 1193 2972 facta
1206 2933 1268 2972 K:
1288 2933 1454 2973 Affecta
1467 2934 1508 2971 A
1516 2947 1591 2973 rev.
1606 2934 1672 2985 (ex
1685 2931 1890 2979 Cassiod.)

154 3001 206 3037 23
245 2988 447 3027 tredecim
481 2987 668 3027 Cassiod.
808 2988 989 3038 primum
1025 2987 1334 3037 conlugationis
1370 2988 1415 3026 K
1576 3001 1627 3036 24
1667 2993 1707 3026 et
1737 2999 1823 3026 om.
1861 2987 1898 3025 T

155 3055 206 3091 25
228 3042 348 3093 dicit]
363 3042 500 3082 dictae
517 3041 566 3081 C¹
703 3043 889 3082 averisse
917 3042 974 3081 T:
1006 3043 1217 3081 eversisse
1236 3041 1325 3080 ΒΚ
1337 3057 1345 3081 :
1378 3043 1582 3081 evertisse
1605 3041 1640 3079 C
1767 3053 1892 3079 omen

155 3107 279 3137 aver.
295 3096 364 3136 K:
387 3097 558 3135 nomina
570 3095 793 3135 verborum
815 3097 852 3136 T
957 3099 1011 3135 26
1030 3109 1123 3136 cum
1141 3111 1166 3136 a
1182 3097 1273 3136 latr.
1290 3096 1335 3135 K
1415 3111 1438 3136 a
1457 3095 1645 3146 nomine]
1664 3109 1687 3134 a
1704 3095 1832 3134 verbo
1851 3095 1895 3133 K

156 3151 208 3189 28
229 3150 483 3201 interceptio
500 3150 609 3192 codd.
626 3151 766 3203 <etiam
783 3152 844 3203 Α)
957 3158 1027 3192 aut
1047 3150 1158 3192 codd.
1184 3151 1325 3204 <etiam
1349 3150 1411 3202 A)
