2176 3424
1076 124 1349 173 ISIDORI

337 249 433 296 vita
466 248 626 309 tutior,
654 266 716 298 ne
741 248 831 308 his,
859 250 943 312 qui
976 268 1155 300 nocere
1189 263 1404 316 possent,
1432 255 1595 305 aditus
1622 267 1762 307 esset.
1839 261 1981 308 Haec
2016 270 2088 308 est

338 327 474 391 origo
517 329 829 394 oppidorum,
881 349 1008 395 quae
1056 336 1192 397 quod
1241 352 1387 399 opem
1435 339 1622 398 darent,
1672 339 1857 389 idcirco
1905 341 2089 405 oppida

340 410 595 461 nominata
620 412 859 463 dixerunt.
934 415 1191 478 Oppidum
1211 427 1378 468 autem
1399 421 1740 484 magnitudine
1759 431 1807 472 et
1827 424 2088 473 moenibus

286 512 315 561 7
339 492 614 559 discrepare
630 512 659 544 a
676 495 785 546 vico
801 507 848 546 et
858 499 1060 547 castello
1077 508 1125 547 et
1141 516 1281 563 pago.
1333 500 1569 553 Civitates
1578 513 1744 554 autem
1754 505 2086 566 autcoloniae‚

286 583 317 631 8
338 584 422 624 aut
443 576 723 642 municipia,
742 589 826 628 aut
842 579 1042 639 vici‚aut
1059 584 1269 643 castella,
1291 593 1374 632 aut
1390 584 1501 648 pagi
1518 588 1838 649 appellantur.
1902 587 2088 638 Civitas
2112 603 2135 643 5

338 657 533 721 proprie
559 658 749 720 dicitur,
777 679 925 725 quam
952 681 1054 712 non
1079 665 1314 726 advenae,
1346 667 1433 715 sed
1460 668 1635 716 eodem
1664 667 1819 717 innati
1845 671 1951 719 solo
1976 687 2089 719 con-

338 738 583 790 diderunt.
660 744 884 807 Ideoque
921 745 1066 795 urbes
1092 763 1120 794 a
1144 746 1350 811 propriis
1377 748 1565 798 civibus
1596 749 1826 799 conditae
1851 750 2084 811 civitateS,

279 834 314 881 9
338 838 440 870 non
482 824 706 874 coloniae
748 838 1110 892 nuncupantur.
1199 829 1408 878 Colonia
1450 848 1565 881 vero
1607 841 1680 881 est
1722 849 1849 895 quae
1891 834 2087 882 defectu

336 902 676 968 indigenarum
711 910 850 958 novis
882 909 1151 959 cultoribus
1184 910 1493 975 adimpletur.
1567 915 1714 963 Vnde
1752 924 1799 963 et
1833 914 2028 964 colonia
2060 932 2089 963 a

253 1007 314 1042 10
339 988 473 1035 cultu
498 988 598 1052 agri
619 998 691 1038 est
708 990 854 1040 dicta.
918 991 1251 1056 Municipium
1272 1003 1345 1042 est
1365 1011 1465 1057 quo
1483 1004 1714 1044 manente
1731 1005 1859 1044 statu
1880 996 2087 1045 civitatis
2113 1020 2163 1050 10

336 1068 410 1118 ius
426 1070 628 1134 aliquod
645 1072 846 1122 minoris
866 1083 950 1123 aut
967 1074 1163 1124 maioris
1181 1075 1327 1124 officii
1343 1094 1372 1125 a
1387 1076 1606 1141 principe
1622 1076 1847 1142 inpetrat.
1884 1078 2086 1127 Dictum

334 1161 499 1201 autem
527 1154 851 1218 municipium
872 1173 901 1204 a
927 1155 1121 1217 muniis,
1144 1156 1194 1206 id
1221 1166 1293 1207 est
1318 1158 1504 1219 officiis,
1527 1161 1663 1223 quod
1684 1170 1876 1208 tantum
1903 1160 2084 1219 munia,

334 1234 384 1284 id
422 1245 495 1284 est
532 1236 714 1287 tributa
747 1238 915 1288 debita
944 1242 1019 1289 vel
1057 1257 1274 1302 munera,
1315 1243 1539 1291 reddant.
1613 1245 1742 1292 Nam
1777 1243 2002 1292 liberales
2039 1253 2087 1293 et

334 1317 690 1369 famosissimae
716 1338 907 1382 causae,
931 1331 978 1370 et
1003 1340 1131 1385 quae
1156 1341 1213 1372 ex
1240 1323 1461 1388 principe
1480 1324 1868 1388 proficiscuntur,
1892 1324 1959 1374 ibi
1986 1342 2086 1374 non

265 1411 309 1446 11
333 1409 556 1462 aguntur.
633 1404 776 1452 Haec
804 1403 934 1452 enim
960 1406 1024 1453 ad
1051 1404 1339 1469 dignitatem
1366 1405 1615 1455 civitatum
1644 1408 1902 1470 pertinent.
1974 1406 2087 1455 Vici
2114 1427 2160 1471 15

335 1490 383 1530 et
409 1485 607 1532 castella
634 1494 680 1533 et
706 1485 816 1549 pagi
844 1487 892 1534 hi
928 1496 1041 1535 sunt
1068 1487 1151 1550 qui
1177 1489 1311 1536 nulla
1341 1488 1577 1552 dignitate
1604 1489 1810 1538 civitatis
1836 1497 2084 1549 ornantur,

337 1565 424 1613 sed
446 1565 628 1629 vulgari
645 1567 904 1616 hominum
927 1579 1174 1618 conventu
1200 1569 1493 1631 incoluntur,
1517 1581 1564 1619 et
1585 1581 1781 1635 propter
1800 1570 2087 1635 parvitatem

260 1661 315 1696 12
338 1646 412 1694 sui
434 1647 701 1697 maioribus
728 1648 1006 1699 civitatibus
1033 1652 1395 1701 adtribuuntur.
1466 1652 1619 1701 Vicus
1644 1662 1810 1702 autem
1837 1652 1997 1702 dictus
2022 1653 2086 1701 ab

336 1727 453 1791 ipsis
487 1739 679 1778 tantum
714 1731 1117 1794 habitationibus,
1145 1736 1221 1783 vel
1251 1736 1387 1797 quod
1421 1734 1522 1783 vias
1558 1735 1737 1784 habeat
1763 1744 1954 1784 tantum
1981 1734 2086 1783 sine

336 1811 500 1859 muris.
576 1815 664 1861 Est
712 1822 878 1862 autem
930 1814 1035 1863 sine
1076 1815 1353 1864 munitione
1402 1833 1652 1865 murorum
1675 1836 1688 1878 3
1747 1816 1860 1865 licet
1902 1826 1950 1865 et
1990 1815 2085 1865 vici
2109 1837 2163 1867 20

334 1893 561 1943 dicantur
585 1894 720 1958 ipsae
740 1895 1072 1946 habitationes
1098 1897 1245 1946 urbis.
1322 1897 1497 1947 Dictus
1522 1908 1688 1947 autem
1707 1897 1842 1947 vicus
1863 1915 1923 1946 eo
1949 1899 2084 1960 quod

334 1977 394 2023 sit
436 1974 542 2024 vice
590 1976 812 2037 civitatis,
855 1980 931 2027 vel
979 1981 1116 2042 quod
1158 1978 1259 2028 vias
1303 1979 1482 2029 habeat
1531 1989 1722 2029 tantum
1766 1979 1871 2028 sine
1919 1979 2082 2029 muris.

255 2068 308 2114 13
334 2059 562 2108 Castrum
589 2058 779 2123 antiqui
805 2060 1039 2109 dicebant
1077 2061 1315 2124 oppidum
1344 2063 1456 2111 loco
1489 2061 1727 2110 altissimo
1758 2061 1921 2122 situm,
1947 2062 2084 2125 quasi

331 2156 496 2188 casam
534 2142 715 2201 altam3
758 2143 897 2191 cuius
930 2142 1128 2204 pluralis
1165 2160 1399 2192 numerus
1432 2152 1603 2204 castra,
1632 2142 1981 2192 diminutivum
2011 2160 2084 2192 ca-

331 2223 527 2270 stellum
555 2231 627 2271 est
654 2221 778 2290 [sive
804 2225 941 2287 quod
966 2224 1268 2273 castrabatur
1292 2224 1489 2273 licentia
1513 2224 1634 2273 inibi
1660 2224 2003 2286 habitantium,
2022 2242 2085 2274 ne
2110 2245 2160 2287 25

253 2315 308 2362 14
332 2303 515 2366 passim
541 2321 662 2368 vaga
687 2305 818 2354 hosti
842 2303 1068 2371 pateret}
1142 2305 1259 2369 Pagi
1286 2315 1400 2355 sunt
1425 2315 1540 2370 apta
1564 2305 1801 2356 aedificiis
1827 2308 1936 2355 loca
1959 2306 2085 2356 inter

330 2402 472 2449 agros
497 2385 849 2436 habitantibus.
926 2390 1069 2437 Haec
1094 2396 1142 2437 et
1175 2388 1506 2437 conciliabula
1531 2387 1677 2448 dicta,
1705 2405 1735 2437 a
1759 2397 2009 2437 conventu
2035 2398 2084 2436 et

254 2479 309 2528 15
333 2467 568 2518 societate
595 2470 861 2518 multorum
889 2469 938 2518 in
972 2487 1140 2519 unum.
1216 2469 1432 2534 Conpita
1465 2480 1578 2519 sunt
1614 2470 1699 2519 ubi
1726 2487 1841 2519 usus
1876 2479 1947 2519 est
1972 2486 2084 2518 con-

390 2612 407 2637 1
441 2599 531 2650 qui]
554 2612 664 2649 quae
683 2597 724 2636 Β
848 2605 1026 2648 possunt
1045 2598 1090 2637 K
1201 2613 1225 2638 2
1257 2612 1364 2649 quae
1386 2599 1518 2651 quod]
1540 2613 1647 2650 quae
1668 2599 1765 2649 quia
1783 2598 1824 2637 Β
1843 2614 1852 2639 :
1881 2599 1992 2649 quod
2014 2598 2084 2640 K:

331 2655 428 2704 quia
449 2667 501 2692 eo
522 2654 631 2704 quod
654 2653 703 2692 Ο
870 2668 895 2703 4
925 2653 1099 2693 castella
1118 2652 1160 2692 Β
1299 2654 1458 2693 Civitas
1482 2654 1529 2693 C¹
1707 2656 1734 2693 6
1762 2653 1906 2706 quam]
1928 2654 2025 2703 quia
2045 2652 2087 2691 Β

333 2722 354 2758 7
387 2710 466 2748 civ.
491 2721 577 2748 non
599 2722 681 2748 om.
705 2706 750 2745 K
827 2721 876 2748 10
905 2709 1065 2747 cultura
1087 2722 1153 2759 ag.
1177 2707 1219 2746 B
1311 2710 1425 2758 quod
1447 2708 1537 2748 dett.
1634 2722 1678 2747 11
1713 2709 1807 2758 mai,
1830 2714 1902 2747 aut
1922 2709 2020 2748 min.
2043 2706 2089 2746 K

331 2763 505 2815 inpertit
525 2762 572 2800 K
744 2776 791 2801 12
822 2776 846 2801 a
867 2764 1059 2801 muneris
1081 2762 1127 2800 K
1254 2763 1388 2814 quod]
1410 2764 1508 2813 quia
1528 2763 1569 2802 Β
1759 2776 1807 2812 14
1836 2763 1880 2801 in
1902 2775 1965 2812 pr.
1988 2776 2084 2813 pro-

331 2819 576 2859 ficiscentur
594 2816 641 2855 K
815 2820 865 2856 16
894 2818 936 2856 hi
958 2832 1042 2858 om.
1066 2816 1111 2855 K
1237 2831 1344 2868 quae
1371 2816 1432 2857 T:
1463 2831 1570 2868 quae
1592 2818 1634 2857 in
1655 2817 1702 2855 K
1871 2829 1920 2867 19
1949 2816 2084 2868 quod]

330 2874 429 2923 quia
450 2873 490 2912 B
588 2873 772 2912 habeant
799 2871 837 2910 T
970 2886 1022 2911 22
1052 2873 1120 2912 vel
1142 2874 1252 2923 quod
1274 2903 1284 2912 .
1311 2902 1321 2912 .
1345 2902 1355 2912 .
1380 2872 1511 2913 muris
1531 2887 1614 2913 om.
1635 2871 1683 2910 K
1771 2871 1906 2923 quod]
1927 2871 2025 2921 quia
2044 2870 2086 2910 Β

331 2941 383 2978 23
412 2928 548 2968 locum
567 2927 816 2968 altissimum
838 2928 955 2977 quasi
975 2926 1022 2965 K
1091 2940 1143 2976 24
1173 2927 1376 2967 castellus
1404 2927 1442 2966 T
1441 2927 1476 2967 C
1481 2927 1497 2953 ¹
1582 2939 1634 2977 25
1663 2927 1753 2966 sive
1773 2927 1886 2976 quod
1908 2955 1918 2964 .
1933 2958 1943 2967 .
1963 2955 1974 2965 .
1997 2933 2084 2977 pat.

331 2983 421 3024 hab.
447 2982 588 3023 TUV:
618 2995 701 3022 om.
717 2980 921 3020 BCDKP
1032 2995 1082 3031 27
1115 2982 1234 3024 habsl
1257 2997 1280 3020 a
1301 2981 1541 3022 civitatibus
1560 2980 1648 3020 ΚΝ
1662 2984 1767 3034 (non
1783 2981 1843 3032 D)
1957 2983 2010 3020 28
2040 2981 2084 3020 in

333 3049 403 3078 un.
425 3052 508 3078 om.
532 3036 622 3077 ΚΝ
639 3039 742 3089 (non
763 3036 825 3087 D)
938 3038 1132 3087 conpeta
1155 3034 1232 3075 CK
