2176 3424
525 91 1152 140 ETYMOLOGIARVM
1193 91 1322 137 LIB.
1362 92 1471 137 XX.
1511 88 1543 136 ii

165 221 480 268 Fermentum
506 237 535 268 a
560 220 748 268 fervore
783 222 1140 281 nuncupatum,
1167 219 1304 281 quod
1337 219 1445 280 plus
1471 216 1629 280 prima
1661 219 1781 266 hora
1806 234 1907 265 non

162 309 323 363 potest
353 300 594 350 contineri
612 319 624 361 3
660 301 929 349 crescendo
963 300 1094 348 enim
1129 298 1335 349 excedit.
1411 300 1588 346 Farina
1621 307 1669 347 et
1702 299 1908 347 furfures

159 398 188 428 a
224 383 346 431 farre
375 383 550 442 dictae,
579 383 717 431 cuius
752 391 866 430 sunt
902 389 1238 445 purgamenta.
1312 381 1549 428 Amolum
1583 380 1673 428 flos
1707 379 1904 439 farinae,
1932 393 1992 439 19

161 463 518 523 tenuissimum,
548 481 663 528 prae
689 464 883 514 levitate
917 465 980 513 de
1006 465 1138 513 mola
1173 463 1418 522 eiectum3
1454 464 1588 511 unde
1613 471 1662 511 et
1697 464 1909 525 appella-

114 569 136 608 5
162 554 280 606 tum,
308 545 447 608 quasi
472 563 500 593 a
526 547 670 594 mola.
725 545 907 595 Simila.
967 545 1196 594 Pollines.
1254 546 1441 594 Carnes
1468 543 1628 592 dictae
1654 543 1769 606 quia
1794 560 1907 592 caro
1932 560 2002 595 20

161 635 305 687 sunt3
341 626 442 676 sive
467 643 495 675 a
520 629 747 685 creando,
776 628 910 675 unde
936 636 984 676 et
1008 644 1037 674 a
1064 625 1264 675 Graecis
1303 627 1436 689 κρέας
1465 634 1715 689 vocantur.
1791 626 1908 674 Cru-

160 709 295 768 dum,
332 709 467 771 quod
503 707 563 757 sit
599 717 894 770 cruentum3
942 717 1015 757 est
1052 707 1182 756 enim
1223 724 1336 755 cum
1374 706 1628 770 sanguine.
1691 706 1906 757 Coctum

162 788 322 855 [quasi
347 799 588 849 coactum,
619 789 669 838 id
704 800 776 839 est
809 790 873 839 ab
908 789 1019 854 igne
1053 791 1130 838 vel
1163 806 1293 852 aqua
1323 788 1527 838 violenti
1561 789 1714 837 modo
1741 798 1906 836 actum
1933 802 1988 837 21

160 887 351 934 usuque
390 870 708 920 comestionis
749 870 959 938 aptum]
1034 873 1133 921 Sed
1174 880 1223 919 et
1266 870 1407 918 multi
1446 869 1682 933 temporis
1721 869 1909 932 aliquid

90 974 137 1002 10
161 962 358 1002 coctum
384 962 596 1002 vocatur.
670 956 867 1014 Assum,
898 955 1034 1017 quod
1063 955 1246 1010 ardeat,
1276 952 1416 1016 quasi
1441 969 1619 1001 arsum.
1696 951 1908 1012 Elixum,
1935 960 2000 995 22

159 1050 220 1082 eo
245 1035 381 1096 quod
415 1033 465 1082 in
494 1051 622 1097 aqua
653 1036 757 1084 sola
795 1035 1101 1099 decoquitur.
1176 1034 1296 1083 Lixa
1330 1033 1462 1082 enim
1489 1050 1618 1097 aqua
1642 1031 1822 1082 dicitur
1845 1034 1911 1081 ab

159 1131 219 1164 eo
245 1117 381 1178 quod
407 1114 467 1163 sit
493 1118 682 1178 soluta3
720 1118 854 1165 unde
879 1126 927 1165 et
961 1116 1141 1166 solutio
1168 1115 1387 1165 libidinis
1422 1118 1577 1175 luxus,
1607 1125 1654 1164 et
1688 1116 1910 1165 membra

158 1198 270 1245 loco
296 1205 430 1245 mota
454 1198 566 1245 luxa
591 1197 834 1246 dicuntur.
889 1199 1086 1246 Frixum
1112 1215 1141 1245 a
1165 1214 1290 1246 sono
1321 1197 1510 1246 dictum
1546 1199 1749 1260 quando
1771 1199 1910 1246 ardet
1934 1211 2000 1257 23

159 1276 209 1326 in
235 1279 357 1327 oleo.
432 1279 638 1338 Salsum,
668 1278 809 1341 quasi
835 1281 934 1327 sale
959 1296 1228 1343 asparsum,
1257 1278 1438 1328 demtis
1466 1295 1492 1327 e
1518 1277 1685 1328 medio
1711 1279 1909 1341 syllabis

87 1380 133 1421 15
161 1356 376 1425 [tribus].
431 1358 714 1408 Rancidum
744 1377 801 1408 ex
827 1359 946 1409 vitio
971 1370 1330 1424 nuncupatum,
1351 1361 1489 1423 quod
1514 1376 1689 1409 raucos
1716 1361 1905 1409 efficiat.

159 1440 387 1490 Succidia
403 1457 572 1489 carnes
590 1441 640 1489 in
658 1458 798 1490 usum
818 1441 1117 1504 repositae‚a
1133 1441 1440 1491 succidendo
1456 1440 1632 1490 dictae.
1674 1443 1906 1503 Lardum,
1933 1453 1998 1500 24

157 1538 218 1570 eo
243 1523 379 1584 quod
405 1521 455 1570 in
483 1524 635 1571 domo
670 1524 938 1585 repositum
977 1532 1295 1571 conservatur
1312 1541 1325 1583 3
1362 1539 1475 1570 nam
1509 1522 1701 1586 antiqui
1732 1524 1908 1572 domos

157 1604 278 1652 lares
316 1602 564 1652 dicebant.
639 1607 805 1653 Taxea
840 1606 1003 1654 lardus
1048 1614 1120 1653 est
1164 1604 1355 1653 Gallice
1398 1603 1601 1652 dictum.
1676 1606 1825 1654 Vnde
1863 1615 1910 1654 et

158 1684 387 1732 Afranius
407 1684 456 1733 in
484 1687 621 1733 Rosa
648 1685 813 1750 (284):

84 1790 135 1817 20
484 1768 682 1815 Gallum
720 1777 941 1831 sagatum
979 1767 1148 1831 pingui
1186 1775 1380 1830 pastum
1419 1776 1573 1815 taxea.

157 1846 383 1911 Axungia
420 1848 483 1896 ab
526 1848 761 1897 unctione
809 1859 996 1898 vocata.
1089 1849 1273 1897 Sebum
1317 1865 1346 1897 a
1389 1866 1492 1897 sue·
1519 1850 1725 1909 dictum,
1765 1850 1905 1912 quasi
1929 1857 1994 1905 25

155 1929 379 1989 suebum,
411 1932 547 1992 quod
580 1932 688 1993 plus
723 1929 1037 1993 pinguedinis
1072 1932 1166 1979 hoc
1199 1929 1382 1979 animal
1417 1930 1612 1979 habeat.
1687 1931 1800 1980 Offa
1833 1941 1906 1981 est
1929 1930 2000 1978 26

154 2009 347 2073 proprie
389 2011 595 2059 frustum
639 2012 878 2072 dentium,
921 2011 1060 2060 cuius
1109 2011 1460 2060 diminutivum
1510 2013 1724 2060 ossellam
1774 2014 1902 2063 facit.

155 2092 301 2140 Vnde
330 2099 379 2141 et
415 2091 570 2139 offarii
604 2092 764 2155 coqui,
795 2092 911 2155 quia
944 2092 1289 2155 particulatim,
1327 2092 1377 2142 id
1415 2102 1488 2142 est
1526 2093 1727 2154 offatim,
1769 2111 1904 2144 exco-

78 2196 127 2236 25
155 2181 326 2235 quunt.
404 2175 550 2221 Nunc
595 2176 721 2222 ‘offa
759 2173 1042 2222 latrantium
1060 2176 1083 2235 ',
1124 2192 1236 2238 qua,
1278 2174 1318 2223 si
1360 2174 1410 2222 in
1450 2191 1504 2222 os
1543 2174 1677 2223 canis
1718 2175 1905 2237 iacitur,

155 2254 355 2302 satiatus
394 2254 506 2302 ilico
537 2254 851 2317 conpescitur
883 2265 930 2304 et
968 2255 1162 2304 silescit.
1237 2257 1466 2304 Frustum
1505 2266 1734 2305 vocatum
1769 2260 1904 2320 quod
1930 2266 1994 2316 27

210 2396 227 2421 1
261 2383 531 2423 Frumentum
560 2384 597 2422 T
702 2384 836 2435 quod]
859 2385 955 2434 quia
978 2385 1012 2423 C
1175 2398 1200 2423 2
1230 2386 1449 2425 continere
1467 2385 1555 2423 ΒΚ
1665 2387 1846 2425 furfuras
1862 2387 1909 2426 K

150 2450 176 2487 3
205 2437 404 2477 Amulum
433 2439 470 2477 T
596 2453 621 2487 4
651 2439 926 2478 tenuissimus
948 2438 1095 2489 prole.
1121 2438 1168 2476 K
1239 2446 1433 2490 egectum
1463 2440 1563 2479 Tut
1580 2440 1682 2479 vid.:
1712 2447 1904 2490 egestum

153 2491 277 2531 CKN
450 2506 474 2543 5
505 2507 528 2533 a
552 2493 679 2533 molta
703 2493 738 2532 C
901 2493 1061 2533 Simola
1080 2493 1192 2533 KN:
1222 2494 1385 2534 Similia
1412 2495 1454 2534 U
1619 2494 1799 2534 Pollinis
1819 2495 1910 2534 KN

151 2548 254 2597 (non
277 2547 331 2597 (J)
417 2548 535 2600 caro]
562 2561 682 2587 carae
696 2549 822 2588 Arev.
941 2562 962 2598 7
995 2562 1020 2588 a
1041 2554 1205 2587 coctum
1221 2549 1321 2589 null.
1347 2562 1439 2589 nov.
1463 2550 1600 2588 lemm.
1622 2549 1700 2588 CK
1715 2550 1818 2602 (non
1838 2550 1900 2600 N)

150 2602 176 2639 8
205 2601 324 2651 quasi
346 2631 355 2641 .
381 2633 390 2642 .
415 2632 424 2641 .
451 2609 594 2654 aptum
634 2602 726 2642 hab.
772 2603 872 2643 TU:
921 2617 1002 2642 om.
1046 2602 1253 2642 BCEKN
1486 2617 1550 2643 co.
1591 2603 1742 2643 dicitur
1781 2605 1822 2643 id
1866 2605 1908 2643 U

150 2656 310 2695 volenti
337 2656 378 2694 U
509 2671 535 2707 9
565 2658 653 2696 Sed
675 2663 717 2696 et
737 2688 745 2697 .
773 2688 782 2697 .
808 2687 817 2696 .
842 2664 1015 2697 vocatur
1037 2671 1122 2698 om.
1151 2657 1307 2710 T(non
1327 2658 1428 2709 EN)
1574 2672 1622 2696 12
1651 2658 1838 2698 lividinis
1858 2658 1905 2697 K

154 2723 201 2759 14
234 2725 257 2750 e
278 2724 360 2750 om.
387 2711 421 2750 C
597 2723 645 2761 15
675 2713 807 2751 tribus
825 2713 917 2751 hab.
938 2711 1126 2752 BCTU:
1157 2725 1239 2753 om.
1266 2712 1357 2751 KN
1490 2727 1571 2764 quo
1594 2726 1678 2752 rau.
1705 2713 1788 2752 3¹:
1818 2727 1901 2764 qua

152 2766 330 2804 draucos
350 2764 385 2804 C
541 2779 587 2815 17
618 2766 659 2805 in
683 2767 852 2806 domum
881 2765 920 2804 T
1069 2768 1238 2806 domum
1259 2767 1310 2807 la.
1334 2766 1380 2805 K
1540 2781 1588 2818 19
1618 2780 1742 2817 prosa
1762 2768 1898 2808 M0n.:

149 2832 220 2858 ros
238 2819 285 2858 N
302 2821 405 2872 (non
426 2820 600 2873 EFPU)
814 2834 867 2861 20
896 2821 1063 2861 Gallum
1087 2853 1095 2862 .
1119 2853 1127 2861 .
1151 2853 1159 2862 .
1183 2823 1328 2871 taxea]
1350 2823 1407 2862 sic
1423 2823 1547 2862 etiam
1566 2821 1774 2861 EFNPU
1780 2822 1896 2862 Mon.

150 2886 198 2912 21
230 2874 383 2914 Axuna
411 2874 449 2912 T
591 2876 749 2915 Sevum
771 2874 860 2914 ΚΤ
1001 2890 1052 2914 22
1083 2889 1259 2917 suevum
1279 2875 1368 2916 ΚΤ
1515 2889 1567 2926 23
1597 2877 1795 2916 frustrum
1817 2875 1903 2916 ΒΚ

150 2926 215 2966 cui
235 2928 334 2968 dim.
354 2929 400 2967 K
562 2943 613 2977 24
642 2930 823 2970 offerarii
851 2930 888 2968 T
1018 2930 1061 2970 id
1081 2936 1145 2970 est
1166 2931 1236 2971 off.
1259 2945 1342 2970 om.
1371 2931 1409 2970 T
1586 2943 1638 2981 25
1669 2931 1731 2970 vel
1747 2931 1899 2982 quasi:

149 2980 245 3030 quia
266 2983 301 3021 si
322 2983 357 3021 C
453 2982 495 3022 in
517 2997 589 3023 ore
618 2983 654 3021 T
758 2986 919 3023 iacetur
938 2981 1025 3022 ΒΚ
1158 2988 1210 3024 26
1239 2986 1415 3025 satiatus
1438 2983 1540 3025 BC:
1569 2985 1751 3024 satiatur
1762 2982 1851 3027 KT

979 3087 1059 3121 22
