2228 3444
1049 88 1321 136 ISIDORI

1191 229 1208 270 Ι

484 318 672 360 Domno
696 330 799 360 meo
823 323 867 360 et
891 314 982 358 Dei
1007 328 1139 358 servo
1165 312 1401 357 Braulioni
1426 311 1659 369 Episcopo
1684 311 1902 356 Isidorus.

435 403 576 449 Omni
593 402 824 448 desiderio
847 401 1109 447 desideravi
1133 415 1255 446 nunc
1279 400 1438 444 videre
1471 399 1637 444 faciem
1661 408 1803 455 tuam,
1818 407 1863 444 et
1885 398 2063 443 utinam

312 478 566 537 aliquando
589 477 783 534 inpleret
802 478 930 521 Deus
951 483 1110 520 votum
1127 489 1297 528 meum,
1325 482 1574 531 antequam
1589 472 1772 518 moriar.
1835 472 1910 517 Ad
1934 487 2066 529 prae-

314 567 421 597 sens
459 559 615 595 autem
655 551 880 608 deprecor
910 557 959 593 ut
984 548 1287 593 commendes
1315 561 1390 592 me
1425 548 1529 592 Deo
1566 545 1851 590 orationibus
1889 545 1994 600 tuis,
2018 552 2066 589 ut
2091 561 2112 602 5

313 634 358 670 et
383 625 428 670 in
452 625 538 668 hac
561 624 655 668 vita
677 639 807 681 spem
831 637 985 667 meam
1009 622 1181 679 inpleat
1204 629 1248 665 et
1271 620 1317 664 in
1334 620 1487 664 futuro
1509 618 1808 664 beatitudinis
1829 627 1934 664 tuae
1957 632 2068 663 con-

317 698 508 758 sortium
538 697 653 741 mihi
683 697 923 741 concedat.
989 696 1050 740 Et
1075 709 1216 739 manu
1247 708 1343 738 sua.
1408 696 1502 738 Ora
1527 708 1612 750 pro
1634 692 1783 748 nobis,
1805 691 2069 737 beatissime

317 774 490 818 domne
511 779 556 816 et
578 771 729 816 frater.

1175 858 1219 899 II

322 936 510 979 Domno
533 946 637 977 meo
660 940 704 976 et
730 946 833 976 vere
857 930 1047 975 domino
1072 929 1334 987 Christique
1356 929 1502 974 electo
1528 927 1707 972 Isidoro
1732 927 2071 985 Episcoporum
2099 945 2147 973 10

589 1020 770 1050 summo
796 1004 985 1049 Braulio
1018 1018 1178 1048 servus
1201 1002 1372 1047 inutilis
1397 1009 1664 1047 sanctorum
1690 1001 1795 1046 Dei.

441 1096 481 1139 O
511 1094 586 1152 pie
609 1094 782 1137 domne
811 1101 856 1138 et
884 1092 1088 1137 virorum
1112 1091 1529 1150 praestantissime,
1555 1104 1658 1134 sera
1679 1098 1749 1134 est
1770 1088 2003 1146 inquisitio
2030 1096 2074 1131 et

323 1169 454 1214 tarde
478 1168 588 1212 data
610 1167 723 1210 mihi
748 1166 980 1210 scribendi
1004 1165 1146 1222 opti0,
1161 1164 1269 1222 quia
1286 1163 1491 1221 peccatis
1515 1163 1631 1208 meis
1647 1161 1968 1219 ingruentibus
1981 1175 2075 1204 non

324 1243 463 1287 modo
490 1240 742 1286 sterilitatis
770 1240 841 1284 vel
873 1239 1055 1296 inopiae
1088 1241 1223 1292 malo,
1247 1251 1404 1282 verum
1432 1237 1571 1280 etiam
1602 1236 1690 1280 luis
1720 1243 1763 1280 et
1792 1234 2075 1288 hostilitatis,

324 1315 570 1374 quominus
590 1314 880 1371 inquirerem,
903 1312 1109 1357 horribili
1133 1326 1235 1356 sum
1259 1311 1552 1367 praepeditus
1575 1309 1775 1354 incursu.
1843 1310 1982 1352 Nunc
1999 1323 2080 1352 au·
2103 1322 2150 1363 15

323 1399 417 1434 tem
441 1389 527 1433 etsi
545 1387 670 1431 mille
688 1387 1056 1440 necessitatibus,
1073 1385 1197 1430 mille
1215 1384 1334 1428 curis
1358 1383 1606 1428 adstrictus
1619 1392 1724 1439 post
1738 1383 1925 1438 longum
1943 1381 2080 1425 mise-

326 1463 422 1507 riae
442 1471 624 1518 tempus
642 1459 781 1505 veluti
803 1460 861 1503 ab
882 1459 1061 1516 inprobi
1083 1457 1278 1515 soporis,
1295 1466 1343 1501 ut
1362 1457 1425 1502 ita
1442 1455 1649 1512 dixerim,
1667 1455 1918 1513 gravedine
1935 1455 2077 1499 susci·

325 1545 452 1580 tatus
478 1535 610 1579 istius
636 1548 767 1578 meae
788 1532 1096 1589 suggestionis
1123 1531 1340 1576 affatibus
1364 1530 1627 1587 dependere
1650 1543 1897 1585 praesumo
1920 1527 2080 1572 salutis

326 1608 613 1667 obsequium,
652 1616 695 1651 et
739 1605 889 1650 cordis
926 1614 970 1649 et
999 1604 1205 1662 corporis
1240 1603 1500 1647 humilitate
1533 1610 1804 1660 prostratus,
1835 1602 2078 1658 inprecans

328 1680 761 1728 excellentissimam
784 1688 889 1722 tuae
913 1676 1209 1722 beatitudinis
1239 1684 1532 1733 potestatem,
1561 1684 1609 1720 ut
1632 1674 1907 1732 peculiarem
1929 1674 2077 1718 famu-
2105 1688 2156 1716 20

328 1757 438 1810 lum,
462 1769 599 1813 quem
631 1753 706 1810 pio
739 1752 815 1796 illo
843 1766 1002 1796 sacrae
1032 1749 1313 1807 dignationis
1343 1749 1510 1793 intuitu
1541 1763 1725 1806 semper
1749 1747 1951 1792 habuisti
1979 1761 2078 1791 sus-

330 1837 532 1886 ceptum,
557 1841 700 1884 usque
728 1825 774 1869 in
805 1825 944 1869 finem
972 1824 1145 1869 habere
1174 1823 1333 1868 iubeas
1369 1821 1761 1867 commendatum.
1827 1822 1954 1864 Nam
1976 1834 2079 1876 ego,

334 1901 545 1946 Christus
578 1899 719 1952 novit,
743 1898 874 1955 gravi
906 1898 1063 1942 dolore
1093 1896 1359 1949 discrucior,
1386 1896 1510 1953 quod
1538 1909 1729 1940 emenso
1751 1902 1959 1951 tempore
1985 1902 2081 1936 tam

334 1975 508 2032 prolixo
525 1974 597 2018 vel
620 1987 743 2016 nunc
757 1980 962 2016 vestrum
977 1985 1070 2014 non
1085 1984 1266 2014 mereor
1279 1969 1436 2013 videre
1455 1976 1770 2025 conspectum.
1837 1966 1931 2010 Sed
1948 1978 2082 2022 spero

335 2049 381 2092 in
414 2049 559 2102 illum,
590 2047 664 2103 qui
696 2060 789 2089 non
820 2044 1107 2089 obliviscitur
1137 2042 1358 2097 misereri,
1393 2057 1478 2086 nec
1505 2041 1684 2098 repellit
1714 2040 1759 2084 in
1791 2041 1944 2094 finem,
1974 2039 2083 2096 quia
2109 2058 2156 2098 25

333 2121 547 2166 exaudiet
567 2133 750 2177 precem
766 2118 981 2176 pauperis
996 2126 1040 2162 et
1051 2126 1204 2162 vestro
1218 2131 1293 2160 me
1308 2115 1526 2160 miserum
1538 2122 1851 2172 repraesentat
1860 2111 2082 2170 aspectui.

338 2199 544 2251 suggero
569 2207 681 2237 sane
709 2200 751 2236 et
784 2192 1054 2235 omnimoda
1089 2188 1422 2247 supplicatione
1455 2188 1659 2244 deposco
1692 2194 1739 2229 ut
1770 2185 1936 2228 librum
1971 2186 2084 2240 Ety-

339 2266 661 2323 mologiarum,
685 2278 822 2322 quem
850 2264 939 2308 iam
963 2264 1146 2308 favente
1177 2262 1383 2306 Domino
1416 2260 1678 2305 audivimus
1702 2267 2086 2312 consummatum,

339 2338 662 2398 promissionis
684 2346 868 2382 vestrae
886 2351 1115 2381 memores
1135 2350 1267 2381 servo
1284 2342 1438 2379 vestro
1456 2333 1653 2389 dirigere
1671 2331 1880 2384 iubeatis,
1903 2330 2025 2388 quia,
2040 2337 2087 2373 ut

339 2413 451 2458 mihi
468 2411 682 2456 conscius
707 2425 823 2465 sum,
842 2425 1017 2466 magna
1042 2409 1102 2453 ibi
1123 2424 1177 2454 ex
1199 2416 1327 2466 palte
1342 2407 1460 2451 servi
1478 2406 1546 2451 tui
1562 2404 1870 2463 postulatione
1893 2402 2088 2457 sudasti,
2114 2425 2164 2464 30

338 2495 383 2531 et
408 2485 513 2530 ideo
537 2484 584 2528 in
607 2499 681 2527 me
704 2483 901 2540 primum
927 2483 1069 2528 existe
1091 2481 1350 2536 munificus,
1367 2481 1433 2525 sic
1456 2480 1500 2523 in
1526 2487 1791 2524 sanctorum
1814 2476 2022 2521 coetibus
2044 2483 2088 2520 et

336 2559 442 2603 felix
471 2556 684 2601 habearis
714 2565 758 2600 et
796 2557 990 2613 primus.
1057 2558 1202 2600 Gesta
1234 2554 1377 2598 etiam
1412 2552 1593 2609 synodi,
1627 2551 1673 2595 in
1710 2565 1801 2607 qua
1825 2549 2090 2594 Sintharius

395 2670 611 2721 Epistolae
633 2669 741 2708 I-IV
762 2669 912 2708 desunt
925 2670 967 2707 in
985 2668 1019 2707 C
1100 2667 1212 2706 I-III
1229 2673 1272 2705 ut
1289 2667 1432 2717 accepi
1454 2666 1670 2716 pittacium
1692 2671 1809 2703 tuum
1827 2663 1973 2702 desunt
1990 2663 2032 2701 in
2050 2661 2090 2700 Β

339 2739 363 2764 2
394 2725 597 2776 episcopo
615 2738 699 2763 om.
721 2723 758 2761 T
771 2724 874 2775 (uon
895 2722 959 2774 U)
1073 2737 1098 2772 4
1128 2723 1305 2772 implere
1318 2722 1364 2760 K
1468 2733 1547 2771 4-5
1577 2726 1722 2759 votum
1738 2749 1747 2758 .
1765 2748 1774 2757 .
1794 2747 1804 2757 .
1821 2718 1913 2757 Deo
1928 2731 2010 2756 om.
2034 2715 2090 2755 U1

340 2793 364 2830 5
396 2793 463 2819 me
485 2793 567 2818 om.
590 2779 635 2817 K
771 2784 814 2816 ut
836 2777 899 2829 et]
922 2784 966 2816 ut
987 2777 1032 2814 K
1187 2779 1214 2815 6
1243 2777 1380 2815 futura
1402 2775 1447 2812 Κ
1586 2787 1635 2813 10
1664 2787 1759 2812 meo
1779 2785 1862 2812 om.
1886 2772 1933 2810 K
2043 2783 2085 2809 11

341 2833 607 2885 sanctorum]
630 2845 850 2871 servorum
871 2832 917 2870 K
1043 2844 1090 2869 12
1121 2844 1175 2869 ex
1197 2832 1315 2870 tarde
1341 2831 1382 2869 U
1506 2843 1554 2880 13
1585 2842 1696 2867 nunc
1717 2827 1842 2866 modo
1862 2826 1904 2863 A
2041 2828 2090 2864 16

339 2889 375 2928 si
397 2889 533 2940 mille]
555 2889 692 2927 simile
713 2888 758 2925 K
887 2888 934 2925 18
964 2887 1258 2937 depreendere
1286 2885 1322 2923 T
1452 2898 1505 2923 20
1534 2889 1575 2923 et
1595 2890 1639 2922 ut
1660 2896 1698 2932 p.
1724 2888 1839 2921 tuum
1865 2882 2088 2931 (expunct.)

342 2945 370 2982 f.
390 2944 434 2980 K
557 2956 604 2981 21
639 2955 808 2992 semper
828 2955 909 2980 om.
938 2940 995 2980 U1
1121 2954 1173 2989 24
1204 2953 1315 2979 nunc
1337 2953 1420 2978 om.
1443 2939 1488 2977 K
1610 2951 1665 2976 no
1686 2948 1854 2976 mereor
1872 2935 1918 2973 K
2037 2937 2090 2972 26

342 2997 539 3037 exaudiat
567 2997 605 3035 T
708 3009 761 3046 30
791 2995 986 3035 conscius
1006 3007 1097 3033 sum
1121 2995 1240 3034 AK:
1270 3006 1361 3034 sum
1385 2992 1582 3033 conscius
1608 2991 1684 3031 TU
1807 3002 1860 3040 32
1888 2989 1930 3028 in
1950 3001 2033 3039 quo
2061 2988 2099 3028 T
