2228 3444
1109 151 1382 202 ISIDORI

358 275 455 322 hoc
479 273 652 322 vitium
678 279 762 323 aut
789 274 1115 337 suspensione
1138 277 1193 323 M
1216 274 1417 336 litterae,
1446 284 1531 324 aut
1557 276 1862 327 detractione
1887 278 2112 328 vitamus.

303 363 335 418 7
360 355 655 404 Iotacismus
667 365 754 416 est,
767 355 998 419 quotiens
1015 356 1066 403 in
1082 355 1182 405 iota
1199 358 1358 405 littera
1367 357 1645 420 duplicatur
1662 375 1827 419 sonus,
1841 369 1893 408 ut
1915 362 2116 420 ‘Troia,'

361 441 372 463 ‘
391 437 585 499 Maia’3
621 437 707 486 ubi
733 454 902 487 earum
936 437 1204 487 litterarum
1238 439 1366 488 adeo
1397 438 1532 488 exilis
1566 439 1655 489 erit
1685 441 2034 503 pronuntiatio,
2062 452 2116 492 ut

303 519 332 565 8
359 536 514 567 unum
540 519 655 579 iota,
679 536 780 567 non
807 521 909 568 duo
936 536 1110 568 sonare
1130 519 1403 568 videantur.
1466 521 1825 571 Labdacismus
1852 532 1938 584 est,
1962 525 2001 572 si
2026 540 2115 586 pro

358 617 457 649 una
492 602 535 648 L
564 603 667 649 duo
703 602 1099 664 pronuntientur,
1126 610 1179 649 ut
1214 601 1319 648 Afri
1353 602 1553 663 faciunt,
1591 602 1717 652 sicut
1754 605 2114 668 ‘colloquium’
2143 627 2163 666 5

358 700 447 746 pro
467 686 477 707 ‘
495 684 868 746 conloquium'3
892 684 969 731 vel
990 684 1221 746 quotiens
1242 700 1393 731 unam
1416 685 1456 731 L
1478 684 1663 745 exilius,
1687 687 1788 734 duo
1810 686 1988 749 largius
2007 704 2115 750 pro-

357 764 574 813 ferimus.
638 766 790 826 Quod
816 774 988 813 contra
1013 774 1087 814 est
1105 783 1118 826 ,·
1154 781 1270 813 nam
1291 782 1447 813 unum
1473 767 1665 829 largius,
1688 768 1790 815 duo
1816 767 1987 816 exilius
2009 785 2115 831 pro-

298 859 333 905 9
357 847 479 895 ferre
506 846 766 895 debemus.
818 846 1043 896 Conlisio
1069 855 1155 906 est,
1185 846 1414 909 quotiens
1441 847 1739 897 novissimae
1764 850 1979 912 syllabae
2004 851 2114 898 finis

358 931 407 976 in
433 928 630 977 alterius
657 928 901 991 principio
927 938 1014 989 est,
1045 938 1098 978 ut
1128 931 1444 979 ‘matertera.'

134 1020 332 1060 XXXIII
497 1013 580 1059 DE
606 1025 956 1059 SOLOECISMIS.
1045 1010 1379 1059 Soloecismus
1405 1019 1477 1060 est
1502 1011 1826 1074 plurimorum
1851 1013 2112 1062 verborum
2142 1032 2190 1059 ιο

355 1092 482 1141 inter
508 1109 559 1141 se
585 1092 942 1141 inconveniens
968 1092 1264 1155 conpositio,
1294 1092 1420 1142 sicut
1451 1093 1781 1142 barbarismus
1808 1095 1953 1143 unius
1978 1095 2114 1143 verbi

355 1174 616 1238 corruptio.
692 1174 858 1223 Verba
884 1173 1016 1223 enim
1053 1190 1155 1222 non
1190 1183 1322 1223 recta
1351 1176 1459 1238 lege
1493 1174 1759 1223 coniuncta
1793 1175 2114 1225 soloecismus

356 1266 443 1316 est,
472 1267 525 1304 ut
565 1258 604 1304 si
631 1255 739 1319 quis
766 1255 898 1304 dicat
929 1257 1082 1305 ‘inter
1113 1256 1285 1305 nobis'
1311 1272 1402 1319 pro
1431 1257 1584 1304 ‘inter
1610 1258 1730 1315 nos,⁷
1756 1266 1840 1305 aut
1871 1258 2013 1306 ‘date
2037 1275 2114 1306 ve-

301 1350 330 1384 2
355 1337 486 1385 niam
510 1339 858 1386 sceleratorum
877 1339 886 1358 '
907 1354 996 1401 pro
1021 1337 1328 1386 ‘sceleratis'
1408 1339 1584 1386 Dictus
1605 1347 1771 1386 autem
1792 1338 2114 1388 soloecismus

354 1436 382 1467 a
400 1418 654 1480 Cilicibus,
675 1419 760 1483 qui
777 1436 836 1468 ex
856 1420 977 1468 urbe
998 1417 1201 1485 Solo<e>,
1221 1435 1348 1482 quae
1365 1435 1498 1467 nunc
1517 1418 1886 1482 Pompeiopolis
1903 1422 2115 1484 appella-
2143 1438 2188 1479 15

355 1510 444 1560 tur,
473 1502 692 1564 profecti,
723 1518 837 1549 cum
862 1503 997 1564 apud
1022 1501 1145 1549 alios
1172 1510 1539 1549 commorantes
1571 1517 1710 1549 suam
1736 1510 1784 1550 et
1809 1501 2003 1550 illorum
2029 1502 2116 1550 lin-

354 1599 502 1646 guam
512 1582 1211 1646 vitioseinconsequenterque
1228 1584 1604 1643 confunderent,
1618 1583 1912 1632 soloecismo
1929 1601 2115 1634 nomen

356 1666 615 1714 dederunt.
668 1667 816 1714 Vnde
837 1675 884 1714 et
904 1665 1126 1714 similiter
1144 1667 1405 1729 loquentes
1427 1665 1744 1715 soloecismos
1766 1668 1925 1715 facere
1946 1666 2115 1715 dicun-

302 1765 331 1811 3
355 1757 445 1796 tur.
519 1749 854 1796 Soloecismus
878 1758 1045 1797 autern
1069 1750 1205 1812 apud
1238 1757 1410 1811 poetas
1437 1750 1637 1798 schema
1662 1748 1854 1809 dicitur,
1883 1748 2112 1812 quotiens

354 1828 403 1877 in
431 1846 571 1878 versu
611 1829 904 1879 necessitate
944 1830 1085 1880 metri
1125 1831 1282 1878 factus
1316 1830 1578 1879 invenitur.
1639 1831 1768 1880 Cum
1805 1839 1971 1880 autem
2009 1848 2110 1880 non
2139 1849 2191 1877 20

298 1920 330 1966 4
354 1910 601 1959 invenitur
630 1911 913 1972 necessitas,
942 1920 1199 1975 permanet
1225 1910 1503 1960 soloecismi
1533 1913 1690 1974 culpa.
1778 1913 2112 1960 Soloecismus

354 1993 408 2040 fit
438 1993 635 2042 duobus
667 1993 858 2042 modis:
897 2003 981 2042 aut
1007 2011 1094 2057 per
1123 2002 1284 2056 partes
1316 1992 1562 2053 orationiS‚
1595 2002 1679 2041 aut
1710 2009 1797 2056 per
1820 1993 2110 2042 accidentia.

355 2075 447 2122 Per
476 2084 638 2137 partes
672 2074 923 2135 orationis,
945 2075 983 2123 si
1014 2077 1217 2124 alteram
1252 2083 1441 2138 partem
1473 2091 1563 2138 pro
1593 2076 1742 2123 altera
1762 2091 2020 2138 ponamus,
2043 2084 2114 2123 ut-

354 2165 472 2218 puta
493 2155 531 2204 si
553 2156 943 2220 praepositiones
963 2156 1211 2206 adverbiis
1230 2156 1555 2220 adplicemus.
1634 2159 1726 2205 Per
1750 2155 2026 2205 accidentia
2043 2158 2110 2216 fit,

353 2236 405 2286 id
439 2247 512 2285 est
543 2254 629 2300 per
659 2255 718 2287 ea
751 2255 879 2302 quae
908 2238 1203 2288 acciduntur
1241 2238 1476 2302 partibus,
1509 2247 1685 2301 utputa
1714 2254 1801 2301 per
1834 2239 2108 2301 qualitateS,
2137 2262 2184 2300 25

354 2335 441 2382 per
473 2335 652 2383 genera
677 2330 726 2369 et
752 2336 1000 2380 numeros,
1031 2322 1207 2383 figuras
1234 2329 1282 2368 et
1307 2335 1463 2369 casus.
1538 2322 1630 2367 Per
1659 2318 1751 2368 ista
1775 2318 1919 2382 igitur
1945 2319 2112 2368 omnia

297 2408 328 2457 5
353 2401 477 2450 fiunt
520 2401 815 2461 soloecismi,
845 2402 970 2451 sicut
1013 2404 1242 2451 Donatus
1269 2400 1511 2464 exposuit.
1585 2400 1733 2450 Fiunt
1770 2410 2020 2464 praeterea
2052 2418 2111 2450 ex

351 2482 573 2545 plurimis
600 2485 778 2533 modis.
867 2486 999 2533 Nam
1027 2483 1246 2531 Lucilius
1273 2492 1472 2532 centum
1498 2499 1678 2546 genera
1704 2482 2108 2531 soloecismorum

407 2628 432 2652 2
461 2627 594 2654 sonus
623 2627 704 2653 om.
737 2614 774 2652 T
879 2620 923 2653 ut
955 2614 1102 2666 Troia]
1129 2627 1232 2653 vero
1260 2614 1299 2653 ia
1328 2614 1379 2652 C1
1543 2627 1568 2663 3
1598 2627 1715 2652 arum
1749 2614 1794 2665 (i.
1810 2627 1841 2654 e.
1873 2614 2041 2666 harum)
2080 2616 2118 2654 T

350 2671 458 2709 adeo
489 2683 572 2709 om.
602 2669 664 2707 K1
888 2683 912 2718 4
941 2670 1133 2708 videatur
1163 2669 1243 2708 BC
1405 2668 1460 2721 si]
1492 2670 1688 2719 quotiens
1727 2668 1764 2706 T
1969 2682 1994 2719 5
2025 2682 2110 2708 uno

350 2724 430 2764 BC
583 2724 912 2774 pronuntiantur
939 2723 977 2762 T
1182 2726 1210 2763 6
1239 2737 1315 2774 pro
1336 2724 1566 2774 conloquio
1585 2723 1705 2762 BCT
1849 2736 1980 2762 unum
2001 2724 2014 2762 l
2034 2724 2114 2763 BC

351 2793 373 2830 7
405 2778 539 2830 quod]
561 2780 659 2829 quia
679 2779 725 2817 K
877 2793 927 2818 10
957 2779 1190 2829 primorum
1211 2779 1257 2816 K
1414 2791 1461 2828 13
1491 2779 1588 2818 data
1617 2778 1655 2816 T
1803 2790 1851 2827 15
1882 2778 2107 2830 Cilicibus]

351 2834 542 2873 civilibus
562 2834 603 2872 B
845 2836 894 2872 16
924 2834 1122 2884 propheti
1152 2834 1189 2871 T
1433 2846 1479 2882 17
1512 2846 1610 2884 -que
1631 2833 1944 2872 confunderent
1964 2846 2048 2872 om.
2078 2834 2116 2871 T

350 2903 401 2928 22
434 2902 511 2939 per
528 2889 763 2928 accidentia
783 2888 972 2939 partibus
994 2889 1202 2928 orationis
1223 2900 1300 2938 per
1317 2900 1407 2937 par,
1428 2900 1488 2929 or.
1511 2889 1553 2927 A
1713 2900 1765 2937 24
1793 2888 2108 2938 propositiones

349 2944 547 2983 adverbia
575 2943 613 2982 T
726 2955 778 2992 25
807 2944 1057 2983 acciduntur
1078 2943 1190 2982 AT:
1230 2944 1436 2982 accedunt
1472 2943 1611 2995 (-cid-)
1632 2942 1757 2982 BCK
1919 2942 2109 2992 partibus

350 2999 554 3038 orationis
575 3004 726 3049 utputa
753 2998 832 3036 CK
851 3001 954 3050 (non
974 2999 1016 3036 A
1026 3001 1040 3051 >
1142 2998 1253 3048 qual.
1277 3011 1373 3048 gen.
1399 2998 1501 3049 (om.
1529 2998 1623 3049 per)
1644 2996 1724 3036 BC
1830 2999 1884 3035 26
1913 3010 2009 3046 gen.
2034 3010 2107 3036 nu-

352 3066 513 3092 merum
543 3056 646 3106 (om.
668 3054 729 3105 et)
751 3052 797 3091 K
960 3067 1011 3103 27
1044 3066 1099 3092 ex
1122 3052 1224 3092 CK:
1256 3059 1299 3092 ut
1328 3051 1384 3091 T:
1414 3065 1497 3093 om.
1528 3052 1570 3091 Β
1733 3052 1786 3090 28
1814 3051 1948 3091 lucius
1985 3052 2023 3091 T
