2176 3424
1082 115 1357 164 ISIDORI

351 247 489 309 quod
514 246 813 295 inmaturum
834 255 920 306 est,
943 245 1081 309 piper
1105 247 1309 309 longum
1335 254 1538 294 vocatur
1556 263 1569 306 3
1604 247 1740 308 quod
1760 246 2095 308 incorruptum

348 329 411 377 ab
436 328 551 392 igni,
579 328 717 392 piper
740 329 910 378 album
929 347 942 390 3
978 330 1116 391 quod
1146 345 1261 377 vero
1290 337 1404 376 cute
1436 344 1612 391 rugosa
1645 336 1693 376 et
1717 326 1915 376 horrida
1939 328 2094 386 fuerit,

349 428 407 459 ex
423 412 585 460 calore
610 410 733 474 ignis
759 410 906 460 trahit
936 420 984 460 et
1017 411 1233 459 colorem
1248 420 1314 459 'et
1343 426 1543 458 nomen.
1619 408 1763 472 Piper
1795 408 1836 458 si
1867 410 1974 458 leve
2006 418 2093 467 est,

348 501 597 542 vetustum
623 502 697 542 est
716 511 728 553 3
763 492 803 541 si
838 509 996 556 grave,
1033 493 1300 541 novellum.
1372 492 1590 540 Vitanda
1622 500 1696 540 est
1725 499 1891 539 autem
1917 507 2097 539 merca—

349 586 511 624 torum
538 578 667 624 fraus
686 593 698 636 3
733 577 894 623 solent
927 574 1060 623 enim
1086 573 1417 623 vetustissimo
1450 572 1606 636 piperi
1639 575 1874 621 humecto
1910 572 2098 636 argenti
2121 588 2144 627 5

292 670 327 716 9
350 675 575 722 spumam
600 667 685 707 aut
710 658 972 720 plumbum
997 674 1253 720 aspargere
1279 665 1332 705 ut
1360 657 1698 719 ponderosum
1724 656 1821 704 fiat.
1895 656 2022 704 Aloa
2048 655 2098 703 in

350 739 495 788 India
519 748 669 803 atque
694 739 877 789 Arabia
902 739 1126 802 gignitur,
1151 739 1297 787 arbor
1321 737 1487 787 odoris
1513 736 1788 786 suavissimi
1819 753 1877 785 ac
1902 736 2095 786 summi.

353 821 586 885 Denique
619 821 807 885 lignum
841 820 993 885 ipsius
1019 820 1124 869 vice
1157 818 1535 883 thymiamatum
1574 818 1806 867 altaribus
1842 820 2101 880 adoletur3

270 925 327 959 10
352 907 486 954 unde
512 914 559 953 et
585 921 771 952 nomen
796 902 997 952 traxisse
1021 902 1249 952 creditur.
1322 901 1710 952 Cinnamomum
1743 902 1932 949 dictum
1963 902 2099 964 quod

350 997 517 1036 cortex
542 986 646 1036 eius
672 986 722 1033 in
750 987 956 1034 modum
977 1001 1166 1033 cannae
1192 984 1252 1033 sit
1277 985 1518 1033 rotundus
1544 993 1591 1032 et
1615 982 1821 1046 gracilis.
1872 982 2101 1045 Gignitur
2126 1006 2175 1034 10

349 1079 516 1119 autem
542 1070 592 1116 in
619 1069 794 1117 Indiae
814 1078 862 1116 et
882 1067 1178 1130 Aethiopiae
1203 1067 1499 1130 regionibus,
1518 1065 1691 1114 frutice
1717 1065 1865 1123 brevi,
1886 1067 2098 1115 duorum

350 1160 543 1200 tantum
577 1150 872 1208 cubitorum,
899 1151 1064 1198 colore
1094 1148 1328 1212 subnigro
1353 1150 1429 1197 vel
1462 1147 1673 1207 cinereo,
1701 1146 2098 1196 tenuissimarum

350 1233 607 1297 virgarum.
680 1231 810 1280 Nam
848 1233 985 1295 quod
1021 1231 1071 1279 in
1109 1230 1485 1280 crassitudinem
1524 1228 1813 1288 extenditur,
1843 1228 2099 1292 despectui

347 1324 454 1376 est3
507 1315 644 1378 quod
685 1331 799 1363 vero
845 1313 1071 1376 gracilius
1119 1311 1411 1376 provenerit,
1461 1310 1710 1360 eximium.
1783 1312 1935 1372 Quod
1982 1326 2096 1358 cum

350 1398 597 1460 frangitur,
642 1395 834 1445 visibile
871 1394 1226 1458 spiramentum
1262 1393 1443 1443 emittit
1478 1395 1542 1442 ad
1584 1391 1849 1456 imaginem
1888 1392 2099 1441 nebulae
2127 1416 2173 1457 15

283 1499 327 1532 11
350 1496 436 1529 seu
475 1477 701 1542 pulveris.
775 1480 1048 1526 Amomum
1082 1485 1311 1526 vocatum
1342 1476 1478 1538 quod
1508 1474 1659 1524 veluti
1694 1476 1899 1524 odorem
1936 1475 2100 1522 cinna-

350 1562 503 1610 momi
531 1562 717 1610 referat.
794 1558 1025 1609 Nascitur
1050 1558 1100 1607 in
1127 1558 1263 1621 Syria
1282 1566 1329 1606 et
1354 1556 1603 1617 Armenia,
1624 1558 1781 1605 frutex
1805 1557 2097 1605 botruosum

349 1659 519 1692 semen
545 1643 760 1691 reddens
791 1640 883 1690 sibi
917 1657 1176 1700 conexum,
1205 1642 1323 1688 flore
1352 1639 1468 1688 albo
1501 1637 1652 1688 veluti
1684 1637 1854 1698 violae,
1884 1637 2011 1686 foliis
2043 1637 2098 1686 si-

273 1743 326 1777 12
349 1725 549 1774 milibus
576 1724 809 1784 brioniae,
839 1724 992 1772 odore
1018 1723 1164 1772 etiam
1190 1723 1327 1771 bono
1346 1741 1359 1783 3
1394 1737 1596 1770 somnos
1616 1721 1881 1769 suavificat.
1955 1718 2101 1770 Casia

348 1806 565 1857 nascitur
590 1808 640 1854 in
667 1805 863 1865 Arabia,
892 1804 1023 1868 virga
1056 1804 1245 1854 robusti
1279 1803 1487 1863 corticis,
1516 1812 1564 1852 et
1597 1802 1853 1866 purpureis
1885 1801 2013 1850 foliis
2046 1810 2099 1850 ut
2125 1822 2176 1850 πα

349 1888 543 1952 piperis.
619 1890 707 1937 Est
744 1896 910 1936 autem
947 1886 1136 1935 virtutis
1178 1884 1482 1935 cinnamomi
1525 1884 1709 1943 similis,
1750 1886 1838 1933 sed
1879 1883 2100 1946 potentia

350 1971 578 2031 inferior3
615 1972 749 2020 unde
776 1968 871 2037 [et]
898 1986 986 2033 pro
1013 1968 1317 2018 cinnamomi
1342 1966 1448 2016 vice
1473 1968 1655 2029 duplex
1680 1965 1783 2014 eius
1817 1967 2015 2029 pondus
2050 1965 2100 2013 in

273 2075 329 2122 13
353 2052 730 2102 medicamentis
766 2051 1067 2101 admiscitur.
1140 2052 1373 2102 Calamus
1403 2047 1698 2097 aromaticus
1728 2065 1757 2096 a
1781 2048 2101 2096 similitudine

350 2137 525 2183 calami
552 2134 734 2183 usualis
760 2143 978 2184 vocatus.
1052 2132 1282 2196 Gignitur
1307 2131 1357 2180 in
1385 2132 1530 2180 India
1555 2129 1722 2179 multis
1742 2130 1888 2179 nodis
1907 2128 2101 2192 genicu-

349 2219 489 2276 latus,
518 2218 692 2277 fulvus,
720 2218 935 2280 fragrans
961 2214 1157 2279 spiritus
1185 2214 1437 2263 suavitate.
1513 2214 1611 2274 Qui
1640 2228 1753 2260 cum
1775 2212 2022 2274 frangitur,
2049 2210 2099 2259 in
2121 2225 2176 2268 ’τῇ

352 2300 530 2346 multas
556 2300 610 2347 fit
634 2307 795 2362 partes
823 2296 1035 2358 scissilis,
1065 2296 1300 2345 simulans
1332 2303 1477 2358 gustu
1512 2293 1695 2343 casiam
1728 2309 1842 2341 cum
1868 2292 1963 2340 levi
1986 2294 2102 2341 acri-

273 2403 328 2451 14
352 2379 520 2429 monia
561 2368 876 2429 remordenti.
950 2377 1166 2428 Balsami
1206 2378 1352 2426 arbor
1393 2376 1444 2424 in
1481 2377 1669 2425 Iudaea
1703 2374 1830 2423 intra
1865 2373 2101 2423 terminos

407 2523 430 2547 2
461 2510 512 2548 ab
533 2509 642 2560 igni]
664 2509 716 2547 ab
737 2509 808 2547 imi
829 2508 890 2546 D²
913 2523 922 2547 ε
950 2509 1000 2547 ab
1021 2507 1082 2546 D1
1220 2521 1311 2556 rug.
1336 2507 1495 2546 torrida
1513 2505 1558 2543 D
1758 2517 1783 2553 3
1813 2504 1942 2542 trahit
1963 2502 2040 2543 col.
2060 2502 2106 2539 K

352 2564 457 2602 levis
479 2564 523 2601 K
645 2578 667 2612 4
699 2570 892 2602 vetustus
912 2563 972 2600 Κ1
1096 2563 1236 2612 gravis
1257 2561 1303 2598 K
1420 2573 1444 2610 5
1475 2561 1597 2610 piper
1617 2559 1660 2598 D
1783 2561 1810 2597 6
1837 2570 2040 2609 spargere
2069 2556 2106 2594 T

353 2631 374 2668 7
406 2620 511 2658 odor
531 2619 575 2657 D
670 2620 696 2656 8
725 2619 930 2657 timiatum
951 2617 1011 2655 D¹
1108 2631 1134 2666 9
1164 2617 1415 2656 Cinnamum
1439 2615 1601 2666 (Cina-)
1625 2613 1736 2653 codd.
1827 2626 1876 2651 10
1905 2611 2103 2652 cannaK

354 2686 399 2712 11
433 2679 573 2712 autem
594 2687 676 2712 om.
698 2673 742 2710 D
917 2685 964 2710 12
997 2671 1166 2711 cireneo
1189 2672 1231 2708 D
1401 2683 1448 2719 14
1481 2669 1723 2719 pervenerit
1744 2668 1786 2705 D
1911 2680 2002 2706 cum
2026 2666 2098 2718 sr.]

352 2727 645 2778 confrangitur
663 2727 775 2767 codd.
892 2739 940 2777 15
971 2727 1311 2778 expiramentum
1331 2723 1377 2762 K
1487 2726 1537 2762 16
1566 2723 1749 2762 cinnami
1774 2721 1862 2760 KD
1884 2721 1950 2773 (ex
1966 2721 2096 2761 cina-i

356 2795 403 2832 17
435 2783 497 2835 et]
521 2783 563 2822 in
582 2782 627 2821 D
774 2783 994 2821 butrosum
1014 2780 1061 2819 K
1242 2781 1290 2818 18
1320 2779 1446 2818 foliae
1467 2778 1514 2816 K
1703 2790 1753 2828 19
1781 2775 2040 2816 suavivificat
2070 2774 2107 2812 T

353 2850 406 2876 20
435 2835 667 2888 purpuerei
688 2836 756 2875 K:
786 2849 1022 2886 porporeae
1043 2835 1087 2874 D
1250 2848 1300 2872 21
1334 2834 1518 2873 cinnami
1537 2833 1582 2871 K
1745 2845 1795 2870 22
1826 2844 1896 2870 un.
1918 2842 1996 2880 pro
2016 2828 2106 2867 DT

352 2892 534 2931 cinnami
558 2892 604 2931 K
741 2904 792 2940 23
824 2891 1180 2930 medicamentum
1209 2887 1268 2927 Tt
1298 2889 1371 2927 -tis
1392 2901 1441 2926 ex
1460 2888 1589 2926 ·tibus
1609 2885 1655 2924 K
1734 2886 1993 2925 admiscetur
2013 2883 2102 2922 DK

352 2959 403 2996 24
434 2953 607 2987 vocatur
626 2945 732 2984 KD²
753 2946 834 2995 (-tu
856 2951 904 2984 ut
921 2946 1002 2985 vid.
1023 2944 1104 2996 Dl)
1230 2955 1282 2993 25
1310 2943 1463 2993 spiritu
1483 2941 1701 2982 suavitatis
1720 2940 1764 2979 D
1886 2941 1939 2978 26
1968 2939 2100 2989 partis

351 3001 590 3041 scissimilis
608 3002 703 3041 sim.
727 3000 770 3038 D
908 3013 959 3050 27
991 2998 1242 3039 remortenti
1261 2998 1305 3036 D
1417 2996 1656 3036 Balsamum
1674 2995 1719 3034 D
