2228 3444
455 157 1089 206 ETYMOLOGIARVM
1130 159 1260 205 LIB.
1302 159 1401 207 ΙΙΙ.
1442 160 1540 206 l-—lv

127 286 218 349 per‘
260 285 535 349 incognitas
585 284 677 333 sub
725 293 850 333 terra
891 285 992 333 vias
1040 286 1173 334 vadit
1216 295 1264 334 et
1312 303 1475 335 rursus
1521 288 1586 335 ad
1634 288 1874 338 orientem

126 370 339 417 recurrit.

262 452 346 497 DE
384 464 590 496 LVMINE
629 462 816 495 LVNAE.
891 450 1084 495 Lunam
1129 450 1331 511 quidam
1374 450 1659 512 philosophi
1702 451 1874 500 dicunt
1900 451 1999 490 LIII

119 532 375 595 proprium
409 532 577 579 lumen
608 531 807 590 habere,
831 529 1066 592 globique
1098 532 1201 579 eius
1234 547 1383 579 unam
1414 541 1602 594 partem
1630 549 1737 580 esse
1761 534 1874 580 luci-

77 636 99 676 5
127 615 289 673 fluam,
317 614 462 661 aliam
489 629 604 661 vero
629 612 905 672 obscuram,
932 609 1020 678 [ita
1042 631 1049 660 :
1078 611 1543 680 (sequiturfigura)]
1568 622 1615 662 et
1639 616 1873 676 paulatim

127 711 178 743 se
205 696 441 743 vertendo
461 694 678 742 diversas
699 694 879 742 formas
901 695 1104 742 efficere.
1181 695 1279 742 Alii
1301 712 1327 743 e
1346 705 1517 743 contra
1542 697 1680 743 aiunt
1705 698 1871 744 lunam
1898 706 1928 739 2

126 794 227 825 non
254 794 397 825 suum
425 779 592 824 lumen
619 775 818 837 habere,
844 777 932 825 sed
959 778 1074 824 solis
1109 779 1254 825 radiis
1287 777 1583 826 inluminari.
1655 780 1803 826 Vnde
1829 788 1876 827 et

126 860 347 922 eclipsim
387 859 580 920 patitur,
618 859 657 906 si
695 859 821 906 inter
857 859 1013 920 ipsam
1053 868 1101 906 et
1139 860 1293 907 solem
1332 859 1508 907 umbra
1544 869 1698 908 terrae
1735 861 1877 907 inter-

127 941 305 988 veniat.
365 937 469 1004 [Sol
491 940 621 987 enim
643 938 710 986 illi
731 940 843 987 loco
864 941 1083 1002 superior
1102 951 1191 990 est.
1246 942 1383 988 Hinc
1403 940 1565 990 evenit
1586 950 1651 1001 ut,
1675 942 1876 1003 quando

54 1042 103 1071 ιο
129 1022 219 1069 sub
248 1023 330 1069 illo
364 1030 453 1080 est,
481 1029 618 1083 parte
649 1022 898 1083 superiore
931 1023 1105 1082 luceat,
1135 1025 1362 1071 inferiore
1388 1039 1516 1084 vero,
1544 1040 1692 1086 quarn
1727 1023 1877 1071 habet

127 1105 190 1152 ad
215 1112 380 1162 terras,
408 1102 618 1150 obscura
643 1101 740 1168 sit.]

264 1187 346 1232 DE
386 1199 580 1232 FORMIS
619 1199 806 1233 LVNAE.
882 1187 1045 1234 Prima
1078 1187 1406 1248 figura-lunae
1441 1187 1655 1234 bicornis
1689 1196 1779 1246 est,
1813 1186 1879 1235 ita
1904 1194 1999 1232 LIV

126 1265 367 1331 (sequitur
387 1265 598 1329 figura).
674 1267 904 1316 Secunda
949 1267 1128 1316 sectilis
1173 1266 1362 1333 [habet,
1401 1266 1487 1333 ita]
1530 1268 1639 1331 (seq.
1666 1267 1878 1332 figura).

127 1349 297 1396 Tertia
318 1347 525 1396 dimidia
546 1345 722 1414 [habet
744 1347 830 1414 ita]
851 1347 960 1414 (seq.
973 1348 1185 1414 figura).
1260 1351 1448 1411 Quarta
1467 1351 1614 1413 plena
1634 1348 1740 1415 [ita]
1769 1349 1877 1415 (seq.

55 1452 99 1491 15
112 1429 321 1494 figura).
398 1430 588 1490 Quinta
615 1431 791 1478 iterum
819 1431 1024 1480 dimidia
1051 1428 1133 1497 [ex
1164 1429 1372 1497 maiore]
1403 1429 1514 1497 [ita]
1544 1432 1651 1496 (seq.
1667 1432 1878 1497 figura).

127 1514 274 1560 Sexta
297 1510 474 1559 iterum
506 1513 687 1559 sectilis
722 1509 832 1577 [ita]
861 1512 970 1576 (seq.
986 1513 1196 1577 figura).
1269 1515 1489 1576 Septima
1525 1514 1736 1562 bicornis
1764 1512 1878 1581 [ita]

129 1594 236 1658 (seq.
253 1593 464 1658 figura).
539 1595 759 1656 Septima
784 1603 949 1643 autem
979 1597 1124 1644 semis
1156 1604 1204 1644 et
1230 1596 1463 1643 vicesima
1489 1597 1706 1644 secunda
1732 1598 1879 1645 semis
1905 1616 1934 1649 2

129 1677 177 1722 in
217 1691 306 1723 suo
345 1677 464 1723 orbe
501 1677 696 1724 mediae
734 1685 847 1723 sunt
883 1675 990 1740 (seq.
1019 1677 1229 1742 figura).
1303 1677 1511 1727 Ceterae
1550 1676 1756 1744 [autern]
1792 1696 1880 1742 pro

127 1758 355 1820 portione
380 1766 509 1806 sunt.

56 1862 107 1889 20
266 1841 350 1886 DE
389 1854 716 1887 INTERLVNIO
757 1855 944 1887 LVNAE.
1020 1842 1348 1890 Interlunium
1391 1843 1537 1890 lunae
1573 1850 1647 1890 est
1685 1850 1879 1904 tempus
1905 1848 1978 1887 LV

129 1921 252 1968 illud
277 1919 402 1968 inter
427 1922 742 1970 deficientem
777 1931 824 1970 et
860 1931 1147 1971 nascentem
1174 1924 1357 1970 lunam.
1433 1924 1523 1971 Est
1553 1932 1718 1970 autem
1744 1925 1882 1986 trige-
1917 1984 1919 1987 ᾖ

130 2003 252 2049 sima
291 2003 411 2062 dies,
451 2018 551 2065 quo
589 2004 706 2050 luna
744 2019 844 2051 non
882 2005 1027 2053 lucet.
1105 2005 1248 2064 Quae
1285 2005 1398 2052 ideo
1435 2013 1554 2052 tunc
1590 2005 1743 2053 videri
1780 2022 1880 2053 non

130 2091 310 2146 potest,
335 2082 451 2145 quia
487 2085 577 2132 soli
615 2085 881 2132 coniuncta
918 2085 1239 2146 obscuratur3
1288 2087 1375 2134 sed
1412 2087 1591 2134 eodem
1626 2095 1882 2135 momento

131 2181 392 2214 renascens
419 2167 654 2228 paulatim
680 2167 743 2214 ab
770 2182 830 2215 eo
855 2168 1137 2216 recedendo
1163 2168 1366 2216 videtur.

193 2309 210 2334 1
242 2303 377 2336 terras
398 2297 445 2335 K
461 2297 585 2339 Pln'll.
615 2298 711 2347 1831
907 2310 932 2346 3
963 2298 1132 2348 quidam
1157 2297 1235 2337 CK
1241 2297 1278 2335 T
1291 2296 1414 2335 Plzill.
1444 2298 1572 2346 1831:
1604 2297 1775 2347 quidem
1797 2299 1883 2337 ΑΒ

135 2366 159 2402 4
181 2352 296 2404 esse]
317 2358 381 2391 est
398 2358 463 2392 est
481 2351 530 2391 C1
640 2364 664 2401 5
683 2353 880 2404 figuram
895 2353 987 2394 hab.
1003 2352 1044 2390 A
1065 2352 1079 2403 (
1083 2357 1180 2404 post
1196 2352 1271 2403 ita)
1290 2351 1336 2389 K
1351 2352 1462 2402 <ante
1476 2352 1574 2391 hinc
1591 2353 1747 2402 evenit,
1771 2355 1790 2399 ξ
1810 2354 1853 2403 2)
1874 2369 1881 2392 :

136 2420 218 2446 om.
239 2406 361 2445 BCT
522 2420 615 2457 pau.
637 2408 892 2447 revertendo
917 2407 964 2446 Cl
1141 2409 1168 2446 6
1198 2420 1221 2445 e
1241 2412 1389 2445 contra
1408 2406 1509 2446 BT:
1542 2420 1566 2445 e
1587 2407 1797 2447 contrario
1819 2408 1882 2447 K:

137 2462 350 2501 contrario
374 2462 409 2500 C
548 2463 574 2499 8
604 2463 683 2502 ecl.
709 2463 743 2501 si
765 2463 877 2501 intus
897 2467 982 2512 pat.
1009 2461 1059 2500 Cl
1172 2460 1449 2512 interveniat]
1473 2474 1520 2500 se
1541 2461 1786 2512 interponat
1814 2462 1891 2500 TV

137 2530 163 2567 9
192 2517 254 2555 sol
275 2546 286 2557 .
311 2546 320 2556 .
345 2545 356 2556 .
381 2517 434 2556 sit
456 2516 574 2567 (Isid.
598 2517 693 2556 Nat.
720 2518 782 2566 18,
803 2518 846 2566 3)
864 2517 956 2556 hab.
979 2515 1126 2555 CHK:
1157 2529 1237 2555 om.
1261 2515 1384 2555 BlT:
1417 2516 1482 2555 sol
1503 2517 1615 2554 enim
1639 2547 1648 2557 .
1673 2547 1681 2556 .
1707 2545 1717 2556 .
1741 2523 1806 2555 est
1827 2517 1887 2554 bis

139 2571 299 2623 scripsit
314 2571 375 2608 Kl
595 2571 675 2623 illi]
697 2572 770 2610 illo
795 2572 830 2611 C
1066 2583 1114 2620 13
1145 2571 1272 2609 habet
1292 2571 1350 2609 ita
1370 2570 1463 2610 hab.
1482 2570 1628 2611 ACK:
1661 2584 1744 2611 om.
1764 2571 1890 2609 BTU

144 2638 191 2675 14
221 2626 358 2665 media
375 2625 421 2663 K
439 2626 542 2675 (non
566 2625 616 2675 C)
815 2625 945 2663 habet
966 2625 1023 2664 ita
1042 2625 1135 2664 hab.
1159 2625 1261 2664 CK:
1292 2638 1373 2663 om.
1395 2625 1528 2664 BTU
1715 2626 1773 2664 ita
1792 2625 1883 2664 hah.

145 2680 245 2720 CK:
275 2693 357 2718 orn.
380 2679 508 2719 BTU
703 2692 750 2730 15
783 2681 977 2719 demedia
998 2680 1044 2718 K
1206 2693 1260 2718 ex
1281 2679 1440 2718 maiore
1460 2680 1552 2720 hab.
1576 2679 1770 2719 ABTU:
1802 2693 1883 2720 om.

145 2734 223 2773 CK
453 2735 511 2773 ita
530 2735 621 2774 hab.
649 2734 746 2775 CK:
777 2748 862 2776 om.
883 2734 1008 2773 BTU
1255 2737 1303 2773 16
1333 2735 1391 2772 ita
1411 2734 1504 2773 hab.
1529 2733 1625 2774 CK:
1658 2748 1741 2774 om.
1763 2734 1891 2772 BTU

142 2790 200 2828 ita
219 2789 313 2830 hab,
340 2788 439 2829 CK:
471 2803 552 2830 om.
574 2788 705 2830 BTU
897 2802 943 2838 17
975 2795 1115 2828 autem
1137 2787 1325 2828 ABCK:
1356 2790 1509 2827 iterum
1537 2788 1618 2827 TU
1755 2788 1884 2826 semis

145 2874 154 2884 .
181 2873 190 2883 .
215 2874 223 2882 .
247 2845 435 2884 secunda
455 2857 537 2883 om.
565 2844 620 2882 T:
652 2850 696 2883 et
716 2844 965 2883 duodecima
991 2843 1033 2882 U
1191 2844 1319 2882 semis
1339 2855 1420 2882 om.
1448 2843 1490 2881 U
1683 2844 1732 2881 18
1761 2843 1823 2880 sui
1845 2841 1886 2879 Β

143 2899 244 2937 orbe
273 2898 388 2936 TUB
403 2914 410 2938 ε
442 2899 591 2937 ordine
615 2898 692 2938 CK
881 2905 1021 2937 autem
1042 2898 1134 2938 hab.
1163 2897 1263 2936 CK:
1292 2911 1374 2938 om.
1405 2897 1520 2935 TUB
1707 2909 1884 2946 propor-

144 2952 324 2992 tionales
349 2953 407 2991 U:
439 2953 698 3002 portionales
726 2953 779 2993 T:
812 2954 1111 3003 proportiones
1129 2952 1170 2990 Β
1185 2967 1195 2992 :
1224 2952 1565 3002 praepositiones
1588 2951 1624 2988 C
1738 2964 1791 2989 20
1820 2957 1885 2990 est

146 3007 304 3058 (prius)
325 3020 406 3047 om.
434 3006 483 3045 C¹
639 3022 687 3047 21
719 3014 860 3047 autem
879 3008 986 3047 BT:
1016 3007 1127 3046 enim
1154 3006 1230 3045 CK
1388 3019 1440 3045 22
1469 3019 1553 3055 quo
1572 3004 1724 3043 BKT:
1751 3018 1833 3055 qua
1856 3005 1892 3043 C

147 3061 242 3100 ideo
261 3074 340 3101 nec
359 3062 442 3100 vid.
468 3069 552 3112 pot.
576 3062 611 3101 C
781 3075 834 3112 23
854 3062 1004 3102 eodem
1023 3061 1170 3103 ABT:
1201 3062 1330 3100 dinuo
1353 3062 1406 3101 de
1426 3061 1472 3099 K
1488 3075 1496 3100 :
1526 3061 1666 3099 denuo
1686 3060 1738 3099 de
1759 3059 1883 3100 Phill.

151 3117 275 3165 1831:
309 3115 405 3155 ideo
427 3118 479 3155 de
503 3115 551 3155 C1
672 3148 681 3155 t
