2228 3444
1113 197 1384 246 ISIDORI

374 337 589 391 guntur3
627 330 742 377 ἑπτὰ
781 328 913 376 enim
952 327 1129 376 Graeci
1167 335 1357 390 septem
1392 329 1576 377 dicunt.
1666 330 1815 378 Hanc
1854 345 1944 378 nos
1982 330 2126 394 septi-

379 427 576 458 manam
615 426 863 469 vocamuS,
905 408 1045 472 quasi
1088 417 1278 472 septem
1322 410 1471 459 luces.
1560 411 1692 459 Nam
1731 428 1877 460 mane
1914 412 1995 460 lux
2032 421 2118 461 est.

378 493 596 542 Octavus
623 502 789 542 autem
816 491 920 540 dies
947 490 1080 540 idem
1106 492 1292 554 primus
1318 501 1405 551 est,
1424 493 1488 541 ad
1514 509 1662 556 quem
1689 493 1872 542 reditur
1898 503 1946 543 et
1971 511 1998 543 a
2024 511 2124 558 quo

376 592 540 623 rursus
566 575 917 624 hebdomadae
943 575 1090 622 series
1116 573 1316 622 orditur.

155 669 352 709 XXXIII
515 660 598 705 DE
648 672 920 706 MENsissvs.
997 656 1187 706 Mensis
1233 673 1420 705 nomen
1463 666 1537 706 est
1580 658 1826 707 Graecum
1872 660 1935 708 de
1978 661 2125 708 lunae
2150 679 2171 720 5

375 739 580 789 nomine
612 748 836 788 tractum.
911 740 1053 788 Luna
1087 738 1220 788 enim
1253 740 1377 803 μήνη
1407 740 1600 789 Graeco
1634 757 1862 789 sermone
1895 751 2096 790 vocatur
2114 760 2128 802 3

375 824 510 871 unde
535 831 584 871 et
616 823 751 889 apud
787 821 1050 870 Hebraeos
1084 837 1280 870 menses
1314 822 1518 885 legitimi
1551 838 1654 870 non
1688 839 1747 871 ex
1779 822 1894 871 solis
1928 822 2124 882 circulo,

377 906 465 954 sed
496 922 554 954 ex
586 906 734 952 lunae
765 920 910 952 cursu
940 912 1304 963 enumerantur,
1334 905 1471 966 quod
1501 913 1573 953 est
1598 905 1661 953 de
1687 921 1816 954 nova
1841 906 1906 954 ad
1931 922 2125 955 novam.

323 1001 354 1034 2
378 986 606 1051 Aegyptii
637 995 803 1035 autem
838 985 982 1049 primi
1015 994 1214 1049 propter
1243 987 1390 1034 lunae
1421 987 1718 1036 velociorem
1748 1003 1961 1048 cursum,
1988 997 2036 1036 et
2066 1004 2129 1036 ne

379 1087 509 1120 error
552 1068 920 1133 computationis
965 1067 1069 1117 eius
1114 1070 1374 1117 velocitate
1410 1067 1670 1129 accideret,
1710 1086 1769 1117 ex
1812 1068 1927 1118 solis
1983 1086 2128 1118 cursu
2156 1087 2205 1116 10

379 1152 513 1202 diem
540 1151 724 1201 mensis
743 1150 1105 1200 adinvenerunt
1127 1169 1140 1211 3
1165 1149 1401 1214 quoniam
1419 1150 1602 1200 tardior
1619 1150 1734 1199 solis
1755 1160 1919 1200 motus
1940 1151 2129 1200 facilius

326 1249 356 1295 3
381 1243 571 1298 poterat
605 1232 958 1296 conprehendi.
1046 1231 1304 1281 Ianuarius
1335 1232 1518 1282 mensis
1553 1249 1581 1280 a
1616 1235 1741 1281 Iano
1775 1232 1951 1294 dictus,
1988 1233 2128 1282 cuius

381 1319 471 1365 fuit
496 1334 525 1365 a
549 1315 815 1380 gentilibus
846 1324 1194 1375 consecratus3
1230 1315 1307 1363 vel
1338 1314 1453 1377 quia
1482 1313 1622 1363 limes
1653 1323 1700 1363 et
1727 1314 1875 1364 ianua
1908 1315 1968 1373 sit
1997 1315 2127 1364 anni.

382 1400 530 1448 Vnde
556 1407 604 1447 et
629 1397 816 1446 bifrons
843 1396 976 1447 idem
1005 1398 1156 1446 Ianus
1182 1395 1410 1460 pingitur,
1440 1404 1493 1444 ut
1519 1395 1745 1445 introitus
1766 1396 1884 1445 anni
1905 1406 1953 1446 et
1973 1397 2130 1446 exitus

323 1487 356 1534 4
382 1479 814 1526 demonstraretur.
890 1475 1184 1524 Februarius
1216 1484 1531 1539 nuncupatur
1556 1492 1584 1523 a
1609 1475 1820 1536 Februo,
1846 1475 1896 1524 id
1923 1484 1995 1524 est
2022 1478 2132 1524 Plu-
2160 1500 2207 1541 15

379 1569 511 1620 tone,
531 1559 610 1607 cui
631 1575 691 1607 eo
712 1575 883 1608 mense
904 1557 1283 1606 sacrificabatur.
1359 1560 1489 1607 Nam
1511 1557 1796 1606 Ianuarium
1817 1557 1910 1607 diis
1927 1558 2129 1621 superis,

381 1640 703 1689 Februarium
738 1640 839 1690 diis'
871 1639 1108 1689 Manibus
1143 1639 1362 1689 Romani
1387 1649 1813 1689 consecraverunt.
1889 1643 2020 1704 Ergo
2046 1642 2086 1688 F
2089 1657 2134 1689 e-

380 1722 602 1771 bruarius
629 1740 657 1771 a
675 1723 885 1783 Februo,
909 1722 959 1772 id
980 1732 1053 1772 est
1074 1724 1301 1783 Plutone,
1325 1739 1427 1772 non
1444 1740 1472 1771 a
1491 1723 1642 1783 febre,
1663 1721 1715 1771 id
1735 1731 1808 1771 est
1827 1722 2133 1786 aegritudine

328 1813 358 1862 5
380 1804 679 1854 nominatus.
728 1805 936 1853 Martius
954 1807 1228 1868 appellatus
1246 1814 1445 1869 propter
1463 1806 1678 1853 Martem
1700 1806 1960 1854 Romanae
1975 1803 2133 1868 gentis

379 1896 648 1948 auctorem,
676 1888 752 1936 vel
788 1888 925 1950 quod
959 1904 1019 1936 eo
1054 1896 1278 1951 tempore
1311 1895 1491 1935 cuncta
1526 1885 1796 1934 animantia
1830 1895 2036 1949 agantur
2070 1887 2134 1935 ad
2159 1911 2212 1938 20

325 1974 359 2023 6
383 1986 570 2019 marem
608 1979 656 2019 et
692 1972 756 2020 ad
793 1969 1164 2019 concumbendi
1200 1970 1522 2032 voluptatem.
1599 1969 1742 2017 Idem
1779 1970 2051 2031 appellatur
2087 1977 2134 2017 et

383 2052 567 2102 mensis
593 2069 851 2112 novorum,
880 2051 996 2116 quia
1020 2051 1138 2100 anni
1164 2051 1359 2100 initium
1386 2050 1570 2101 mensis
1597 2059 1670 2099 est
1691 2049 1914 2099 Martius.
1991 2052 2135 2100 Idem

384 2146 431 2185 et
458 2152 643 2184 novum
670 2152 754 2185 ver
778 2135 842 2184 ab
869 2134 1063 2184 indiciis
1084 2133 1270 2183 scilicet
1302 2133 1595 2198 germinum,
1624 2132 1740 2196 quia
1769 2132 1819 2181 in
1846 2150 1906 2183 eo
1931 2133 2138 2182 viridan-

330 2224 359 2273 7
383 2218 515 2267 tibus
533 2217 772 2267 fructibus
789 2217 929 2266 novis
947 2225 1304 2265 transactorum
1324 2216 1559 2279 probatur
1576 2231 1797 2264 occasus.
1850 2215 2032 2279 Aprilis
2048 2233 2136 2279 pro

384 2304 580 2349 Venere
606 2299 796 2359 dicitur,
827 2298 967 2363 quasi
993 2297 1246 2361 Aphrodis
1265 2316 1278 2358 3
1315 2299 1504 2347 Graece
1530 2297 1663 2345 enim
1690 2298 1946 2361 Ἀφροδίτη
1967 2301 2137 2349 Venus
2164 2321 2210 2362 25

387 2382 565 2433 dicitur
584 2400 597 2442 3
632 2384 708 2430 vel
735 2381 851 2445 quia
875 2383 972 2430 hoc
1003 2396 1174 2430 mense
1200 2379 1368 2428 omnia
1398 2379 1683 2443 aperiuntur
1708 2379 1758 2427 in
1784 2381 1968 2442 florem,
1998 2383 2138 2444 quasi

333 2471 362 2518 8
387 2464 611 2529 Aperilis.
681 2463 846 2513 Maius
868 2465 1029 2514 dictus
1055 2480 1084 2511 a
1105 2462 1241 2511 Maia
1258 2471 1412 2511 matre
1433 2461 1668 2511 Mercurii
1681 2480 1693 2522 3
1726 2464 1802 2510 vel
1822 2479 1851 2510 a
1870 2461 2137 2514 maioribus

443 2608 460 2633 1
496 2595 610 2633 enim
632 2607 712 2632 om.
738 2592 784 2630 K
865 2604 991 2641 grece
1012 2605 1046 2632 s,
1071 2592 1223 2631 dicitur
1251 2590 1289 2629 T
1394 2604 1419 2641 3
1461 2597 1543 2630 oct.
1568 2621 1576 2630 .
1604 2622 1612 2630 .
1636 2621 1644 2630 .
1671 2591 1762 2630 ord.
1783 2604 1864 2631 om.
1892 2591 1927 2630 C
2014 2591 2135 2641 prim.

385 2650 437 2689 ad
459 2648 505 2687 K
624 2663 648 2698 4
678 2648 923 2687 ebdomadis
950 2646 988 2684 T
1093 2659 1117 2696 5
1147 2660 1209 2697 gr.
1233 2659 1301 2687 no.
1324 2652 1388 2685 est
1411 2646 1474 2685 C:
1503 2658 1575 2684 no.
1599 2658 1660 2695 gr.
1681 2646 1724 2684 A
1856 2647 1909 2684 de
1931 2676 1940 2686 .
1965 2675 1974 2685 .
1999 2676 2008 2685 .
2034 2652 2134 2686 trac.

384 2718 468 2744 om.
491 2705 528 2743 T
632 2705 659 2742 6
688 2715 815 2754 grece
838 2702 873 2741 C
982 2715 1002 2751 7
1035 2702 1216 2741 circulos
1240 2701 1288 2740 C1
1399 2701 1424 2738 8
1449 2705 1726 2740 numerantur
1746 2699 1792 2738 K
1870 2701 1941 2751 qui
1961 2706 2025 2740 est
2046 2701 2136 2741 dett.

389 2773 434 2800 11
471 2759 561 2798 dies
581 2757 628 2795 K
641 2773 651 2797 ε
672 2758 895 2797 duodecim
917 2757 1116 2797 Schwarz
1242 2769 1290 2795 12
1321 2756 1387 2795 cui
1411 2754 1490 2795 CK
1601 2767 1648 2804 13
1675 2755 1872 2805 gentibus
1891 2755 1937 2793 K
1953 2757 2057 2808 (non
2071 2756 2135 2804 A)

390 2829 437 2864 14
467 2814 660 2854 biformis
680 2812 726 2850 K
743 2812 846 2863 (non
866 2812 927 2864 A)
1024 2818 1066 2851 et
1087 2825 1167 2850 om.
1201 2809 1239 2848 T
1345 2822 1393 2860 15
1425 2811 1741 2850 demonstretur
1759 2809 1846 2848 BT
1949 2823 1974 2848 a
1993 2810 2139 2849 februa

386 2869 497 2911 codd.
512 2868 653 2919 (etiam
675 2867 811 2919 Trin.)
920 2869 968 2906 16
989 2867 1054 2906 cui
1068 2866 1305 2906 neominiae
1318 2866 1668 2905 sacrificabantur
1681 2863 1728 2901 K
1837 2878 1884 2915 17
1901 2864 2139 2904 februarius

387 2924 433 2962 K
532 2936 647 2963 cons.
674 2923 799 2961 Rom.
824 2921 870 2958 K
1020 2923 1068 2960 18
1084 2935 1108 2960 a
1134 2921 1281 2960 februa
1301 2920 1413 2960 codd.
1436 2921 1577 2974 (etiam
1604 2918 1742 2970 Trc‘n.)
1853 2919 1970 2957 febre
1991 2932 2078 2969 egr.
2106 2919 2144 2958 T

387 2993 441 3018 20
469 2985 660 3019 actorem
688 2976 726 3014 T
830 2989 877 3014 21
911 2976 1091 3028 marem]
1106 2981 1284 3015 martem
1303 2974 1354 3014 C1
1439 2974 1704 3015 concubendi
1721 2971 1768 3010 K
1773 2971 1811 3011 T
1933 2986 1984 3012 22
2015 2974 2137 3013 initio

385 3033 431 3071 K
539 3047 591 3083 23
612 3044 766 3072 novum
781 3044 856 3070 ver
875 3030 949 3070 T²:
967 3031 1198 3071 november
1209 3030 1294 3069 BD
1303 3028 1394 3068 T¹A
1415 3029 1613 3083 (ex-bris)
1631 3027 1741 3068 Trin.
1760 3043 1769 3067 ε
1797 3028 1976 3078 primum
1992 3029 2062 3082 (ex
2071 3041 2138 3068 -us

388 3089 439 3135 C)
452 3103 526 3128 ver
548 3087 628 3127 CK
734 3100 785 3135 24
815 3085 1042 3136 praebetur
1061 3085 1108 3123 K
1215 3096 1266 3134 25
1297 3085 1457 3124 afrodis
1480 3083 1559 3123 CK
1574 3097 1583 3122 ε
1613 3082 1801 3122 afrondis
1812 3082 1946 3120 ABT
2021 3084 2137 3133 greci

386 3142 433 3180 K
531 3143 644 3182 enim
665 3155 747 3182 om.
769 3141 812 3180 A
910 3140 1145 3192 Ἀφροδίτη]
1166 3140 1326 3181 afrodis
1347 3139 1456 3179 codd.
1568 3140 1622 3177 26
1649 3137 1784 3177 hocin
1804 3150 1953 3177 mense
1974 3136 2021 3175 K
2033 3138 2136 3191 (non

386 3198 428 3234 A
437 3199 451 3249 )
583 3197 826 3247 aperientur
844 3194 891 3233 K
909 3194 1011 3247 (non
1031 3195 1098 3246 Α)
1245 3208 1295 3244 27
1326 3208 1351 3234 a
1370 3194 1557 3234 moribus
1577 3193 1748 3233 maioris
1769 3206 1837 3234 na.
1860 3191 1907 3230 K
1924 3192 2024 3245 <non
2045 3193 2108 3245 A)
