2176 3424
1085 125 1356 173 ISIDORI

272 264 323 313 17
349 253 787 301 Androdamantus
825 255 989 302 colore
1016 253 1163 317 niger,
1193 255 1414 317 pondere
1440 264 1487 303 et
1513 255 1689 303 duritia
1715 255 1930 319 insignis,
1959 257 2092 304 unde

349 342 398 383 et
423 351 606 384 nomen
626 334 780 394 traxit,
803 334 1094 399 praecipuus
1115 337 1350 398 reperitur
1375 335 1425 385 in
1445 336 1622 386 Africa.
1691 339 1909 387 Trahere
1927 347 2093 386 autem

348 414 397 464 in
425 433 476 466 se
501 426 756 480 argentum
783 419 858 467 vel
883 435 966 467 aes
990 417 1182 479 dicitur,
1199 418 1382 482 quique
1407 419 1627 480 adtritus,
1646 429 1699 469 ut
1723 422 2026 481 haematites,
2046 422 2096 468 in

270 507 325 554 18
347 500 563 548 colorem
591 499 823 564 redigitur
857 500 1121 564 sanguinis.
1192 500 1411 551 Schistos
1448 501 1692 551 invenitur
1727 504 1777 551 in
1809 502 1981 551 ultima
2008 502 2096 550 Hi-

265 595 323 641 19
348 580 532 644 spania,
552 596 698 630 croco
723 581 907 643 similis,
931 599 1045 631 cum
1066 581 1160 632 levi
1177 584 1377 645 fulgore,
1400 582 1541 632 facile
1561 583 1774 632 friabilis.
1835 583 2096 632 Amiantos
2121 600 2142 640 5

347 664 620 726 appellatus
646 681 674 712 a
699 663 946 713 veteribus
973 681 1033 713 eo
1058 665 1211 727 quod,
1241 666 1278 713 si
1305 682 1363 714 ex
1388 666 1495 729 ipso
1520 665 1667 714 vestis
1684 666 1827 714 fuerit
1851 675 2093 724 contexta,

348 753 519 793 contra
544 744 708 808 ignem
734 744 926 794 resistat
951 754 998 794 et
1022 745 1122 809 igni
1148 745 1362 809 inposita
1386 763 1486 795 non
1511 749 1694 806 ardeat,
1722 749 1810 796 sed
1835 748 2097 811 splendore

348 836 554 890 accepto
570 828 778 877 nitescat
795 846 808 888 3
843 837 892 877 et
908 836 982 877 est
997 826 1134 877 scissi
1153 827 1381 877 aluminis
1398 828 1583 889 similis,
1601 827 1848 878 veneficiis
1869 830 2096 878 resistens

258 926 326 961 20
350 908 595 969 omnibus,
636 908 910 972 specialiter
948 926 1217 973 magorum.
1291 909 1593 958 Batrachites
1631 909 1801 958 similis
1835 920 1907 959 est
1943 920 2097 960 testae

347 991 542 1040 laminis
585 991 848 1040 scissibilis.
942 993 1210 1040 Galactites
1252 993 1416 1041 colore
1452 993 1688 1050 cinereUS,
1725 1002 1868 1055 gustu
1907 994 2066 1041 suavis
2085 1011 2098 1053 ,-
2124 1008 2172 1037 10

347 1075 435 1123 sed
452 1073 566 1123 ideo
591 1083 794 1122 vocatus
821 1075 957 1136 quod
974 1072 1213 1136 quiddam
1231 1075 1294 1124 de
1319 1090 1371 1123 se
1397 1075 1609 1123 lacteum
1635 1075 1840 1123 adtritus
1866 1074 2094 1124 dimittat.

270 1165 326 1200 21
350 1154 534 1205 Obsius
555 1155 676 1219 lapis
694 1155 829 1219 niger
848 1164 922 1204 est
938 1156 1265 1205 translucidus
1287 1165 1335 1205 et
1360 1154 1466 1204 vitri
1492 1156 1681 1204 habens
1706 1155 2094 1205 similitudinem.

349 1237 554 1287 Ponitur
579 1238 628 1286 in
649 1237 861 1302 speculis
887 1237 1129 1301 parietum
1158 1248 1357 1303 propter
1382 1238 1651 1302 imaginum
1668 1239 1867 1287 umbras
1891 1239 2098 1287 redden-

346 1322 450 1370 das.
525 1323 762 1370 Gemmas
800 1319 941 1369 multi
978 1337 1036 1369 ex
1076 1337 1137 1369 eo
1173 1320 1394 1369 faciunt:
1449 1320 1664 1369 nascitur
1699 1320 1751 1368 in
1785 1319 1930 1370 India
1966 1330 2014 1368 et
2047 1319 2096 1368 in

349 1401 593 1469 Sam<ni>o
619 1403 803 1453 Italiae.
879 1401 1150 1451 Mithridax
1175 1402 1297 1465 lapis
1314 1402 1587 1466 ‘Euphratis
1608 1404 1711 1452 sole
1737 1400 2097 1468 [re]percussus
2127 1422 2171 1462 15

264 1502 327 1537 22
349 1484 597 1534 coloribus
615 1485 762 1534 micat
782 1484 937 1533 variis.
1001 1484 1192 1534 Aetites
1218 1484 1406 1549 lapides
1426 1484 1734 1549 reperiuntur
1752 1484 1799 1532 in
1819 1483 1947 1533 nidis
1966 1483 2099 1547 aqui-

347 1569 517 1616 larum.
590 1567 745 1616 Aiunt
770 1566 914 1616 binos
940 1566 1160 1627 inveniri,
1189 1584 1375 1616 marem
1410 1576 1458 1616 et
1488 1566 1739 1626 feminam,
1767 1583 1860 1616 nec
1897 1565 2002 1615 sine
2023 1565 2098 1614 his

347 1666 514 1712 parere
538 1649 726 1712 aquilas
748 1668 757 1697 ε
794 1651 970 1697 horum
991 1650 1238 1697 masculus
1255 1650 1421 1708 durus,
1445 1648 1616 1697 similis
1635 1650 1804 1711 gallae,
1825 1647 2100 1707 subrutilis;

347 1733 589 1781 femineus
622 1749 737 1781 vero
773 1731 979 1795 pusillus
1016 1747 1074 1780 ac
1110 1733 1287 1780 mollis.
1361 1731 1560 1795 Alligati
1597 1740 1763 1794 partus
1800 1730 2095 1780 celeritatem

348 1813 546 1873 faciunt,
576 1813 723 1862 etiam
750 1813 997 1877 aliquibus
1030 1812 1219 1876 aliquid
1256 1815 1429 1862 vulvae
1456 1812 1702 1871 excidunt,
1730 1812 1839 1861 niso
1873 1812 1971 1861 cito
1996 1830 2098 1876 par·
2125 1830 2175 1858 20

262 1912 327 1959 23
350 1895 643 1945 turientibus
681 1897 976 1944 auferantur.
1049 1894 1315 1958 Phengites
1358 1894 1706 1959 Cappadociae
1745 1893 1880 1957 lapis,
1922 1894 2100 1943 duritia

350 1976 618 2037 marmoris,
647 1976 889 2026 candidus
914 1986 1063 2039 atque
1100 1978 1434 2035 translucen83
1487 1993 1545 2024 ex
1577 1993 1678 2039 quo
1702 1977 1955 2038 quondam
1982 1986 2099 2024 tem-

348 2060 484 2121 plum
494 2068 831 2108 constructum
850 2069 923 2108 est
937 2076 966 2107 a
983 2060 1202 2122 quodam
1220 2074 1332 2122 rege
1342 2057 1530 2106 foribus
1546 2059 1720 2117 aureis,
1733 2056 1912 2120 quibus
1923 2057 2100 2106 clausis

406 2203 424 2228 1
457 2190 747 2231 Andromatus
766 2189 835 2229 K:
865 2189 1213 2230 Androdomatus
1234 2189 1304 2228 B:
1335 2189 1687 2229 Androdamanta
1717 2187 1812 2236 (acc.
1841 2189 1956 2238 casu)
1986 2186 2098 2227 Plin.

349 2244 402 2284 N.
427 2245 488 2285 H.
510 2248 576 2295 36,
602 2249 677 2295 146
796 2246 914 2284 color
939 2243 978 2282 T
1093 2244 1155 2295 et]
1179 2257 1256 2295 pro
1277 2242 1324 2281 K
1459 2257 1483 2293 3
1514 2243 1698 2283 ematitis
1717 2242 1786 2281 K:
1814 2243 2011 2282 amatites
2039 2241 2100 2282 T:

351 2300 547 2339 ematites
568 2300 646 2340 BC
867 2314 891 2349 4
924 2300 1098 2339 Iscistos
1117 2299 1183 2338 B:
1215 2299 1387 2339 Iscistus
1410 2298 1479 2349 (ex
1500 2298 1733 2350 Isciscitus)
1755 2296 1801 2334 K
1819 2313 1828 2337 :
1860 2298 2010 2337 Icistos
2038 2297 2076 2335 T
2091 2311 2100 2335 :

352 2355 542 2394 Escistos
566 2355 601 2394 C
762 2367 786 2404 5
818 2355 997 2394 friabilis
1021 2354 1122 2395 CK:
1151 2354 1352 2393 fricabilis
1372 2352 1461 2392 ΒΤ
1564 2352 1818 2392 Amianthus
1834 2352 2016 2404 (εχ-τω)
2035 2349 2099 2391 K:

350 2410 559 2449 Amantos
587 2409 649 2449 T:
678 2409 932 2449 Amianthos
951 2410 1031 2449 BC
1191 2412 1218 2448 6
1246 2409 1483 2459 appellatur
1503 2413 1549 2447 ut
1568 2408 1648 2447 vid.
1673 2407 1708 2446 C
1816 2407 2028 2446 contincta
2051 2405 2102 2446 C1

353 2478 374 2514 7
405 2465 503 2514 igne
524 2464 565 2502 Β
742 2467 768 2503 8
796 2465 1000 2504 veneficis
1028 2464 1066 2502 T
1237 2478 1264 2514 9
1294 2464 1489 2503 Batrices
1510 2463 1580 2503 B:
1611 2462 1846 2501 Ostracites
1864 2461 1990 2502 Arev.
2015 2460 2106 2510 (sed

350 2518 506 2558 Isidori
521 2533 635 2558 error
649 2520 802 2570 subest)
930 2533 980 2559 10
1007 2519 1174 2558 laminis
1193 2518 1413 2557 scissibilis
1433 2517 1479 2555 K
1495 2532 1503 2556 :
1532 2517 1699 2556 laminis
1720 2517 1994 2556 aescissibilis
2012 2515 2070 2555 B¹
2092 2530 2100 2554 :

351 2573 558 2614 laminose
578 2574 793 2613 scissibilis
821 2573 880 2613 T:
909 2574 1182 2613 lamminosae
1202 2575 1339 2612 aescis
1360 2572 1509 2612 similis
1527 2571 1575 2611 Cl
1595 2586 1604 2611 :
1633 2571 1865 2611 laminosus
1881 2571 2100 2611 scissibilis

351 2629 611 2668 Dioscorides
630 2629 787 2669 latinus
944 2629 1202 2668 Galacontes
1221 2626 1269 2665 K
1461 2639 1505 2665 11
1539 2627 1593 2668 id.
1617 2626 1677 2665 sic
1696 2639 1786 2666 voc.
1809 2625 1855 2663 K
2017 2637 2098 2675 quo

351 2685 520 2735 quidam
547 2683 586 2722 Τ
717 2685 768 2723 de
789 2697 836 2724 se
856 2697 940 2723 om.
961 2683 1018 2721 Β1
1159 2696 1208 2721 12
1239 2683 1399 2722 Obsius
1419 2680 1590 2720 B1KT:
1621 2681 1822 2720 Obsidius
1844 2680 1879 2720 C
2015 2680 2099 2729 nig.

353 2740 435 2790 lap.
458 2745 524 2779 est
542 2738 585 2777 Β
700 2751 748 2788 13
777 2739 993 2789 speluncis
1017 2738 1052 2778 C
1169 2738 1353 2776 reddens
1375 2736 1416 2774 Β
1540 2749 1587 2787 15
1618 2749 1734 2775 samo
1757 2735 1892 2776 codd.:
1923 2734 2098 2774 Samnio

352 2794 464 2835 Plin.
484 2794 539 2834 N.
564 2793 622 2833 H.
648 2795 718 2844 36,
743 2806 816 2843 197
1078 2793 1270 2831 Mitridas
1304 2790 1411 2831 BT:
1460 2791 1646 2830 Mitritas
1683 2788 1756 2830 K:
1805 2790 2010 2828 Mitredas
2050 2787 2099 2828 C1

353 2862 582 2899 percussus
603 2848 714 2888 codd.
736 2848 853 2888 XVI.
876 2860 954 2888 xn.
980 2861 1004 2886 2
1146 2849 1196 2886 16
1223 2859 1424 2897 aquarum
1448 2846 1499 2886 C1
1669 2857 1715 2895 17
1746 2844 1938 2884 invenire
1958 2841 2102 2882 BClK

357 2905 406 2943 18
433 2917 535 2956 pare
555 2902 602 2941 K
815 2903 997 2954 aquilam
1020 2901 1056 2941 C
1262 2902 1390 2941 durus
1410 2915 1490 2940 om.
1512 2899 1558 2938 K
1787 2898 2018 2938 subrutilus
2040 2897 2098 2938 C:

353 2958 583 2999 subrutulis
602 2956 650 2996 K
809 2972 858 3008 19
886 2970 989 2997 vero
1009 2970 1111 2997 vero
1131 2969 1202 3007 pu.
1225 2955 1271 2994 K
1390 2956 1586 3005 alligatus
1609 2953 1658 2994 Cl
1824 2966 1877 2993 20
1904 2966 1929 2994 a
1949 2953 2099 3003 quibus

354 3014 420 3052 B:
449 3027 532 3054 om.
562 3012 599 3052 T
699 3020 702 3021 ’
725 3025 773 3052 21
806 3012 999 3062 Fingites
1017 3011 1131 3052 codd.
1243 3010 1422 3051 duritiae
1443 3009 1485 3049 Β
1621 3022 1673 3060 23
1702 3022 1727 3048 a
1746 3007 1954 3058 quondam
1976 3020 2036 3048 re.
2057 3007 2100 3048 B
