2176 3424
415 137 1047 188 ETYMOLOGIARVM
1088 137 1218 183 LIB.
1260 137 1367 182 XV.
1409 133 1471 191 iii,
1502 135 1546 180 iv

107 272 253 320 sabee
302 272 544 317 lavantem
593 269 780 330 aspexit
828 274 876 315 et
917 264 1179 314 adamavit.
1269 265 1396 313 Cum
1449 262 1848 324 Hierosolymam
1876 277 1930 323 13

106 352 383 401 Antiochus
418 349 681 409 obsideret,
725 351 986 412 Hyrcanus
1030 346 1258 410 princeps
1299 345 1597 393 Iudaeorum
1639 352 1852 392 reserato

109 433 270 482 David
297 433 536 495 sepulcro,
564 433 653 479 tria
678 430 813 479 milia
836 430 938 478 auri
965 430 1147 477 talenta
1172 427 1288 477 inde
1313 425 1560 486 abstraxit,
1589 442 1647 474 ex
1673 425 1853 488 quibus

106 523 323 565 trecenta
346 514 600 561 Antiocho
637 512 789 571 dedit,
818 521 870 560 ut
906 510 1220 560 obsidionem
1253 508 1548 571 relinqueret
1565 526 1578 569 3
1614 515 1763 571 atque
1800 516 1853 556 ut

59 619 81 658 5
105 597 220 646 facti
258 595 494 644 invidiam
535 596 767 653 demeret,
813 595 962 642 fertur
1000 609 1059 642 ex
1100 593 1287 654 reliqua
1324 589 1535 652 pecunia
1584 588 1884 637 instituisse

106 678 291 742 primus
327 676 650 735 xenodochia,
681 675 860 738 quibus
897 675 1167 723 adventum
1206 673 1474 735 susciperet
1503 687 1775 734 pauperum
1807 679 1854 718 et

105 762 470 825 peregrinorum
494 778 506 819 3
541 759 675 807 unde
708 765 755 807 et
781 757 1077 806 vocabulum
1110 757 1332 819 sumpsit.
1407 757 1539 804 Nam
1577 772 1636 803 ex
1662 755 1854 803 Graeco

105 842 155 891 in
196 842 426 890 Latinum
477 840 762 904 ξενοδοχεῖον
810 838 1176 902 peregrinorum
1227 836 1476 900 susceptio
1525 845 1851 900 nuncupatur.

105 924 204 972 Vbi
224 933 389 972 autem
409 931 715 985 aegrotantes
735 922 799 970 de
823 920 997 985 plateis
1018 921 1326 983 colliguntur,
1347 923 1650 983 νοσοκομεῖον
1667 920 1856 969 Graece

35 1027 84 1055 10
107 1005 284 1054 dicitur
302 1023 314 1065 3
338 1004 389 1053 in
415 1021 515 1067 quo
536 1011 834 1067 consumpta
859 1002 1177 1066 languoribus
1197 1010 1346 1064 atque
1363 1001 1541 1052 inediis
1562 1000 1852 1051 miserorum

108 1088 327 1137 membra
354 1088 593 1135 foventur.

242 1171 324 1217 DE
364 1183 647 1216 AEDIFICIIS
682 1182 875 1216 SACRls.
951 1168 1098 1215 Sacra
1127 1174 1241 1214 sunt
1278 1167 1387 1214 loca
1423 1165 1602 1215 divinis
1640 1165 1854 1215 cultibus
1882 1171 1938 1210 IV

107 1250 342 1311 instituta,
371 1259 544 1313 utpote
570 1267 627 1299 ea
656 1249 706 1298 in
737 1250 916 1312 quibus
950 1247 1119 1297 altaria
1147 1247 1402 1296 litantibus
1435 1249 1498 1297 de
1529 1265 1664 1297 more
1698 1248 1856 1311 ponti-

108 1332 282 1381 ficibus
323 1341 683 1381 consecrantur.
773 1334 954 1381 Sancta
1002 1330 1134 1378 iuxta
1181 1339 1368 1378 veteres
1408 1329 1645 1378 exteriora
1683 1330 1855 1393 templi
1880 1343 1910 1377 2

35 1438 80 1478 15
107 1424 233 1463 sunt.
283 1413 460 1463 Sancta
484 1424 648 1463 autem
677 1422 958 1463 sanctorum
985 1415 1123 1460 locus
1149 1411 1320 1475 templi
1345 1411 1587 1471 secretior,
1615 1413 1679 1461 ad
1705 1429 1854 1474 quem

108 1496 225 1544 nulli
253 1505 355 1545 erat
379 1513 608 1544 accessus
634 1495 726 1544 nisi
753 1505 945 1544 tantum
968 1493 1249 1543 sacerdotis.
1311 1495 1458 1542 Dicta
1483 1503 1646 1542 autem
1675 1495 1855 1542 Sancta

108 1588 388 1627 sanctorum
416 1577 531 1641 quia
558 1577 779 1626 exteriori
801 1578 1000 1626 oraculo
1026 1575 1270 1625 sanctiora
1291 1585 1418 1635 sunt,
1439 1577 1516 1624 vel
1533 1575 1648 1639 quia
1669 1585 1855 1625 sancto-

107 1676 213 1708 rum
258 1659 609 1723 conparatione
650 1661 892 1708 sanctiora
936 1668 1080 1719 sunt3
1118 1658 1244 1706 sicut
1282 1657 1492 1708 Cantica
1534 1657 1852 1719 canticorum,

109 1741 223 1804 quia
248 1741 441 1790 cantica
465 1741 691 1790 universa
716 1742 1032 1804 praecellunt.
1108 1741 1342 1788 Sanctum
1374 1749 1539 1788 autem
1565 1756 1593 1788 a
1619 1740 1856 1804 sanguine

33 1846 85 1875 20
112 1824 302 1874 hostiae
340 1834 713 1888 nuncupatum3
750 1823 872 1872 nihil
909 1822 1039 1872 enim
1079 1831 1303 1871 sanctum
1342 1823 1475 1884 apud
1512 1831 1698 1871 veteres
1729 1822 1856 1872 dice-

112 1907 252 1956 batur
290 1907 381 1956 nisi
419 1909 555 1970 quod
592 1905 781 1955 hostiae
819 1906 1056 1969 sanguine
1094 1913 1220 1953 esset
1251 1913 1593 1952 consecratum
1624 1915 1708 1954 aut
1742 1922 1854 1954 con-

110 2006 345 2052 sparsum.
419 1991 546 2039 Item
585 1998 825 2048 sanctum,
852 1988 989 2050 quod
1025 1996 1153 2035 extat
1183 2002 1290 2035 esse
1324 1985 1580 2034 sancitum.
1656 1987 1853 2036 Sancire

110 2082 181 2120 est
198 2081 363 2121 autem
382 2072 672 2120 confirmare
690 2080 737 2119 et
754 2068 1060 2132 inrogatione
1080 2084 1272 2131 poenae
1291 2067 1355 2116 ab
1373 2067 1547 2116 iniuria
1563 2070 1830 2120 defendere
1841 2089 1854 2131 3

111 2153 179 2202 sic
223 2163 271 2202 et
309 2155 440 2217 leges
483 2162 680 2202 sanctae
723 2161 770 2200 et
810 2151 935 2200 muri
971 2149 1127 2198 sancti
1162 2165 1268 2199 esse
1301 2149 1545 2198 dicuntur.
1619 2151 1852 2215 Propitia-
1877 2171 1907 2218 3

35 2253 81 2294 25
105 2235 280 2284 torium
305 2233 463 2301 [quasi
484 2233 844 2298 propitiationis
861 2231 1126 2281 oratorium
1146 2250 1158 2292 3
1195 2231 1476 2295 propitiatio
1492 2231 1623 2280 enim
1641 2234 1852 2297 placatio

107 2315 218 2383 est].
291 2317 501 2366 Oracula
526 2318 657 2366 dicta
683 2333 743 2365 eo
769 2317 903 2379 quod
930 2314 1045 2363 inde
1080 2330 1316 2376 responsa
1340 2315 1612 2363 redduntur
1631 2334 1642 2376 3
1678 2326 1725 2365 et
1752 2334 1852 2366 ora-

106 2400 216 2447 cula
239 2398 303 2447 ab
329 2415 424 2447 ore.
485 2397 760 2448 Penetralia
785 2405 971 2446 secreta
996 2404 1109 2444 sunt
1135 2397 1443 2444 oraculorum
1463 2415 1476 2457 3
1512 2404 1559 2445 et
1585 2399 1851 2460 penetralia
1874 2414 1906 2460 4

0 2466 27 2600 ‘'-
107 2480 238 2530 dicta
272 2490 384 2529 sunt
416 2481 479 2529 ab
514 2497 573 2530 eo
607 2481 743 2543 quod
777 2489 849 2528 est
886 2477 1095 2542 penitus,
1125 2479 1220 2525 hoc
1254 2486 1326 2526 est
1360 2495 1487 2540 pene
1518 2478 1661 2528 intus.
1736 2482 1853 2530 Ora—

26 2520 43 2587 ·
106 2562 283 2611 torium
313 2562 518 2611 orationi
554 2571 745 2611 tantum
778 2570 850 2610 est
884 2569 1238 2618 consecratum,
1268 2559 1316 2607 in
1356 2576 1456 2622 quo
1487 2577 1635 2610 nemo
1665 2561 1852 2625 aliquid

166 2707 182 2731 1
218 2694 370 2733 amavit
398 2692 468 2731 TC
607 2704 630 2741 5
660 2692 768 2744 inv.]
788 2692 938 2730 insidia
960 2690 1004 2727 K
1130 2692 1155 2728 6
1185 2690 1421 2742 susceperit
1442 2690 1487 2728 K
1618 2705 1644 2741 9
1675 2693 1726 2730 de
1750 2691 1848 2741 plat.

107 2761 222 2799 aegr.
254 2748 299 2786 K
329 2749 431 2799 (non
459 2748 626 2786 Monac.
646 2747 783 2799 frag.)
968 2759 994 2795 9
1026 2758 1110 2784 νοσ.
1144 2758 1223 2785 om.
1264 2745 1300 2783 T
1416 2746 1494 2784 dic.
1530 2746 1601 2785 Gr.
1635 2745 1722 2783 ΒΚ
1748 2749 1852 2798 (non

108 2802 272 2842 Monac.
283 2803 452 2854 frag.):
482 2816 563 2841 om.
594 2800 632 2839 T
778 2814 826 2840 10
855 2801 1068 2840 laboribus
1089 2799 1134 2837 K
1286 2814 1333 2850 14
1364 2801 1419 2839 iu.
1441 2802 1653 2840 veteriora
1674 2807 1770 2840 tem.
1793 2800 1850 2838 Β1

115 2859 163 2896 16
191 2858 399 2896 sacerdoti
422 2857 457 2896 C
604 2869 648 2906 17
681 2857 776 2906 quia
796 2868 990 2895 ascorum
1011 2854 1056 2892 K
1205 2868 1258 2894 20
1288 2855 1484 2894 dicebant
1502 2854 1547 2892 K
1699 2868 1747 2893 21
1781 2862 1850 2895 aut

111 2924 331 2963 asparsum
351 2910 420 2951 K:
451 2925 532 2951 om.
564 2910 600 2948 T
679 2923 729 2950 22
760 2912 870 2960 quod
894 2909 991 2949 CT:
1022 2910 1115 2959 quia
1136 2908 1223 2946 ΒΚ
1307 2910 1410 2959 fort.
1433 2916 1516 2949 stat
1536 2924 1544 2949 :
1573 2915 1738 2949 constat
1759 2910 1849 2950 dett.

111 2973 300 3007 sanctum
324 2966 374 3006 C1
485 2980 535 3016 23
567 2972 608 3005 et
628 2965 678 3005 ab
696 2966 776 3005 inr.
801 2979 868 3016 po.
893 2971 936 3005 et
956 2965 1006 3003 ab
1028 2964 1073 3001 K
1181 2977 1232 3013 24
1265 2965 1368 3004 muri
1387 2963 1433 3002 X
1434 2965 1468 3004 C
1475 2964 1534 3003 T:
1567 2978 1705 3004 mores
1724 2965 1850 3004 BKO

112 3033 163 3070 25
194 3022 310 3071 quasi
332 3052 342 3062 .
358 3051 367 3061 .
385 3051 393 3060 .
416 3021 522 3071 plac.
547 3027 609 3060 est
629 3020 721 3059 hab.
751 3019 899 3059 TUX:
929 3033 1011 3059 om.
1037 3018 1514 3071 BC¹KOMonac.srag.
1631 3022 1683 3057 26
1713 3020 1850 3060 dictae

111 3074 152 3114 Β
316 3089 366 3126 27
399 3088 456 3116 or.
481 3076 596 3125 quasi
618 3075 668 3115 ab
690 3073 734 3111 K
897 3075 949 3112 28
979 3079 1077 3114 sunt
1097 3087 1178 3115 om.
1204 3075 1238 3114 C
1414 3088 1466 3124 29
1493 3075 1682 3114 oratione
1702 3073 1747 3112 K
