2176 3424
1055 137 1325 186 ISIDORI

225 280 288 326 23
312 265 641 328 auguriantur.
709 266 1020 316 Genethliaci
1045 265 1274 330 appellati
1300 275 1498 329 propter
1523 267 1758 316 natalium
1786 268 2058 317 considera-

311 346 471 395 tiones
509 348 713 396 dierum.
788 349 1010 398 Geneses
1048 349 1179 396 enim
1217 347 1475 396 hominum
1512 366 1598 412 per
1633 349 1899 398 duodecim
1936 349 2057 399 caeli

312 430 449 492 signa
485 430 786 491 describunt,
822 430 1138 493 siderumque
1175 446 1319 479 cursu
1355 433 1663 479 nascentium
1701 448 1876 491 mores,
1904 441 2056 492 actuS,

312 520 488 560 eventa
529 511 812 575 praedicare
855 521 1110 572 conantur,
1156 512 1207 560 id
1255 519 1340 571 est,
1383 512 1492 574 quis
1541 514 1686 575 quale
1734 513 1873 576 signo
1915 512 2058 562 fuerit

222 604 288 652 24
311 603 470 655 natus,
498 603 582 643 aut
614 611 763 657 quem
798 597 1030 644 effectum
1066 593 1246 643 habeat
1272 593 1399 642 vitae
1433 594 1517 657 qui
1543 595 1772 643 nascitur.
1846 594 1918 644 Hi
1944 603 2057 644 sunt
2082 607 2103 648 5

311 677 394 738 qui
438 678 584 740 vulgo
624 676 967 726 Mathematici
1011 686 1278 736 vocantur,
1328 676 1467 724 cuius
1503 674 1862 739 superstitionis
1902 693 2056 740 genus

312 758 727 810 Constellationes
762 758 926 808 Latini
958 767 1152 818 vocant,
1180 757 1229 807 id
1263 767 1336 807 est
1370 758 1649 807 notationes
1683 757 1912 819 siderum,
1941 776 2057 822 quo-

225 853 288 902 25
311 842 463 889 modo
489 858 540 890 se
566 842 781 890 habeant
807 859 921 890 cum
948 841 1157 904 quisque
1181 840 1409 890 nascitur.
1490 840 1707 889 Primum
1733 850 1899 890 autem
1925 841 2057 890 idem

310 924 559 971 stellarum
591 923 879 987 interpretes
914 923 1042 986 magi
1076 923 1501 986 nuncupabantur,
1529 923 1651 971 sicut
1682 923 1746 972 de
1779 922 1853 971 his
1887 922 2059 986 legitur

310 1006 394 1067 qui
420 1003 470 1052 in
506 1008 776 1069 Evangelio
810 1015 980 1054 natum
1008 1005 1260 1055 Christum
1286 1006 1700 1054 adnuntiaverunt
1720 1023 1732 1065 3
1765 1013 1937 1068 postea
1963 1007 2058 1054 hoc
2085 1025 2133 1053 10

219 1082 286 1130 26
311 1087 515 1135 nomine
563 1087 653 1136 soli
711 1087 1068 1137 Mathematici.
1144 1086 1299 1138 Cuius
1355 1087 1470 1135 artis
1524 1086 1727 1135 scientia
1783 1103 1939 1149 usque
1994 1089 2058 1135 ad

312 1169 635 1232 Evangelium
662 1169 751 1219 fuit
777 1187 1025 1229 concessa,
1047 1178 1100 1218 ut
1125 1168 1324 1219 Christo
1355 1170 1490 1218 edito
1515 1185 1664 1217 nemo
1690 1169 1867 1217 exinde
1892 1170 2059 1216 nativi-

225 1258 287 1307 27
310 1260 460 1300 tatem
487 1250 692 1299 alicuius
718 1253 781 1301 de
806 1253 944 1301 caelo
970 1251 1379 1313 interpretaretur.
1452 1250 1735 1313 Horoscopi
1761 1249 1893 1309 dicti,
1923 1251 2058 1312 quod

310 1335 454 1382 horas
479 1332 746 1382 nativitatis
773 1333 1034 1382 hominum
1061 1334 1375 1397 speculantur
1400 1331 1624 1381 dissimili
1649 1341 1697 1381 et
1722 1331 1915 1380 diverso
1940 1334 2054 1381 fato.

223 1413 286 1460 28
309 1415 533 1479 Sortilegi
577 1424 690 1463 sunt
727 1415 811 1478 qui
850 1415 941 1464 sub
978 1414 1181 1463 nomine
1219 1415 1361 1463 fictae
1398 1413 1642 1478 religionis
1678 1429 1764 1476 per
1799 1415 2057 1476 quasdam,
2084 1439 2129 1479 15

310 1515 430 1561 quas
451 1507 733 1547 sanctorum
761 1507 913 1547 sortes
934 1505 1125 1557 vocant,
1143 1495 1457 1545 divinationis
1483 1495 1737 1544 scientiam
1755 1496 2055 1558 profitentur,

309 1590 393 1629 aut
418 1596 845 1643 quarumcumque
871 1579 1217 1643 scripturarum
1240 1577 1546 1641 inspectione
1571 1579 1732 1625 futura
1751 1576 2056 1640 promittunt.

217 1676 286 1725 29
309 1663 595 1713 Salisatores
620 1660 780 1711 vocati
805 1670 933 1722 sunt,
961 1660 1077 1723 quia
1102 1662 1222 1709 dum
1249 1659 1318 1708 eis
1348 1659 1682 1708 membrorum
1716 1674 2060 1722 quaecumque

308 1754 469 1809 partes
497 1743 725 1803 salierint,
753 1742 940 1806 aliquid
967 1742 1056 1791 sibi
1085 1741 1262 1790 exinde
1287 1757 1575 1805 prosperum
1610 1757 1695 1790 seu
1725 1740 1859 1790 triste
1884 1739 2060 1803 signifi-

217 1842 284 1888 30
307 1845 418 1877 care
442 1826 747 1891 praedicunt.
821 1826 902 1874 Ad
927 1826 1050 1874 haec
1076 1822 1244 1872 omnia
1267 1822 1514 1885 pertinent
1538 1832 1586 1871 et
1615 1823 1849 1885 ligaturae
1873 1838 2060 1871 execra-
2087 1842 2135 1869 20

309 1910 482 1959 bilium
526 1907 872 1966 remediorum,
903 1922 1029 1969 quae
1070 1922 1146 1953 ars
1183 1904 1490 1953 medicorum
1528 1905 1843 1962 condemnat,
1873 1904 1974 1952 sive
2010 1903 2059 1951 in

308 1989 806 2056 praecantationibus,
836 1988 936 2037 sive
975 1988 1025 2036 in
1059 1985 1439 2045 characteribus,
1468 1987 1544 2034 vel
1575 1985 1625 2034 in
1663 1986 2061 2048 quibuscumque

231 2093 286 2138 31
307 2075 453 2124 rebus
491 2071 854 2136 suspendendis
890 2079 1039 2133 atque
1076 2067 1299 2132 ligandis.
1376 2070 1456 2125 Inv
1479 2067 1660 2130 quibus
1707 2066 1939 2116 omnibus
1984 2084 2060 2115 ars

307 2159 609 2206 daemonum
637 2164 710 2204 est
736 2171 793 2203 ex
819 2154 1034 2216 quadam
1060 2152 1289 2215 pestifera
1314 2149 1547 2198 societate
1573 2149 1833 2197 hominum
1853 2158 1900 2197 et
1918 2165 2061 2212 ange-

307 2241 467 2288 lorum
494 2239 737 2286 malorum
763 2244 943 2284 exorta.
983 2234 1131 2281 Vnde
1157 2241 1335 2280 cuncta
1355 2230 1556 2279 vitanda
1581 2239 1694 2279 sunt
1713 2248 1741 2278 a
1761 2230 2061 2291 Christiano,
2087 2251 2132 2291 25

312 2331 360 2371 et
409 2319 546 2369 omni
593 2318 789 2383 penitus
839 2315 1148 2366 execratione
1198 2311 1504 2377 repudianda
1550 2321 1698 2374 atque
1759 2313 2058 2360 damnanda.

143 2416 291 2464 32,33
314 2402 533 2466 Auguria
555 2410 722 2450 autem
748 2399 912 2448 avium
940 2399 1153 2460 Phryges
1187 2394 1331 2459 primi
1360 2393 1664 2442 invenerunt.
1740 2393 2057 2456 Praestigium

370 2547 387 2571 1
413 2532 686 2573 Genetliatici
704 2530 764 2570 B:
789 2527 1078 2570 Genethiatici
1102 2524 1156 2565 T:
1179 2523 1454 2564 GenetiatiK
1551 2523 1672 2575 app.]
1688 2522 1857 2562 dictiB1
1959 2535 2059 2561 con-

310 2589 615 2628 siderationem
637 2587 692 2626 di.
715 2586 756 2624 Β
782 2599 790 2624 :
821 2582 1166 2624 consideratione
1187 2580 1373 2619 siderum
1396 2578 1442 2615 K
1615 2591 1638 2616 2
1663 2590 1797 2627 genus
1812 2577 1859 2615 K
1878 2577 1981 2629 (non
1993 2576 2034 2615 A
2043 2578 2059 2629 )

311 2643 527 2683 hominum
549 2655 631 2681 om.
661 2641 698 2678 T
819 2640 944 2687 signa
966 2637 1072 2677 caeli
1094 2636 1134 2674 B
1157 2650 1165 2674 ε
1195 2633 1317 2682 signa
1337 2632 1383 2670 K
1402 2635 1506 2684 (non
1527 2632 1590 2686 A)
1757 2646 1782 2681 4
1812 2632 2059 2683 praedicere

312 2698 403 2738 dett.
572 2699 597 2736 8
626 2695 780 2734 habeat
800 2693 888 2733 ΒΚ
895 2693 932 2730 T
1101 2701 1280 2739 cumque
1300 2701 1366 2727 na.
1387 2687 1443 2725 Β1
1607 2700 1633 2736 9
1662 2691 1963 2736 nuncupantur
1981 2686 2057 2724 sed

312 2754 418 2793 sicut
439 2750 485 2790 K
597 2763 646 2788 Io
666 2750 736 2798 qui
756 2763 839 2788 om.
863 2747 910 2785 K
1016 2751 1114 2784 nato
1138 2744 1306 2783 Christo
1325 2742 1687 2782 abnuntiaverunt
1708 2740 1754 2779 K
1866 2753 1913 2779 12
1943 2740 2059 2779 edita

313 2807 411 2847 ClT
546 2818 593 2854 14
624 2816 752 2843 orans
775 2803 812 2841 T
826 2807 920 2842 ante
941 2814 1040 2840 corr.
1178 2798 1346 2837 diversu
1374 2796 1410 2834 T
1527 2796 1610 2835 fato
1632 2795 1722 2835 dett.
1749 2811 1758 2836 :
1788 2796 1874 2834 fatu
1894 2792 2056 2834 BC1T:

313 2864 426 2902 factu
447 2859 494 2899 K
677 2860 727 2896 16
756 2857 880 2909 quas]
902 2869 1026 2906 quam
1051 2854 1127 2894 C1:
1157 2866 1236 2892 om.
1267 2852 1304 2890 T
1480 2855 1685 2891 vocantur
1702 2850 1744 2889 Β
1926 2849 2057 2900 profi]

313 2917 537 2968 proferunt
557 2912 603 2952 K
620 2912 722 2963 (non
744 2912 786 2950 A
795 2914 811 2964 )
957 2924 1003 2960 17
1035 2915 1079 2948 ut
1099 2921 1167 2958 qu,
1189 2907 1442 2946 scribturam
1471 2905 1508 2944 T
1645 2905 1694 2943 18
1723 2917 1791 2954 qu.
1815 2916 1869 2943 m.
1893 2901 1939 2940 K
1955 2903 2058 2955 <non

312 2971 377 3021 A)
399 2987 407 3011 ε
436 2983 490 3010 m.
515 2980 696 3019 quecum
717 2967 773 3005 Β1
921 2979 971 3015 19
1001 2964 1200 3003 salierent
1222 2960 1322 3000 C¹K
1483 2973 1536 2999 20
1565 2959 1809 3010 praedicant
1832 2957 1882 2996 Cl
1989 2957 2058 2996 Ad

313 3039 395 3067 om.
428 3025 466 3063 T
569 3037 622 3062 22
651 3022 721 3062 vel
741 3034 821 3060 om.
851 3019 888 3058 T
1009 3031 1062 3067 23
1091 3016 1239 3068 atque]
1260 3021 1333 3054 aut
1354 3015 1400 3053 K
1506 3012 1731 3064 alligandis
1754 3011 1789 3051 C
1907 3023 1959 3062 25
1989 3025 2054 3052 ex.

313 3081 408 3120 mal.
432 3078 482 3171 Ξ
495 3077 599 3129 (non
620 3077 683 3130 A)
797 3075 994 3114 evitanda
1022 3073 1060 3112 T
1181 3073 1234 3110 26
1254 3083 1352 3122 pen.
1375 3076 1419 3110 et
1438 3081 1506 3109 ex.
1529 3067 1580 3107 C1
1690 3067 1805 3119 rep.]
1825 3067 1997 3106 vitanda
2016 3065 2063 3104 K

317 3136 420 3187 (non
489 3135 505 3185 >
