2176 3424
477 130 1107 179 ETYMOLOGIARVM
1147 132 1276 177 LIB.
1313 132 1452 177 XVI.
1491 130 1537 176 iv

127 262 318 310 claritas
358 261 488 309 intus
529 260 704 309 diurna
751 269 866 307 erat.
939 257 1236 323 <Ch>emites
1280 257 1416 306 ebori
1456 257 1640 317 similis,
1682 257 1731 304 in
1771 273 1871 319 quo
1893 271 1959 318 24

127 343 333 392 Darium
370 341 626 391 conditum
658 343 832 400 ferunt,
867 339 1110 403 Parioque
1144 339 1314 387 similis
1348 341 1564 389 candore
1593 347 1641 388 et
1678 338 1868 397 duritia,

126 425 287 474 minus
305 434 495 474 tantum
511 425 832 487 ponderosus,
853 421 937 484 qui
953 438 1101 485 porus
1117 431 1331 469 vocatur.
1385 420 1653 470 Ostracites
1670 429 1872 469 vocatus
1895 432 1957 478 25

125 509 261 570 quod
282 505 652 556 similitudinem
680 513 833 553 testae
858 503 1067 551 habeat:
1106 519 1222 552 usus
1240 502 1343 552 eius
1369 519 1458 565 pro
1476 501 1689 566 pumice.
1765 503 1870 551 Me·
1895 499 1963 546 26

79 612 100 651 5
125 589 298 638 lanites
341 587 462 651 lapis
505 588 665 636 dictus
707 595 780 635 est
821 601 881 634 eo
920 586 1055 647 quod
1096 586 1326 633 melleum
1367 593 1414 633 et
1456 586 1654 633 dulcem
1694 600 1866 631 sucum

125 670 325 718 emittat.
398 668 578 732 Smyris
603 667 724 731 lapis
749 682 890 729 asper
915 675 962 714 et
977 665 1247 714 indomitus
1273 675 1322 714 et
1347 665 1514 714 omnia
1538 667 1782 725 adterens,
1810 682 1868 713 ex
1890 674 1952 723 27

124 769 224 815 quo
249 751 412 814 lapide
436 766 660 814 gemmae
696 757 929 797 teruntur.
1004 747 1254 810 Chrysites
1292 749 1456 796 colore
1493 746 1663 795 similis
1689 748 1868 795 ochrae
1892 746 1957 792 28

125 833 369 882 invenitur
404 832 454 880 in
491 834 730 894 Aegypto.
807 826 1141 895 [H]ammites
1178 828 1348 878 similis
1387 828 1531 888 nitro,
1563 830 1651 877 sed
1687 827 1866 887 durior,
1886 836 1955 882 29

123 914 334 979 gignitur
374 911 475 980 [in]
518 915 745 976 Aegypto
784 914 860 960 vel
903 907 999 977 [in]
1043 910 1241 959 Arabia.
1312 910 1518 974 Thyites
1566 911 1782 959 nascitur
1819 909 1871 958 in
1894 919 1961 965 30

54 1017 101 1043 10
124 996 389 1060 Aethiopia
414 994 562 1044 veluti
591 993 771 1054 viridis,
811 995 899 1043 sed
928 995 1112 1042 lacteus
1147 1010 1259 1041 cum
1285 992 1553 1053 resolvitur,
1580 993 1867 1042 remordens

123 1080 452 1128 vehementer.
526 1078 749 1127 Coranus
791 1075 931 1124 albus
972 1084 1044 1123 est
1085 1073 1351 1137 duriorque
1395 1074 1551 1123 Pario.
1625 1073 1866 1123 Molotius
1891 1079 1963 1125 319
1990 1082 2053 1127 32

124 1160 275 1209 veluti
313 1159 476 1209 viridis
514 1168 561 1208 et
598 1157 753 1222 gravis
790 1156 1035 1206 invenitur
1078 1158 1128 1204 in
1171 1159 1411 1220 Aegypto,
1484 1158 1811 1216 Tusculanus,
1838 1173 1868 1204 a
1891 1161 1955 1221 33

121 1244 233 1292 loco
260 1243 430 1291 Italiae
449 1241 623 1301 dictus,
642 1239 849 1289 dissilire
873 1238 973 1302 igni
997 1238 1214 1288 traditur.
1276 1239 1488 1287 Sabinus
1514 1241 1680 1288 fuscus
1695 1239 1869 1289 addito
1891 1255 1957 1303 34

122 1326 234 1373 oleo
255 1323 403 1372 etiam
423 1325 585 1372 lucere
605 1323 765 1371 fertur.
839 1323 927 1369 Est
944 1329 992 1369 et
1008 1320 1211 1384 quidam
1227 1319 1393 1370 viridis
1413 1320 1535 1384 lapis
1550 1322 1869 1371 vehementer

53 1422 97 1462 15
122 1405 221 1469 igni
259 1406 501 1454 resistens.
572 1403 806 1467 Siphnius
844 1402 1004 1451 mollis
1042 1412 1089 1451 et
1125 1402 1382 1462 candidus,
1420 1405 1716 1453 excalfactus
1754 1406 1867 1453 oleo
1892 1407 1956 1455 35

121 1486 349 1550 nigrescit
384 1496 531 1550 atque
564 1484 790 1535 durescit.
864 1486 1077 1547 Lapides
1112 1501 1311 1547 quoque
1335 1485 1706 1534 medicinalium
1746 1503 1867 1535 mor·
1890 1482 1958 1539 36

122 1568 353 1618 tariorum
391 1578 440 1617 et
477 1567 839 1632 pigmentorum
878 1567 1048 1615 usibus
1084 1565 1213 1629 apti:
1274 1566 1453 1615 etesius
1491 1566 1781 1630 praecipuus
1818 1577 1866 1616 et

122 1650 238 1700 inde
263 1651 507 1699 chalazius
528 1669 540 1711 3
576 1648 858 1698 Thebaicus
879 1665 1077 1712 quoque
1102 1658 1150 1697 et
1176 1647 1423 1697 basanites
1448 1648 1637 1711 lapides
1663 1648 1783 1696 nihil
1809 1665 1867 1697 ex

125 1749 230 1781 sese
248 1734 566 1781 remittentes.
639 1729 912 1793 Specularis
938 1728 1061 1793 lapis
1094 1739 1298 1779 vocatus
1324 1739 1396 1779 est
1430 1731 1566 1792 quod
1591 1729 1699 1779 vitri
1731 1747 1867 1779 more
1887 1744 1952 1794 37

50 1830 102 1858 20
124 1815 417 1863 transluceat
438 1832 451 1874 3
486 1821 703 1876 repertus
730 1811 940 1874 primum
973 1810 1023 1858 in
1050 1811 1296 1874 Hispania
1326 1811 1536 1860 citeriori
1569 1811 1696 1860 circa
1722 1813 1866 1875 Sego-

122 1895 306 1944 bricam
327 1895 514 1944 urbem.
588 1893 843 1943 Invenitur
875 1892 1007 1942 enim
1033 1893 1126 1942 sub
1155 1902 1280 1942 terra
1305 1903 1353 1942 et
1389 1895 1594 1943 effossus
1628 1893 1867 1943 exciditur

121 1987 268 2040 atque
293 1976 495 2026 finditur
520 1975 570 2024 in
586 1974 857 2039 quamlibet
882 1984 1055 2023 tenues
1075 1983 1274 2023 crustas.

181 2110 198 2134 1
232 2097 426 2135 diuturna
446 2094 491 2133 K
692 2095 917 2133 Chernites
937 2093 1042 2133 edd:
1073 2093 1334 2145 C(h)emites
1355 2094 1464 2134 codd.
1488 2094 1617 2132 Pliniz
1637 2093 1689 2134 N.
1713 2094 1773 2135 H.
1795 2097 1861 2145 36,

127 2163 202 2200 132
223 2165 232 2189 ε
273 2150 432 2189 Emites
466 2149 577 2189 codd.
615 2149 717 2199 (pro
753 2149 953 2198 Cemites,
991 2153 1197 2198 tanquam
1236 2149 1287 2198 C,
1320 2149 1346 2188 i.
1357 2162 1388 2187 e.
1433 2150 1657 2200 capitulum
1692 2163 1862 2197 novum,

122 2206 315 2256 emites3)
457 2205 597 2243 eboris
618 2203 659 2241 Β
849 2217 874 2242 2
902 2204 1035 2242 arium
1064 2202 1101 2240 T
1246 2204 1366 2254 pario
1387 2204 1479 2243 sim.
1507 2203 1542 2242 C
1689 2205 1808 2243 duria
1835 2204 1873 2243 T

122 2273 146 2309 3
178 2260 360 2312 tantum]
383 2266 525 2299 tamen
549 2258 583 2297 C
700 2271 829 2307 purus
850 2257 895 2295 K
1008 2258 1253 2297 Ostracides
1272 2257 1359 2298 ΒΚ
1493 2272 1517 2307 4
1547 2259 1698 2298 habeat
1717 2258 1842 2298 BCK
1855 2274 1864 2298 :

125 2315 252 2354 habet
282 2314 319 2352 T
446 2313 666 2352 Melitinus
687 2313 796 2354 Plin.
821 2314 874 2352 N.
898 2312 956 2353 H.
980 2315 1044 2363 36,
1070 2326 1146 2363 140
1322 2326 1345 2362 5
1377 2318 1442 2352 est
1462 2326 1544 2352 om.
1572 2313 1607 2352 C
1742 2314 1863 2352 dulce

122 2382 247 2408 sucus
267 2368 313 2407 K
500 2370 526 2406 6
556 2369 741 2407 remittat
761 2368 872 2408 Plin.
1042 2367 1243 2407 Hismiris
1262 2367 1320 2405 Β1
1344 2373 1390 2407 ut
1405 2367 1484 2406 vid.
1507 2366 1613 2407 KT:
1648 2367 1811 2407 Ismiris
1833 2368 1868 2407 C

123 2430 332 2463 atterrens
353 2422 431 2462 CK
681 2435 701 2472 7
733 2423 895 2472 lapides
914 2421 960 2459 K
1185 2428 1379 2462 teruntur
1397 2421 1519 2462 BCK
1536 2437 1545 2461 ε
1575 2424 1806 2462 tundantur
1833 2422 1871 2460 T

124 2479 301 2517 Crisites
340 2477 468 2517 codd.:
517 2477 729 2527 Chrysitis
766 2478 878 2517 Plin.
918 2476 972 2516 N.
992 2475 1051 2516 H.
1091 2490 1253 2527 37,179
1476 2477 1523 2518 C.
1553 2477 1662 2528 lapis
1701 2478 1780 2517 col.
1823 2476 1868 2514 K

124 2546 277 2572 ocreae
301 2533 431 2584 (-ree)
453 2532 564 2573 codd.
747 2534 773 2570 8
803 2532 998 2570 Amnites
1018 2531 1127 2570 codd.
1153 2530 1394 2578 (Amanites
1414 2531 1474 2579 Β)
1650 2545 1677 2582 9
1705 2531 1746 2570 in
1768 2532 1862 2571 hab.

124 2586 194 2626 K:
222 2601 303 2626 om.
323 2586 447 2626 BCT
696 2587 738 2624 in
758 2587 850 2626 hab.
879 2586 937 2625 T:
967 2599 1050 2626 om.
1072 2585 1196 2624 BCK
1451 2586 1630 2636 Thyites
1650 2586 1774 2626 Arev.
1800 2587 1868 2637 (ex

126 2642 356 2694 Dioscor.):
386 2642 439 2680 Vi
470 2641 553 2693 (vel
582 2640 656 2691 Vl)
694 2641 752 2680 T:
787 2641 847 2679 VI
874 2640 953 2680 C1:
983 2654 1064 2679 om.
1096 2639 1184 2677 ΒΚ
1292 2641 1409 2690 Quae
1436 2641 1645 2691 quomodo
1673 2641 1864 2693 explicem

125 2696 267 2735 haereo
470 2708 514 2733 11
550 2695 750 2734 Molotius
769 2695 919 2734 BKT:
952 2695 1179 2734 Moloctius
1203 2696 1260 2735 C:
1292 2696 1555 2735 Morocthius
1574 2698 1626 2746 (2)
1647 2695 1773 2735 Arev.
1800 2697 1868 2746 (ex

126 2750 331 2802 Dioscor.)
469 2762 516 2787 12
546 2750 674 2788 veluti
695 2763 778 2789 om.
808 2750 845 2788 T
960 2757 1002 2788 et
1022 2751 1162 2798 gravis
1190 2749 1249 2789 T:
1278 2757 1320 2789 et
1341 2751 1516 2800 grandis
1539 2750 1642 2789 CD:
1673 2756 1714 2789 et
1735 2763 1864 2800 grans

127 2805 181 2843 Β1
201 2820 210 2844 :
239 2819 320 2844 om.
338 2805 383 2842 K
542 2804 759 2843 Tuscanus
780 2804 815 2843 C
1054 2817 1102 2854 13
1132 2804 1278 2843 disiliri
1299 2803 1345 2842 K
1506 2805 1671 2856 fuscus]
1694 2805 1801 2854 lapis
1821 2803 1868 2842 K

132 2872 178 2909 14
210 2860 292 2898 fetr
318 2858 366 2897 Τ1
460 2870 507 2907 15
539 2858 701 2898 Sisnius
725 2860 783 2897 T:
814 2859 988 2898 Sifinius
1000 2857 1123 2897 BCK
1222 2872 1282 2898 ca.
1299 2861 1374 2899 sed
1395 2873 1486 2899 exc.
1504 2859 1551 2897 K
1637 2861 1686 2897 16
1714 2859 1864 2910 atque]

126 2927 233 2964 aqua
253 2914 298 2954 K
432 2914 673 2952 mortarium
695 2919 738 2952 et
765 2915 1076 2964 pulmentorum
1095 2911 1142 2950 K
1306 2927 1351 2965 17
1382 2915 1574 2954 ethesius
1601 2913 1662 2952 T:
1693 2914 1864 2954 edesius

128 2967 250 3007 BCK
397 2980 533 3018 praec.
557 2981 637 3007 om.
670 2966 708 3006 T
849 2975 892 3009 et
911 2968 988 3019 in.]
1018 2968 1172 3007 deinde
1191 2967 1238 3005 K
1428 2970 1477 3008 18
1508 2968 1638 3020 chaL]
1662 2968 1865 3008 colaticus

129 3022 239 3062 codd.
407 3023 611 3062 basanitis
638 3022 698 3061 T:
729 3023 945 3062 basanitus
967 3022 1047 3062 C1:
1074 3023 1291 3062 bosanites
1309 3023 1356 3062 K
1549 3036 1599 3073 19
1628 3036 1676 3062 se
1698 3021 1743 3061 K
1748 3021 1786 3061 T
1800 3025 1870 3075 (ex

130 3089 243 3126 corr„
267 3076 431 3169 utTvid.)
607 3090 655 3116 21
688 3077 797 3116 enim
816 3090 896 3117 om.
917 3076 963 3114 K
1069 3078 1266 3117 effossum
1287 3076 1334 3115 K
1515 3090 1568 3117 22
1597 3077 1804 3128 quaslibet
1823 3076 1870 3116 K

131 3137 280 3170 tenuas
