2176 3424
401 100 1033 153 ETYMOLOGIARVM
1073 100 1201 146 LIB.
1242 98 1382 144 XIX.
1423 96 1483 153 vi,
1505 94 1567 142 vii

21 239 28 248 ‘
110 246 248 296 cata;
296 241 393 298 φῶς
418 235 548 282 enim
577 231 699 294 ignis
725 239 811 279 est.
887 227 1132 277 Kaminus
1158 228 1328 274 fornax
1356 225 1602 273 Graecum
1633 230 1719 280 est,
1749 219 1857 270 diri-

109 326 275 365 vatum
310 334 338 366 a
374 320 537 379 καῦμα.
613 314 796 361 Favilla
833 319 905 359 est
939 311 1133 359 deserta
1171 309 1268 370 igni
1300 306 1522 356 scintilla.
1597 307 1760 352 Pruna
1785 311 1858 351 est
1892 309 1920 358 7

110 401 346 461 quamdiu
371 399 542 456 ardet3
585 412 736 458 quum
763 402 927 441 autem
954 390 1168 440 extincta
1191 390 1348 447 fuerit,
1377 387 1526 436 carbo
1557 384 1853 434 nominatur.

111 484 272 529 Pruna
296 495 462 529 autem
488 495 515 526 a
549 477 828 540 perurendo
853 475 984 522 dicta
1010 481 1113 530 est;
1155 471 1305 518 carbo
1330 485 1459 527 vero,
1488 468 1624 531 quod
1657 468 1857 514 flamma

61 585 82 624 5
108 571 252 611 caret.
327 562 424 624 Qui
464 562 584 609 dum
623 557 845 605 interisse
882 553 1110 611 creditur,
1144 551 1340 600 maioris
1379 552 1432 598 fit
1462 547 1682 607 virtutis,
1741 563 1856 594 nam

107 645 280 692 iterum
307 658 543 691 accensus
570 638 754 688 fortiori
778 639 888 685 luce
914 636 1125 684 calescit.
1195 632 1349 682 Cuius
1375 640 1510 680 tanta
1536 639 1608 678 θεῖ
1634 606 1782 678 etiarn
1810 637 1858 676 et

106 724 210 773 sine
236 727 347 787 igne
369 725 571 772 firmitas
597 730 650 769 ut
675 721 811 768 nullo
837 720 1044 766 humore
1071 723 1436 776 conrumpatur,
1457 713 1591 760 nulla
1615 718 1857 773 vetustate

107 805 342 854 vincatur.
415 805 673 853 Extinctus
699 801 832 850 enim
864 808 1055 848 tantum
1082 794 1515 858 incorruptibiliter
1542 795 1698 851 durat,
1728 800 1781 840 ut
1807 790 1858 838 hi

108 887 193 950 qui
226 886 404 935 limites
431 887 585 949 figunt
611 900 695 933 eos
726 882 937 930 infossos
973 890 1099 929 terra
1132 877 1459 935 substernant,
1487 884 1534 923 et
1559 873 1751 937 lapides
1778 873 1859 921 de-

37 989 87 1016 10
110 985 255 1033 super
279 969 428 1031 figant
453 968 517 1016 ad
542 964 940 1014 convincendum
967 961 1260 1024 litigatorem
1291 967 1402 1021 post
1428 955 1734 1021 quantalibet
1760 969 1860 1003 sae-

109 1052 219 1100 cula
245 1052 494 1112 fixumque
519 1046 734 1111 lapidem
761 1047 966 1093 limitem
994 1059 1101 1092 esse
1126 1050 1410 1105 agnoscant.

245 1134 326 1180 DE
358 1142 747 1179 INSTRVMENTIS
784 1140 1084 1175 FABRORVM.
1161 1125 1311 1172 Incus
1349 1131 1422 1171 est
1458 1121 1508 1169 in
1542 1136 1642 1183 quo
1679 1120 1858 1167 ferrum
1882 1121 1964 1160 VII

109 1216 344 1273 tunditur,
371 1230 399 1261 a
423 1212 682 1261 caedendo
708 1209 883 1268 dictus,
912 1224 972 1256 eo
1002 1207 1139 1270 quod
1175 1205 1272 1254 illic
1303 1203 1490 1267 aliquid
1525 1203 1781 1260 cudamus,
1808 1200 1860 1249 id

109 1307 182 1346 est
219 1296 440 1345 feriendo
471 1295 806 1358 producamus
829 1310 840 1352 3
900 1291 1081 1339 cudere
1112 1290 1245 1337 enim
1276 1288 1482 1337 caedere
1513 1294 1561 1334 et
1594 1285 1734 1333 ferire
1772 1293 1858 1333 est.

38 1396 84 1437 15
109 1382 312 1428 Veteres
338 1386 503 1426 autem
529 1393 630 1424 non
653 1375 884 1423 incudem
912 1371 1172 1431 vocabant,
1192 1371 1279 1420 sed
1305 1370 1546 1428 intudem,
1564 1383 1623 1417 eo
1650 1367 1786 1430 quod
1812 1365 1862 1414 in

111 1477 168 1509 ea
194 1461 445 1509 metallum
474 1457 710 1517 tunditur,
733 1458 829 1503 hoc
855 1463 927 1502 est
953 1454 1182 1502 tendatur
1202 1471 1214 1513 3
1250 1452 1384 1500 unde
1409 1459 1456 1499 et
1481 1448 1613 1498 tudis
1639 1448 1858 1505 malleus,

109 1559 138 1590 a
174 1542 448 1598 tundendo,
487 1539 537 1587 id
574 1547 646 1587 est
683 1537 951 1595 tendendo,
991 1534 1166 1583 dictus.
1242 1534 1453 1581 Malleus
1490 1539 1692 1580 vocatus
1730 1529 1857 1591 quia,
1885 1535 1915 1569 2

111 1625 230 1672 dum
258 1622 379 1686 quid
396 1623 521 1671 calet
546 1630 594 1669 et
615 1621 763 1668 molle
783 1627 868 1676 est,
889 1615 1049 1665 caedit
1068 1624 1115 1664 et
1132 1613 1374 1678 producit.
1438 1615 1637 1660 Marcus
1655 1611 1860 1659 malleus

112 1706 265 1753 maior
288 1722 299 1764 3
358 1712 405 1752 et
448 1702 609 1751 dictus
649 1715 840 1748 marcus
885 1698 1020 1761 quod
1061 1696 1214 1745 maior
1254 1697 1314 1744 sit
1355 1697 1418 1743 ad
1461 1693 1773 1742 caedendum
1813 1699 1862 1739 et

37 1810 87 1839 20
111 1786 291 1835 fortior.
380 1785 651 1843 Martellus,
713 1779 988 1831 mediocris.
1071 1779 1322 1827 Marculus
1377 1777 1580 1824 malleus
1639 1774 1856 1836 pusillus.

112 1868 327 1917 Lucilius
351 1865 527 1932 (1155)
551 1885 559 1913 z

247 1953 310 1998 Et
347 1950 478 1998 velut
516 1947 566 1995 in
603 1946 787 1995 fabrica
824 1946 1014 1993 fervens
1052 1959 1164 1990 cum
1204 1941 1449 1989 marculus
1488 1940 1665 1987 ferrum

248 2033 513 2080 multorum
552 2027 741 2091 magnis
778 2025 957 2075 ictibus
995 2023 1172 2072 tundit.

115 2118 152 2164 F
155 2114 344 2177 orcipes
387 2111 526 2176 quasi
573 2108 835 2172 ferricipes,
880 2124 939 2156 eo
989 2106 1125 2168 quod
1173 2106 1351 2153 ferrum
1395 2103 1614 2151 candens
1662 2100 1858 2164 capiant
1885 2118 1914 2162 3

41 2218 87 2259 25
112 2205 425 2258 teneantque,
455 2196 554 2242 sive
579 2192 715 2255 quod
739 2190 803 2238 ab
837 2188 912 2237 his
945 2186 1131 2250 aliquid
1163 2187 1352 2234 forvum
1387 2183 1608 2246 capimus
1647 2192 1695 2232 et
1729 2193 1859 2231 tene-

173 2340 188 2364 1
221 2325 322 2376 φῶς]
346 2324 410 2363 fos
431 2323 543 2362 codd.
673 2321 799 2359 Kam.
822 2318 929 2357 BU:
959 2318 1074 2356 Cam.
1104 2315 1198 2355 CT:
1232 2315 1395 2354 Camini
1416 2314 1505 2352 ΚΝ
1655 2327 1679 2352 2
1709 2313 1858 2364 καῦμα]

114 2393 259 2420 cauma
279 2379 387 2418 codd.
411 2378 566 2428 (caima
586 2376 648 2425 K)
832 2374 930 2422 igne
950 2371 1138 2412 BCTU:
1169 2370 1279 2420 ignis
1301 2369 1346 2407 K
1561 2382 1585 2418 4
1615 2369 1694 2408 dic.
1719 2381 1806 2408 car.
1829 2367 1864 2406 C

114 2435 223 2484 quod
243 2448 325 2476 om
346 2433 433 2470 KN
449 2434 552 2483 (non
578 2431 632 2482 U)
777 2430 803 2466 6
831 2440 1034 2466 accensus
1056 2425 1204 2464 BKN:
1238 2424 1436 2463 incensus
1460 2423 1579 2462 CTU
1685 2423 1860 2462 calescit

113 2489 277 2529 BCTU
293 2488 439 2540 (fire):
470 2486 654 2525 clariscit
677 2483 763 2521 KN
1019 2493 1039 2528 7
1072 2480 1232 2518 nullum
1251 2479 1363 2518 hum.
1386 2478 1431 2516 K
1622 2479 1704 2518 nul.
1728 2478 1861 2516 virtus

117 2543 266 2596 (delet.)
296 2547 447 2581 vetust.
480 2540 525 2578 K
743 2552 769 2588 9
798 2543 938 2575 terrae
968 2540 1161 2574 sternant
1191 2534 1236 2572 K
1263 2534 1363 2583 (non
1396 2533 1452 2581 U)
1680 2545 1728 2570 10
1759 2545 1860 2570 con-

115 2598 369 2637 vincendum
390 2609 440 2634 ex
457 2595 698 2643 coniungen
719 2593 764 2630 K
903 2604 948 2629 11
982 2595 1215 2638 agnoscant
1238 2590 1272 2639 <-
1258 2600 1370 2626 n-u-s
1379 2589 1394 2638 )
1425 2586 1570 2626 TUK:
1600 2592 1861 2636 cognoscant

118 2652 194 2692 BC
321 2664 369 2700 13
398 2650 508 2689 dicta
549 2649 594 2687 K
715 2649 763 2685 16
793 2652 858 2685 est
896 2644 1083 2684 tenditur
1123 2643 1166 2681 K
1296 2655 1342 2691 17
1373 2655 1397 2680 a
1434 2642 1623 2680 tudendo
1663 2642 1703 2679 id
1735 2646 1800 2679 est
1837 2653 1861 2679 a

117 2707 335 2746 tundendo
355 2705 400 2743 K
540 2705 587 2742 18
619 2702 740 2741 callet
768 2700 805 2738 T
935 2699 1060 2737 cedet
1078 2697 1163 2736 BT
1266 2697 1471 2746 producet
1491 2695 1580 2734 KT
1733 2708 1781 2745 19
1809 2696 1860 2733 ad

117 2761 408 2800 deducendum
451 2757 539 2796 KN
576 2757 678 2807 (non
722 2756 779 2807 U)
932 2767 985 2792 20
1015 2765 1179 2791 marcus
1218 2751 1329 2790 mall.
1370 2750 1426 2788 Β1
1579 2763 1630 2788 22
1661 2749 1860 2788 fabricam

118 2813 452 2854 BCFKMNTU
468 2814 570 2861 (non
591 2810 731 2862 DEP)
899 2808 1114 2847 ferbentes
1142 2805 1220 2844 TU
1245 2806 1347 2858 (non
1369 2804 1593 2855 DEFMP)
1767 2817 1860 2842 curn

119 2882 200 2909 om.
221 2868 355 2907 KMP
373 2878 474 2916 (non
495 2865 680 2916 DEFU)
817 2862 1012 2901 marculis
1028 2862 1083 2899 131
1104 2876 1112 2900 ε
1144 2860 1369 2899 marculum
1396 2859 1430 2898 C
1591 2872 1642 2908 23
1670 2859 1863 2896 tunditur

119 2923 295 2962 KMNP
313 2924 414 2974 (non
441 2920 624 2972 DEFU)
789 2931 840 2967 24
870 2917 1104 2966 ferricipies
1132 2915 1187 2953 T:
1219 2914 1440 2964 sorricipes
1462 2913 1516 2951 Β1
1656 2914 1789 2962 capiat
1814 2910 1863 2951 C¹

119 2990 169 3027 25
198 2978 360 3016 forbum
381 2975 510 3014 BKT
