2176 3424
391 155 1020 205 ETYMOLOGIARVM
1062 154 1190 200 LIB.
1234 153 1341 199 XV.
1384 150 1573 198 xiv—xvi

101 305 207 336 rum
234 288 348 336 facit
367 306 379 347 3
414 288 477 334 ab
503 301 562 334 eo
588 285 725 347 quod
745 293 818 332 est
842 283 1065 330 iunctum
1086 280 1239 345 iugeri
1257 296 1442 328 nomen
1461 279 1665 342 accepit.
1707 279 1845 338 Iuge-

101 387 208 418 rum
234 378 399 418 autem
415 375 610 416 constat
624 364 936 429 longitudine
952 365 1138 427 pedum
1155 364 1485 412 ducentorum
1506 358 1840 424 quadraginta,

101 452 360 500 latitudine
383 458 584 498 centum
610 446 792 510 viginti,
822 447 889 494 ita
905 444 1014 510 (seq.
1029 444 1158 508 fig).
1216 446 1399 492 Actum
1424 440 1706 504 provinciae
1727 442 1846 488 Bae-

101 532 227 582 ticae
252 525 416 580 rustici
442 546 651 579 acnuam
677 537 870 577 vocant.
944 530 1151 576 Porcam
1179 526 1312 574 idem
1334 523 1522 573 Baetici
1548 522 1743 586 triginta
1767 537 1847 584 pe-
1869 527 1904 574 6

55 633 76 674 5
101 616 221 664 dum
262 612 522 662 latitudine
560 620 608 660 et
647 609 930 672 octuaginta
967 606 1279 672 longitudine
1307 605 1551 655 definiunt
1589 603 1699 669 (seq.
1713 602 1844 666 fig).

100 697 198 746 Sed
222 711 372 759 porca
396 703 468 743 est
502 693 638 756 quod
674 691 725 739 in
757 692 945 740 arando
979 697 1144 749 extat3
1179 689 1317 751 quod
1349 688 1602 736 defossum
1629 694 1715 745 est,
1744 686 1846 733 lira.

103 777 233 828 Galli
258 777 524 824 candetum
548 775 799 837 appellant
823 772 874 820 in
899 771 1023 820 areis
1049 769 1249 819 urbanis
1284 768 1497 833 spatium
1532 776 1731 817 centum
1769 783 1849 830 pe-

102 861 237 917 dum,
261 858 400 921 quasi
421 865 686 904 centetum.
762 856 823 902 In
839 852 1112 916 agrestibus
1133 860 1300 900 autem
1320 852 1474 914 pedes
1493 858 1694 898 centum
1711 847 1848 911 quin-

101 939 336 1004 quaginta
361 938 654 1001 quadratum
681 937 863 984 iustum
891 935 1159 983 candetum
1186 942 1377 981 vocant.
1451 933 1603 980 Porro
1630 928 1847 979 stadialis

33 1038 80 1066 10
102 1039 215 1087 ager
263 1021 413 1070 habet
455 1035 626 1082 passus
669 1032 824 1075 cxxv,
868 1017 920 1066 id
956 1026 1030 1065 est
1068 1016 1221 1079 pedes
1264 1029 1443 1062 Dcxxv
1465 1032 1477 1074 ;
1538 1012 1677 1061 cuius
1714 1028 1848 1060 men-

103 1118 214 1150 sura
238 1103 391 1150 octies
417 1110 699 1164 conputata,
726 1098 989 1147 miliarium
1015 1097 1144 1156 facit,
1162 1096 1248 1159 qui
1264 1104 1458 1144 constat
1475 1094 1695 1158 quinque
1716 1093 1848 1142 milia

103 1183 327 1247 pedibus.
401 1182 636 1233 Centuria
670 1191 836 1230 autem
873 1196 987 1243 ager
1022 1188 1095 1228 est
1132 1179 1461 1228 ducentorum
1499 1177 1735 1240 iugerum,
1763 1174 1898 1241 qui7

103 1267 236 1329 apud
261 1264 489 1327 antiquos
514 1281 542 1312 a
567 1273 767 1312 centum
797 1261 1047 1326 iugeribus
1072 1261 1355 1322 vocabatur,
1385 1260 1472 1308 sed
1497 1267 1670 1323 postea
1694 1257 1849 1320 dupli-

105 1357 213 1396 cata
245 1357 318 1396 est
354 1362 638 1409 nomenque
663 1345 923 1409 pristinum
954 1343 1167 1393 retinuit.
1242 1346 1302 1391 In
1336 1358 1544 1390 numero
1578 1341 1710 1390 enim
1742 1358 1851 1390 cen-

33 1452 80 1491 15
105 1427 258 1477 turiae
284 1427 634 1491 multiplicatae
661 1436 790 1485 sunt,
818 1442 1003 1474 nomen
1032 1435 1223 1473 mutare
1249 1441 1351 1472 non
1376 1432 1660 1487 potuerunt.

242 1513 324 1558 DE
362 1524 674 1558 1T1NERlssvs.
751 1511 1012 1556 Mensuras
1048 1506 1235 1555 viarum
1267 1523 1358 1554 nos
1389 1505 1594 1554 miliaria
1628 1504 1854 1561 dicimus,
1880 1515 1979 1554 XVI

105 1591 281 1640 Graeci
298 1592 468 1651 stadia,
495 1591 624 1641 Galli
641 1588 1048 1654 leugas,Aegypti
1065 1590 1324 1647 schoenos,
1347 1590 1525 1636 Persae
1543 1603 1852 1650 parasangas.

106 1674 230 1722 Sunt
253 1683 419 1722 autem
445 1673 644 1736 proprio
669 1689 898 1735 quaeque
925 1671 1100 1734 spatio.
1173 1669 1443 1718 Miliarium
1470 1668 1603 1717 mille
1627 1667 1855 1732 passibus
1879 1685 1910 1719 2

107 1755 422 1816 terminatur3
460 1765 507 1804 et
546 1755 734 1804 dictum
778 1753 1038 1802 miliarium
1078 1751 1217 1815 quasi
1265 1753 1398 1800 mille
1444 1750 1632 1810 adium,
1664 1751 1854 1799 habens

35 1857 86 1884 20
110 1838 261 1900 pedes
287 1837 506 1900 quinque
531 1836 679 1885 milia.
754 1839 921 1899 Leuga
948 1835 1112 1884 finitur
1144 1833 1371 1898 passibus
1398 1833 1530 1882 mille
1556 1831 1850 1896 quingentis.
1883 1848 1913 1894 3

108 1919 330 1969 Stadium
379 1928 554 1968 octava
599 1935 710 1982 pars
758 1917 949 1966 miliarii
998 1926 1088 1977 est,
1121 1925 1353 1964 constans
1390 1914 1616 1978 passibus
1653 1924 1852 1963 centum

109 2001 277 2064 viginti
319 2001 554 2063 quinque.
631 2003 787 2048 Hunc
826 1998 1040 2063 primum
1085 1999 1357 2046 Herculem
1401 1996 1628 2045 statuisse
1666 1995 1856 2055 dicunt,

109 2099 324 2146 eumque
348 2100 408 2132 eo
435 2082 593 2146 spatio
618 2081 972 2131 determinasse
997 2081 1134 2142 quod
1171 2079 1276 2142 ipse
1301 2079 1394 2128 sub
1420 2095 1522 2127 uno
1547 2078 1716 2141 spiritu
1743 2095 1854 2126 con-

110 2165 324 2225 fecisset,
346 2181 403 2213 ac
429 2165 636 2227 proinde
661 2163 875 2212 stadium
895 2163 1168 2226 appellasse
1188 2161 1424 2224 quoniam
1444 2161 1495 2209 in
1515 2162 1614 2210 fine
1634 2160 1856 2224 respiras-

38 2262 86 2301 25
114 2256 186 2296 set
223 2247 468 2308 simulque
504 2255 551 2294 et
588 2245 814 2294 stetisset.
888 2246 983 2292 Via
1016 2253 1089 2293 est
1122 2260 1220 2306 qua
1248 2253 1412 2306 potest
1444 2244 1513 2292 ire
1538 2242 1819 2292 vehiculum
1844 2261 1855 2302 3
1877 2265 1909 2311 4

112 2338 159 2378 et
195 2328 272 2377 via
308 2330 439 2377 dicta
471 2344 499 2376 a
535 2327 872 2376 vehiculorum
907 2328 1120 2375 incursu.
1195 2327 1327 2373 Nam
1366 2326 1492 2374 duos
1530 2334 1667 2373 actus
1708 2324 1857 2387 capit,

113 2420 308 2475 propter
333 2409 555 2459 euntium
582 2418 630 2458 et
655 2408 957 2458 venientium
983 2407 1322 2456 vehiculorum
1349 2424 1626 2456 occursum.
1679 2406 1856 2456 Omnis
1881 2415 1912 2463 5

167 2552 190 2587 4
222 2551 358 2588 agnus
378 2538 444 2578 B:
478 2551 625 2588 agrurn
650 2539 709 2578 C:
751 2551 881 2588 agnos
903 2537 970 2576 K:
1000 2550 1125 2575 anum
1154 2535 1198 2585 T,
1222 2550 1327 2587 quae
1355 2537 1499 2576 omnia
1526 2537 1585 2575 ad
1603 2550 1757 2587 agnum
1782 2538 1859 2589 (ita

116 2593 200 2632 Col.
222 2593 284 2646 D)
307 2593 432 2632 redire
445 2599 623 2645 possunt
865 2605 888 2642 5
919 2594 1032 2641 long.
1054 2597 1135 2630 oct.
1158 2590 1204 2629 K
1383 2592 1534 2631 finiunt
1562 2592 1621 2631 T:
1650 2592 1795 2630 dicunt
1816 2591 1862 2629 K

115 2650 142 2687 6
170 2654 236 2687 est
256 2661 338 2688 om.
362 2647 407 2686 K
558 2653 724 2687 constat
744 2647 785 2685 Β
975 2660 995 2695 7
1027 2659 1088 2686 ca.
1111 2659 1207 2696 app.
1232 2646 1325 2686 Gal.
1349 2646 1395 2684 K
1556 2646 1766 2686 canditum
1788 2645 1834 2684 K
1849 2661 1858 2684 :

115 2704 379 2742 camdentum
407 2701 465 2741 T:
497 2703 717 2742 candidum
738 2702 779 2739 Β
954 2701 1091 2740 aureis
1110 2699 1152 2738 Β
1367 2715 1394 2751 9
1421 2702 1720 2752 quadratorum
1742 2700 1822 2740 BC
1827 2700 1864 2738 T

116 2758 326 2796 canditum
357 2757 444 2795 ΒΚ
681 2769 810 2807 porro
831 2787 840 2797 .
865 2787 874 2797 .
899 2787 909 2796 .
932 2756 1110 2806 pedibus
1153 2755 1245 2795 hab.
1287 2755 1449 2795 BCDF
1452 2756 1531 2794 TU
1546 2771 1555 2795 z
1602 2769 1685 2795 om.
1733 2753 1862 2793 KNP

120 2824 168 2851 12
197 2812 373 2851 Centuri
399 2811 497 2850 C1K
647 2812 743 2861 quia
763 2810 809 2849 K
965 2824 1011 2860 13
1042 2815 1209 2849 centurn
1229 2823 1315 2849 om.
1338 2809 1394 2848 Β1
1564 2822 1611 2859 15
1638 2809 1758 2860 sunt]
1779 2811 1855 2848 sed

118 2865 180 2906 K:
213 2872 278 2906 set
297 2866 344 2904 N
471 2879 516 2915 17
547 2866 691 2904 leuvas
711 2864 799 2904 ΒΚ
805 2864 843 2903 Τ
947 2866 1092 2915 signes
1114 2864 1197 2915 (es·
1220 2863 1289 2916 (ΣΙ)
1311 2864 1423 2904 codd.
1555 2867 1603 2904 18
1631 2877 1796 2914 quoque
1825 2862 1862 2902 T

121 2934 170 2971 19
198 2934 254 2959 an
275 2921 388 2959 mille
409 2921 461 2959 ad
481 2923 602 2960 eum?
714 2932 767 2959 20
799 2921 940 2959 Leuva
961 2918 1048 2959 ΒΚ
1054 2918 1091 2957 Τ
1195 2919 1498 2969 quingentibus
1525 2919 1561 2957 T
1664 2932 1716 2957 22
1746 2919 1856 2958 hunc

118 2988 167 3014 ex
183 2975 282 3014 hinc
309 2974 347 3012 T
508 2987 561 3024 23
591 2974 813 3014 confieisse
834 2973 879 3011 K
1031 2987 1081 3023 24
1110 2974 1369 3023 appellasset
1388 2973 1476 3013 BT
1634 2973 1854 3024 quoniam]

119 3030 230 3079 quod
251 3029 296 3067 K
416 3041 466 3078 27
497 3042 672 3068 occursu
702 3029 763 3067 T:
792 3029 958 3068 incursu
981 3028 1051 3067 K:
1082 3029 1294 3067 incursum
1314 3027 1355 3065 Β
