2228 3444
1097 170 1369 219 ISIDORI

275 300 342 366 78
366 316 519 349 meus.
591 299 769 349 Achab
786 301 930 350 frater
945 302 1110 365 patris.
1174 300 1370 350 Iezabel
1389 302 1548 350 fluxus
1573 302 1837 366 sanguinis,
1860 303 1935 350 vel
1952 302 2109 351 fluens

363 381 676 446 sanguinem:
703 384 792 432 sed
808 382 998 443 melius,
1021 382 1107 432 ubi
1125 392 1198 432 est
1214 382 1589 448 sterquilinium.
1633 382 1959 448 Praecipitata
1977 385 2108 433 enim

363 465 595 513 deorsum
623 466 948 515 comederunt
968 481 1140 515 carnes
1162 467 1266 515 eius
1284 482 1444 525 canes,
1466 465 1590 516 sicut
1611 464 1916 530 praedixerat
1938 465 2110 514 Helias

363 544 416 610 (4
436 548 556 610 Reg.
579 565 621 609 9,
644 547 758 612 37):
800 549 892 596 ‘Et
919 550 1091 608 erunt,'
1117 547 1292 612 inquit,
1323 552 1522 597 ‘carnes
1549 548 1746 598 Iezabel
1773 546 1897 597 sicut
1923 556 2108 596 stercus

272 650 340 700 79
364 645 510 693 super
551 628 726 678 faciem
767 631 952 679 terrae.’
1023 629 1267 680 Ochozias
1306 631 1688 694 adprehendens
1729 632 1909 679 Deum.
1984 630 2109 677 Iehu
2137 649 2157 689 5

364 710 483 775 ipse,
511 713 588 761 vel
613 722 699 761 est.
775 714 952 762 Ioatha
981 713 1228 763 robustus.
1302 715 1432 763 Sella
1462 713 1638 762 umbra
1667 711 1785 772 eius,
1814 714 1891 760 vel
1919 710 2108 776 petitio.

271 787 340 834 80
366 792 639 839 Manahem
689 793 967 840 consolans.
1066 794 1249 841 Paceas
1301 791 1539 855 aperiens.
1637 790 2107 840 Nabuchodonosor

363 872 622 936 prophetia
654 874 946 936 lagunculae
974 883 1227 937 angustae,
1255 873 1356 923 sive
1389 875 1692 938 prophetans
1731 872 2012 922 istiusmodi
2051 871 2113 920 si-

361 972 528 1018 gnum,
559 972 647 1018 pro
679 954 874 1004 somnio
905 955 1092 1006 scilicet
1122 958 1398 1005 futurorum
1424 958 1560 1020 quod
1590 956 1771 1006 vidisse
1801 964 2033 1013 narratur,
2062 961 2111 1002 et

364 1036 544 1086 Daniel
570 1037 916 1101 interpretatus
943 1047 1040 1099 est,
1077 1040 1178 1088 sive
1205 1038 1357 1088 sessio
1384 1038 1434 1086 in
1459 1037 1710 1102 agnitione
1733 1035 2001 1101 angustiae,
2021 1052 2109 1099 pro
2140 1059 2187 1087 10

284 1123 339 1171 81
362 1118 437 1168 his
463 1120 548 1183 qui
574 1118 622 1167 in
650 1119 986 1183 captivitatem
1011 1121 1075 1169 ab
1102 1137 1163 1170 eo
1184 1120 1321 1170 ducti
1347 1130 1475 1170 sunt.
1549 1119 1826 1169 Zorobabel
1849 1119 1983 1183 apud
2010 1120 2113 1166 He-

362 1198 537 1249 braeos
572 1218 631 1250 ex
663 1201 819 1251 tribus
854 1201 1053 1267 integris
1091 1202 1378 1252 nominibus
1412 1201 1619 1252 traditur
1652 1218 1759 1251 esse
1792 1199 2111 1264 conpositus:

362 1297 419 1329 zo
444 1280 547 1344 iste,
577 1300 630 1332 ro
658 1283 899 1348 magister,
929 1285 1077 1334 babel
1114 1285 1309 1349 proprie
1331 1283 1663 1347 Babylonium
1691 1293 1862 1344 sonat3
1899 1292 1946 1332 et
1972 1283 2114 1331 effici-

362 1373 439 1413 tur
464 1382 648 1415 nomen
670 1367 962 1428 Zorobabel‚
983 1367 1074 1417 iste
1100 1367 1330 1431 magister
1349 1369 1411 1416 de
1430 1367 1700 1432 Babylone.
1765 1368 1825 1414 In
1853 1365 2112 1429 Babylone

362 1448 495 1496 enim
523 1457 657 1497 ortus
685 1458 771 1510 est,
800 1449 886 1498 ubi
913 1459 960 1498 et
985 1449 1214 1514 princeps
1239 1449 1398 1514 gentis
1427 1451 1644 1499 Iudaeae
1670 1447 1841 1497 extitit.
2140 1467 2185 1507 15

258 1542 337 1581 V11
500 1531 585 1578 DE
610 1545 976 1580 PATR1ARCH1s.
1032 1533 1363 1594 Quorundam
1384 1530 1767 1595 patriarcharum
1787 1527 2113 1593 etymologiae

362 1613 613 1662 notandae
630 1622 757 1674 sunt,
780 1622 834 1662 ut
851 1615 1064 1663 sciamus
1081 1615 1203 1678 quid
1222 1613 1274 1663 in
1294 1631 1384 1664 suo
1404 1613 1650 1663 vocabulo
1675 1621 1922 1662 resonant.
1981 1613 2111 1660 Nam

361 1692 583 1758 plerique
609 1711 779 1744 eorum
807 1712 866 1745 ex
885 1696 1045 1745 causis
1070 1696 1277 1761 propriis
1304 1695 1509 1745 nomina
1533 1703 1843 1759 acceperunt.
1907 1691 2114 1741 Patriar-

363 1776 486 1825 chae
530 1775 909 1841 interpretantur
947 1788 1143 1841 patrum
1183 1778 1444 1842 principes.
1522 1778 1693 1843 Ἀρχός
1739 1776 1872 1826 enim
1922 1777 2111 1827 Graece

312 1876 342 1911 2
364 1857 592 1923 princeps
609 1867 698 1908 est.
749 1860 938 1909 Abram
954 1860 1169 1924 primum
1189 1868 1393 1910 vocatus
1411 1869 1484 1909 est
1503 1870 1641 1924 pater
1659 1861 1833 1909 videns
1853 1859 2109 1922 populum,
2139 1876 2189 1905 20

363 1948 562 2004 propter
589 1942 741 1990 Israel
765 1941 952 1991 scilicet
977 1951 1185 1991 tantum.
1247 1945 1425 1990 Postea
1444 1943 1718 2005 appellatus
1744 1949 1818 1990 est
1841 1941 2110 2000 Abraham,

362 2024 499 2086 quod
526 2025 811 2073 transfertur
834 2033 972 2088 pater
997 2026 1264 2073 multarum
1283 2023 1521 2088 gentium,
1542 2024 1679 2087 quod
1706 2031 1807 2072 erat
1831 2023 1996 2071 adhuc
2022 2037 2108 2084 per

362 2105 513 2154 fidem
538 2107 772 2155 futurum.
846 2106 1085 2156 Gentium
1115 2115 1283 2156 autem
1317 2123 1419 2154 non
1450 2105 1659 2155 habetur
1691 2104 1743 2152 in
1771 2102 1990 2163 nomine,
2018 2104 2107 2151 sed

360 2186 666 2247 subauditur,
718 2187 852 2236 iuxta
906 2188 1029 2237 illud
1087 2188 1290 2253 (Genes.
1321 2203 1392 2250 17,
1415 2187 1464 2252 5)
1487 2207 1495 2237 :
1549 2190 1560 2212 ‘
1577 2186 1682 2236 Erit
1729 2202 1916 2235 nomen
1965 2193 2105 2233 tuum

307 2287 338 2335 3
361 2268 630 2329 Abraham,
660 2269 776 2332 quia
799 2279 989 2334 patrem
1016 2272 1282 2319 multarum
1315 2269 1538 2333 gentium
1565 2267 1708 2333 posui
1735 2269 1814 2317 te.'
1887 2270 2027 2316 Isaac
2052 2283 2110 2315 ex
2139 2286 2185 2327 25

360 2350 457 2400 risu
484 2368 669 2401 nomen
689 2351 895 2416 accepit.
970 2353 1167 2401 Riserat
1197 2352 1331 2401 enim
1361 2362 1513 2416 pater,
1542 2352 1744 2415 quando
1771 2349 1815 2399 ei
1841 2348 2109 2413 promissus

361 2443 447 2493 est,
474 2433 723 2483 admirans
750 2435 801 2482 in
825 2434 1023 2499 gaudio.
1099 2433 1228 2483 Risit
1258 2443 1306 2484 et
1337 2443 1506 2494 mater,
1536 2433 1740 2497 quando
1769 2449 1855 2496 per
1880 2431 1989 2480 illos
2014 2439 2109 2479 tres

361 2515 489 2564 viros
522 2515 791 2579 promissus
822 2525 909 2576 est,
938 2515 1173 2566 dubitans
1209 2515 1261 2565 in
1296 2515 1492 2579 gaudio.
1567 2517 1642 2563 Ex
1678 2516 1771 2563 hac
1808 2531 1924 2578 ergo
1959 2529 2108 2562 causa

306 2617 339 2665 4
364 2614 548 2647 nomen
589 2597 781 2662 accepit
824 2600 966 2647 Isaac
987 2616 1000 2659 3
1053 2597 1397 2662 interpretatur
1438 2596 1572 2646 enim
1614 2596 1750 2646 risus.
1839 2594 2108 2645 Sciendum

415 2743 440 2768 2
470 2729 568 2781 sed]
590 2729 699 2768 sicut
719 2729 761 2768 Β
844 2730 1094 2780 praecipitat
1115 2728 1162 2768 K
1268 2741 1293 2777 3
1325 2727 1475 2780 canes]
1497 2740 1646 2767 carnes
1669 2726 1720 2766 Cl
1831 2729 1856 2766 8
1886 2724 2108 2766 labuncule

365 2786 413 2825 Cl
578 2797 605 2834 9
634 2785 846 2823 somnium
867 2784 914 2824 K
1088 2797 1139 2823 10
1171 2782 1314 2822 sensio
1339 2782 1388 2822 Cl
1558 2795 1604 2822 11
1636 2781 1731 2822 Zor.
1755 2782 1927 2832 proprie
1946 2786 2048 2831 aput
2076 2778 2114 2817 T

366 2853 413 2878 12
433 2839 699 2889 conpositum
713 2838 759 2876 K
871 2852 920 2890 13
948 2851 999 2877 zo
1017 2837 1097 2878 iste
1117 2837 1292 2878 robabel
1310 2836 1462 2888 (delet.)
1478 2850 1524 2877 ro
1545 2850 1613 2876 ma
1635 2836 1726 2887 (sic)
1744 2836 1853 2875 babil
1874 2849 2018 2886 propr.
2037 2834 2083 2872 Κ
2097 2849 2105 2872 :

360 2909 408 2934 zo
429 2894 626 2934 sterobus
641 2894 855 2943 magister.
942 2893 1076 2932 Babel
1095 2905 1240 2943 propr.
1262 2891 1300 2930 T
1411 2893 1617 2932 efficiatur
1631 2891 1673 2929 Β
1805 2904 1853 2939 14
1873 2890 1917 2929 in
1932 2890 2024 2929 bab.
2045 2895 2108 2935 est

359 2956 480 2990 ortus
501 2949 572 2988 ubi
593 2947 757 3002 K(non
773 2947 838 3000 A)
982 2959 1029 2998 15
1051 2948 1149 2987 iude
1170 2952 1255 2987 ext.
1286 2946 1347 2988 T:
1367 2946 1497 2986 iudex
1516 2952 1604 2986 ext.
1626 2945 1669 2983 Β
1808 2958 1856 2995 17
1878 2945 1993 2995 quod
2016 2943 2114 2983 C1T

362 3003 468 3044 Nam
491 3017 572 3044 om.
597 3002 638 3042 Β
806 3004 855 3042 18
886 3015 1028 3054 propr.
1055 3015 1145 3042 cau.
1169 3001 1205 3040 C
1328 3002 1565 3052 patriarcha
1582 3001 1885 3051 interpretatur
1903 3012 1970 3050 pa.
1991 2998 2108 3049 prin-

360 3071 463 3109 ceps
482 3059 530 3098 K
655 3070 702 3097 21
733 3057 974 3108 appellatur
996 3058 1032 3097 C
1165 3069 1218 3108 23
1247 3056 1409 3108 autem]
1430 3057 1512 3096 hoc
1532 3055 1574 3094 B
1700 3067 1753 3105 24
1776 3053 2050 3094 subaudiatur
2076 3051 2114 3091 T

361 3125 412 3164 25
443 3119 564 3164 pater
585 3112 631 3153 Κ
744 3114 797 3152 26
825 3123 911 3152 acc.
935 3118 977 3152 et
998 3112 1067 3153 ris.
1093 3111 1143 3151 C1
1253 3111 1395 3163 pater]
1419 3116 1554 3150 mater
1573 3109 1618 3149 K
1625 3109 1672 3148 Tl
