2176 3424
499 104 1128 159 ETYMOIOGIARVM
1170 104 1300 150 LIB.
1342 102 1430 148 XI.
1471 99 1482 146 i

121 254 215 293 stra
250 246 358 306 plus
394 239 681 302 sanguinem
716 238 881 297 habet,
917 238 1083 285 dextra
1117 236 1226 298 plus
1261 232 1517 296 spiritum:
1557 232 1690 279 unde
1730 240 1774 277 et
1814 231 1863 275 in

121 329 291 375 dextro
319 322 518 372 brachio
546 323 741 384 pulsum
770 317 1071 382 inspicimus,
1153 314 1441 363 praecordia
1475 321 1588 360 sunt
1622 314 1730 359 loca
1764 327 1865 358 cor·
1889 323 1973 368 119

120 409 195 457 dis
221 406 379 454 vicina
404 403 582 467 quibus
610 418 781 450 sensus
799 398 1061 463 percipitur
1080 416 1092 458 3
1129 406 1175 446 et
1192 396 1325 445 dicta
1349 393 1635 459 praecordia
1651 409 1710 442 eo
1729 393 1864 456 quod

122 489 190 537 ibi
216 488 276 536 sit
301 474 594 550 principium
621 482 783 531 cordis
810 490 857 530 et
882 477 1206 542 cogitationis.
1282 479 1457 525 Pulsus
1483 484 1700 532 vocatus,
1727 475 1864 536 quod
1887 477 1978 514 120

80 594 99 633 5
124 568 326 635 palpitet
346 586 359 629 3
411 565 549 615 cuius
576 564 761 613 indicio
793 571 877 612 aut
910 560 1244 610 infirmitatem
1271 557 1600 621 intellegimus
1626 566 1710 604 aut
1745 557 1868 604 salu-

125 662 239 701 tem.
318 648 483 698 Huius
514 648 696 710 duplex
735 654 808 695 est
845 654 1009 692 motus
1028 661 1040 703 3
1076 652 1159 691 aut
1191 640 1411 704 simplex,
1446 649 1530 688 aut
1567 637 1867 702 conpositus.

127 732 355 795 Simplex,
386 729 470 793 qui
495 746 552 777 ex
578 744 679 776 uno
707 729 831 776 saltu
859 734 1081 784 constat:
1119 722 1421 786 conpositus,
1450 721 1535 784 qui
1566 737 1624 769 ex
1650 719 1871 783 pluribus

128 813 343 863 motibus
383 810 689 860 inordinatus
730 819 777 858 et
820 808 1089 870 inaequalis
1130 805 1303 854 existit.
1393 803 1494 866 Qui
1528 812 1692 851 motus
1743 810 1872 850 certa

127 897 313 944 habent
333 895 486 957 spatia
506 911 518 952 3
554 891 850 954 dactylicum
872 905 1173 953 percussum,
1202 885 1442 950 quamdiu
1469 886 1574 933 sine
1590 883 1708 932 vitio
1729 892 1843 932 sunt
1862 899 1874 942 3

59 999 106 1026 10
128 977 167 1026 si
194 977 394 1039 quando
419 990 535 1022 vero
561 972 805 1021 citatiores
832 981 961 1030 sunt,
989 980 1042 1019 ut
1068 970 1435 1033 δορκαδάζοντες,
1463 976 1547 1015 aut
1572 967 1798 1023 leniores,
1820 973 1874 1012 ut

127 1059 438 1123 μυρμίζοντες,
479 1056 648 1103 mortis
689 1053 826 1116 signa
868 1061 994 1100 sunt.
1071 1053 1241 1100 Venae
1280 1050 1454 1109 dictae,
1489 1065 1549 1097 eo
1593 1048 1729 1110 quod
1766 1047 1872 1094 viae
1895 1051 1974 1087 121

130 1140 225 1188 sint
250 1137 461 1187 natantis
489 1135 751 1199 sanguiniS‚
785 1145 933 1198 atque
959 1133 1042 1182 rivi
1073 1150 1157 1196 per
1191 1148 1367 1195 corpus
1403 1146 1551 1179 omne
1585 1129 1741 1188 divisi,
1772 1127 1875 1191 qui-

128 1223 220 1271 bus
238 1223 462 1270 universa
487 1218 709 1267 membra
724 1217 1006 1280 inrigantur.
1061 1214 1266 1278 Sanguis
1284 1232 1342 1263 ex
1362 1214 1553 1263 Graeca
1577 1212 1873 1276 etymologia
1897 1216 1986 1252 122

132 1320 315 1352 nomen
342 1301 492 1361 duxit,
523 1302 658 1363 quod
698 1308 947 1362 vegetetur
973 1308 1020 1346 et
1055 1306 1354 1346 sustentetur
1380 1304 1427 1344 et
1454 1295 1592 1343 vivat.
1669 1292 1876 1355 Sanguis

66 1405 110 1445 15
133 1395 296 1434 autem
325 1393 396 1431 est
421 1384 541 1431 dum
563 1382 611 1429 in
639 1397 842 1443 corpore
869 1389 954 1438 est,
975 1381 1157 1428 effusus
1184 1395 1298 1427 vero
1325 1394 1466 1426 cruor
1493 1375 1683 1425 dicitur.
1750 1377 1878 1423 Nam

135 1483 275 1515 cruor
301 1474 502 1514 vocatus
529 1465 591 1512 ab
618 1480 678 1512 eo
712 1464 847 1524 quod
875 1463 1055 1510 effusus
1082 1460 1307 1518 decurrit,
1338 1461 1413 1508 vel
1439 1459 1503 1507 ab
1530 1475 1590 1507 eo
1616 1458 1752 1520 quod
1779 1473 1882 1504 cur-

137 1550 290 1597 rendo
327 1555 533 1595 corruat.
609 1544 705 1592 Alii
733 1560 956 1592 cruorem
987 1543 1367 1606 interpretantur
1394 1542 1683 1603 sanguinem
1723 1555 1881 1586 corru-

137 1640 274 1693 ptum
303 1629 384 1691 qui
412 1627 660 1676 emittitur.
716 1624 811 1672 Alii
839 1626 976 1672 aiunt
1002 1633 1231 1672 vocatum
1249 1622 1538 1686 sanguinem
1567 1622 1702 1684 quod
1720 1619 1880 1669 suavis

139 1711 212 1760 sit.
288 1708 493 1772 Sanguis
531 1717 694 1756 autem
728 1724 828 1755 non
860 1716 931 1754 est
967 1706 1164 1768 integer,
1195 1705 1286 1753 nisi
1319 1704 1368 1752 in
1396 1703 1670 1752 iuvenibus.
1751 1705 1879 1750 Nam
1906 1706 1992 1752 123

70 1811 119 1839 20
142 1793 313 1842 dicunt
362 1790 549 1853 physici
600 1788 753 1837 minui
804 1788 1094 1851 sanguinem
1144 1805 1230 1851 per
1271 1796 1483 1835 aetatem
1504 1806 1515 1845 3
1570 1786 1703 1833 unde
1743 1794 1789 1833 et
1835 1783 1884 1830 in

143 1873 343 1923 senibus
375 1882 555 1920 tremor
586 1881 673 1919 est.
748 1871 947 1933 Proprie
982 1879 1147 1917 autem
1184 1870 1380 1932 sanguis
1413 1867 1608 1916 animae
1638 1866 1884 1928 possessio

141 1966 239 2004 est:
279 1954 394 2002 inde
427 1970 576 2016 genas
603 1954 814 2000 lacerare
840 1950 1067 1999 mulieres
1094 1952 1142 1998 in
1170 1953 1304 1999 luctu
1331 1952 1490 1999 solent
1513 1968 1525 2009 3
1562 1948 1678 1997 inde
1705 1957 1751 1996 et
1778 1963 1884 2009 pur-

140 2052 318 2100 pureae
344 2044 501 2083 vestes
527 2043 574 2082 et
601 2035 742 2081 flores
769 2032 997 2095 purpurei
1016 2034 1219 2080 mortuis
1246 2032 1555 2095 praebentur.
1631 2031 1808 2078 Pulmo
1826 2045 1883 2077 ex
1906 2036 1994 2084 124

142 2120 332 2167 Graeco
358 2115 504 2165 trahit
520 2115 830 2163 vocabulum.
893 2113 1070 2163 Graeci
1091 2113 1221 2162 enim
1249 2116 1536 2177 pulmonem
1563 2114 1784 2175 πλεύμων
1809 2127 1887 2158 νο·

75 2217 120 2257 25
145 2209 271 2258 cant,
292 2215 351 2247 eo
377 2199 514 2261 quod
548 2196 709 2245 cordis
735 2196 985 2244 flabellum
1006 2194 1078 2255 sit,
1100 2195 1150 2242 in
1176 2212 1276 2259 quo
1301 2199 1493 2258 πνεῦμα,
1514 2193 1564 2242 id
1592 2203 1664 2242 est
1690 2192 1887 2255 spiritus

147 2281 286 2341 inest,
322 2296 407 2344 per
440 2280 576 2343 quod
607 2287 655 2327 et
687 2277 930 2340 agitantur
964 2285 1012 2325 et
1049 2286 1308 2325 moventur
1326 2295 1338 2337 3
1375 2277 1508 2325 unde
1543 2285 1590 2324 et
1628 2277 1890 2338 pulmones

148 2362 307 2411 vocati
334 2371 459 2409 sunt.
533 2362 663 2408 Nam
690 2361 880 2408 Graece
903 2362 1081 2422 πνεῦμα
1101 2358 1296 2421 spiritus
1314 2357 1503 2418 dicitur,
1527 2356 1611 2421 qui
1637 2357 1805 2404 flando
1843 2366 1889 2403 et

150 2443 442 2507 exagitando
458 2458 620 2491 aerem
637 2440 816 2489 amittit
833 2450 880 2489 et
897 2439 1092 2503 recipit3
1128 2457 1156 2487 a
1172 2457 1272 2503 quo
1289 2449 1550 2489 moventur
1564 2440 1827 2502 pulmones
1844 2447 1891 2485 et

153 2525 394 2589 palpitant
411 2533 458 2573 et
474 2523 743 2587 aperiendo
761 2539 812 2571 se
830 2532 882 2571 ut
899 2524 1070 2570 flatum
1082 2521 1292 2584 capiant,
1311 2523 1612 2586 stringendo,
1625 2530 1677 2570 ut
1698 2519 1890 2569 eiciant.

205 2668 230 2704 3
259 2654 410 2693 vicinia
445 2653 490 2690 K
652 2665 677 2701 4
706 2664 796 2690 voe.
820 2651 879 2688 bis
911 2650 982 2688 K:
1011 2655 1186 2688 vocatur
1222 2650 1256 2689 C
1418 2664 1441 2700 5
1473 2649 1570 2703 saL]
1604 2650 1827 2688 sanitatem
1865 2649 1899 2687 C

151 2712 178 2748 6
208 2710 356 2747 modus
377 2707 478 2747 ΚῙΒ
614 2712 686 2744 aut
715 2705 837 2755 simp.
869 2712 940 2744 aut
967 2717 1091 2754 conp.
1114 2718 1197 2744 om.
1228 2704 1315 2742 ΤΒῑ
1484 2718 1506 2753 7
1537 2703 1723 2754 constat]
1747 2709 1812 2741 est
1840 2703 1893 2741 Βι

153 2777 274 2814 conp.
299 2770 365 2802 est
387 2762 455 2812 qui
479 2762 514 2800 C
646 2774 672 2810 9
701 2760 828 2799 habet
855 2759 892 2797 T
995 2758 1118 2810 vitio]
1139 2759 1278 2809 spatio
1299 2757 1348 2798 C¹
1491 2771 1536 2797 11
1567 2760 1712 2808 signas
1732 2763 1830 2796 sunt
1850 2756 1897 2796 K

153 2818 250 2867 quia
272 2817 320 2857 C¹
434 2829 481 2855 12
511 2821 608 2854 sunt
633 2815 667 2853 C
774 2827 853 2852 om.
879 2827 992 2863 corp.
1016 2814 1056 2851 Β
1157 2814 1290 2852 divise
1318 2814 1355 2852 T
1463 2827 1510 2863 14
1540 2815 1636 2863 quia
1660 2812 1696 2852 C
1802 2824 1893 2850 sus-

155 2874 312 2912 tinetur
335 2871 390 2911 C:
422 2877 639 2910 sustentur
656 2869 710 2907 Β1
863 2880 910 2917 15
941 2881 1007 2907 au.
1031 2869 1128 2907 dum
1151 2868 1194 2906 K
1211 2883 1220 2908 :
1249 2875 1313 2908 est
1333 2881 1397 2908 au.
1421 2869 1518 2907 dum
1543 2868 1578 2907 C
1685 2879 1799 2916 corp.
1824 2867 1892 2908 ess.

118 2956 121 2962 s
160 2927 194 2966 C
303 2928 352 2965 16
380 2931 554 2964 vocatur
575 2924 610 2963 C
706 2924 862 2962 effesus
881 2924 972 2962 dec.
1002 2923 1040 2961 T
1148 2935 1195 2972 17
1227 2924 1278 2963 al.
1301 2929 1441 2963 autem
1462 2935 1548 2962 cru.
1574 2922 1608 2960 C
1719 2922 1768 2959 18
1797 2922 1895 2971 quia

157 2994 190 3021 s.
215 2986 279 3020 est
302 2981 361 3020 C:
391 2980 486 3030 quia
508 2992 637 3018 suaue
665 2979 719 3017 sit
749 2977 795 3015 K
900 2990 954 3015 20
984 2978 1115 3016 undet
1135 2978 1177 3015 in
1199 2976 1270 3018 K:
1299 2979 1411 3017 unde
1433 2979 1472 3016 in
1493 2976 1577 3014 BT
1682 2989 1733 3025 24
1763 2977 1890 3026 pulm.

157 3049 221 3074 en.
243 3033 286 3072 K
448 3035 502 3072 26
531 3034 744 3083 agitentur
763 3031 804 3068 B
985 3045 1035 3081 27
1067 3031 1254 3071 inflando
1284 3031 1321 3071 T
1494 3033 1547 3070 28
1577 3031 1759 3071 admittit
1787 3029 1900 3070 TBC

158 3102 210 3140 29
238 3102 302 3140 pa.
325 3089 378 3128 ad
399 3088 676 3140 aperiendum
692 3087 735 3127 K
844 3087 1146 3137 capiandostr.
1173 3086 1207 3125 C
