2176 3424
1071 108 1344 157 ISIDORI

243 245 301 283 VI
464 237 546 283 DE
582 251 864 285 FABRORVM
905 252 1161 285 FORNACE.
1237 237 1395 286 Faber
1429 253 1458 285 a
1483 237 1711 287 faciendo
1736 240 1862 287 ferro
1898 237 2076 302 inposi-

323 326 428 364 tum
456 334 640 366 nomen
660 318 824 367 habet.
899 317 1037 366 Hinc
1062 318 1334 367 derivatum
1361 335 1545 368 nomen
1571 329 1644 368 est
1669 321 1732 368 ad
1756 318 1874 368 alias
1898 319 2075 368 artium

324 397 552 447 materias
592 398 755 447 fabros
792 401 869 448 vel
905 398 1112 448 fabricas
1149 399 1313 448 dicere
1331 418 1345 460 ,·
1404 402 1492 449 sed
1534 417 1647 449 cum
1690 400 1983 461 adiectione,
2023 409 2076 449 ut

322 480 457 529 faber
499 480 730 543 lignarius
770 490 818 529 et
856 480 1058 544 reliqua,
1100 491 1299 544 propter
1347 481 1507 545 operis
1549 482 1734 531 scilicet
1777 482 2073 531 firmitatem.

270 578 300 611 2
325 563 383 610 In
409 562 658 611 fabrorum
678 572 845 611 autem
865 564 1065 612 fornace
1088 562 1294 626 gentiles
1316 566 1595 612 Vulcanum
1614 573 1866 614 auctorem
1888 565 2072 625 dicunt,
2095 568 2120 623 ‘5

322 644 584 708 figuraliter
609 661 695 707 per
725 646 1007 693 Vulcanum
1042 644 1207 708 ignem
1245 644 1589 708 significantes,
1620 645 1725 695 sine
1759 663 1859 709 quo
1884 648 2074 695 nullum
2159 644 2176 677 Ὗ

322 726 505 775 metalli
541 743 696 789 genus
733 727 874 775 fundi
909 726 1207 788 extendique
1244 735 1420 789 potest.
1495 727 1632 776 Nihil
1669 737 1742 777 est
1778 727 1910 777 enim
1947 743 2075 790 pene

319 810 456 871 quod
494 809 606 871 igne
642 824 743 857 non
779 808 1030 857 efficiatur.
1104 808 1239 857 Alibi
1273 808 1404 857 enim
1431 809 1622 870 vitrum,
1651 809 1768 858 alibi
1800 819 2072 873 argentum,

318 890 434 939 alibi
478 890 754 952 plumbum,
799 890 916 939 alibi
956 889 1191 949 mineum,
1237 890 1355 939 alibi
1397 890 1665 955 pigmenta,
1705 891 1823 941 alibi
1866 890 2076 940 medica-

322 982 490 1021 menta
521 971 698 1021 efficit.
775 974 897 1035 Igne
946 971 1135 1034 lapides
1176 973 1225 1020 in
1264 989 1375 1021 aere
1418 975 1685 1033 solvuntur,
1735 973 1848 1037 igne
1894 975 2073 1022 ferrum
2101 995 2148 1024 10

319 1053 531 1117 gignitur
554 1070 612 1103 ac
637 1056 881 1113 domatur,
910 1053 1022 1117 igne
1046 1071 1219 1102 aurum
1245 1054 1506 1117 perficitur,
1534 1055 1646 1119 igne
1671 1066 1888 1104 cremato
1913 1055 2076 1119 lapide

269 1155 298 1200 3
321 1145 578 1184 caementa
604 1146 651 1185 et
686 1135 895 1198 parietes
920 1135 1144 1199 ligantur.
1220 1135 1433 1199 Lapides
1465 1136 1632 1200 nigros
1661 1137 1784 1201 ignis
1811 1138 2075 1201 coquendo

320 1217 598 1277 candificat,
636 1217 766 1281 ligna
803 1217 1016 1266 candida
1053 1219 1243 1266 urendo
1274 1218 1513 1278 obfuscat,
1550 1219 1789 1268 carbones
1826 1237 1884 1268 ex
1919 1235 2075 1283 pruna

317 1299 502 1361 fulgida
532 1298 695 1362 nigros
729 1298 857 1359 facit,
886 1300 949 1349 de
979 1299 1121 1362 lignis
1153 1299 1286 1348 duris
1318 1299 1523 1363 fragiles,
1562 1302 1625 1349 de
1655 1301 1968 1364 putribilibus
2005 1301 2073 1349 in-

318 1380 572 1443 putribiles
613 1383 788 1441 reddit,
832 1383 998 1430 stricta
1037 1380 1193 1441 solvit,
1241 1383 1400 1430 soluta
1440 1381 1695 1446 restringit,
1737 1384 1860 1432 dura
1902 1383 2072 1444 mollit,
2102 1401 2146 1442 15

319 1462 486 1511 mollia
512 1464 635 1512 dura
660 1462 834 1512 reddit.
912 1463 1083 1511 Habet
1109 1471 1156 1511 et
1183 1462 1524 1512 medicaminis
1551 1481 1708 1513 usum.
1771 1466 1902 1513 Nam
1928 1481 2074 1528 saepe

317 1545 389 1591 uri
428 1545 584 1607 prode
624 1553 711 1593 est.
786 1543 1101 1593 Pestilentiae
1141 1560 1354 1607 quoque,
1397 1561 1525 1607 quae
1563 1546 1911 1596 obscuratione
1958 1546 2073 1595 solis

317 1626 634 1686 contrahitur,
662 1625 880 1674 auxiliari
906 1635 1095 1674 certum
1123 1635 1208 1674 est.
1283 1628 1342 1674 In
1369 1643 1518 1690 opere
1537 1644 1737 1690 quoque
1761 1627 1895 1678 aliud
1920 1628 2073 1692 gignit

262 1730 294 1775 4
317 1707 484 1769 primis
511 1707 720 1771 ignibus,
748 1707 883 1756 aliud
909 1707 1154 1767 secundis,
1181 1707 1317 1757 aliud
1351 1708 1519 1758 tertiis.
1595 1710 1767 1759 Habet
1799 1725 1999 1773 quoque
2025 1717 2073 1757 et

316 1789 462 1837 aliam
488 1789 538 1837 in
565 1806 617 1838 se
634 1789 968 1838 diversitatem
994 1788 1133 1852 ignis.
1197 1791 1327 1838 Nam
1353 1790 1476 1839 alius
1501 1801 1574 1840 est
1592 1791 1676 1854 qui
1702 1791 1811 1840 usui
1836 1792 2068 1849 humano,
2095 1807 2147 1835 20

316 1870 439 1919 alius
470 1871 555 1934 qui
594 1871 777 1920 iudicio
811 1880 1014 1934 apparet
1047 1870 1229 1931 divino,
1259 1871 1359 1920 sive
1393 1872 1478 1935 qui
1508 1874 1571 1921 de
1605 1875 1742 1922 caelo
1778 1874 1967 1921 fulmen
1991 1873 2073 1921 ad—

266 1975 296 2023 5
318 1952 521 2015 stringit,
551 1952 652 2001 sive
677 1952 761 2015 qui
788 1954 852 2002 de
877 1962 1003 2001 terra
1028 1969 1112 2015 per
1137 1952 1343 2002 vertices
1361 1954 1605 2003 montium
1626 1963 1862 2003 eructuat.
1937 1953 2070 2016 Ignis

316 2043 482 2082 autem
509 2033 670 2082 dictus
691 2035 827 2096 quod
852 2033 975 2081 nihil
999 2033 1131 2097 gigni
1149 2043 1311 2097 potest
1328 2051 1387 2083 ex
1413 2052 1473 2084 eo
1492 2054 1505 2096 3
1541 2046 1614 2084 est
1639 2035 1770 2084 enim
1789 2035 2071 2084 inviolabile

315 2117 631 2175 elementum,
661 2117 927 2164 adsumens
948 2125 1126 2164 cuncta
1152 2133 1249 2179 qua
1273 2117 1413 2179 rapit.
1475 2117 1681 2166 Fabrica
1706 2119 1899 2167 duabus
1925 2119 2070 2167 rebus

259 2197 293 2242 6
315 2206 538 2246 constat:
579 2199 737 2246 ventis
764 2208 811 2247 et
841 2199 1052 2246 flamma.
1127 2200 1350 2247 Flamma
1387 2216 1501 2248 vero
1535 2201 1729 2263 proprie
1754 2201 1965 2249 fornacis
1996 2209 2068 2249 est
2095 2216 2142 2255 25

314 2280 459 2338 dicta,
488 2280 623 2341 quod
660 2280 776 2328 flatu
811 2278 1002 2328 follium
1040 2281 1288 2330 excitetur.
1363 2282 1556 2330 Fornax
1592 2298 1708 2331 vero
1740 2282 1803 2330 ab
1841 2281 1953 2345 igne
1989 2299 2069 2331 vo-

367 2420 391 2446 2
423 2410 510 2448 der.
535 2414 601 2447 est
622 2409 714 2462 (del.
740 2411 910 2460 nomen)
934 2408 1133 2449 Schwarz
1241 2423 1266 2460 3
1297 2411 1459 2462 fabros]
1481 2411 1694 2450 fabrorum
1716 2411 1758 2450 B
1868 2413 1894 2450 6
1924 2412 2065 2462 ignem

310 2476 393 2502 om.
411 2463 458 2502 K
516 2464 630 2501 nulla
646 2463 692 2501 K
755 2465 781 2502 8
811 2463 930 2515 igne]
947 2463 1122 2503 Reditin
1133 2470 1274 2516 partes
1289 2466 1324 2505 C
1338 2465 1406 2516 (⁶f·
1423 2465 1584 2505 XVIII.
1602 2478 1708 2506 XLII.
1728 2467 1794 2517 13)
1863 2479 1912 2505 10
1942 2467 2062 2518 aere]

310 2530 383 2556 aes
399 2517 510 2556 Plin.
536 2517 589 2558 N.
614 2518 672 2558 H.
696 2520 762 2568 36,
781 2532 862 2558 200
1087 2532 1132 2557 11
1165 2520 1348 2570 signitur
1368 2520 1420 2558 Β1
1443 2535 1452 2559 :
1481 2520 1637 2570 ignitur
1656 2521 1702 2559 K
1864 2521 1933 2573 ac]
1956 2527 1998 2560 et
2019 2521 2066 2560 K

314 2585 361 2610 12
394 2572 578 2611 cimenta
595 2572 654 2612 K:
683 2580 880 2612 cemente
910 2573 1000 2625 T(z‘.
1015 2587 1044 2612 e.
1070 2576 1180 2623 -tae)
1276 2575 1534 2625 quoquendo
1563 2574 1600 2612 T
1729 2588 1776 2625 13
1807 2575 1971 2614 osuscat
1991 2575 2061 2615 K:

310 2627 445 2666 fuscat
463 2626 570 2666 B1T
679 2640 834 2677 prunas
854 2628 911 2666 B1
1080 2641 1127 2678 15
1157 2629 1290 2669 solvet
1310 2628 1398 2667 BT
1557 2631 1607 2668 16
1635 2630 1786 2668 reddet
1808 2629 1855 2668 K
1873 2631 1976 2682 (non
1995 2630 2060 2678 Ν)

308 2681 457 2733 habet]
475 2682 554 2721 hec
574 2681 663 2720 KN
680 2683 782 2732 (non
809 2682 866 2734 U)
965 2696 1060 2721 nam
1077 2696 1207 2734 saepe
1230 2685 1335 2735 (se-)
1358 2683 1443 2722 ruri
1464 2683 1588 2722 BCK
1602 2699 1611 2723 z
1643 2697 1739 2723 nam
1755 2685 1838 2724 isto
1858 2684 2003 2735 peruri
2031 2684 2070 2723 T

313 2748 360 2786 17
391 2737 567 2786 prodest
586 2735 710 2775 BCK
843 2751 949 2787 quae
970 2751 1051 2777 om.
1081 2737 1119 2775 T
1149 2735 1153 2743 ¹
1299 2739 1347 2777 18
1378 2738 1640 2777 contrahitur
1659 2751 1742 2778 om.
1763 2738 1854 2777 KN
1871 2739 1975 2790 (non
2001 2739 2058 2791 U)

310 2804 359 2829 21
392 2791 463 2841 qui
484 2791 528 2829 in
550 2791 635 2830 iud.
660 2790 784 2830 BCK
800 2792 903 2841 (non
929 2792 984 2843 U)
1196 2793 1419 2843 apparebit
1439 2792 1530 2830 KN
1728 2794 1753 2833 f.
1775 2793 2060 2843 adstringitur

308 2844 385 2885 El:
413 2845 588 2885 fulmina
607 2846 779 2895 stringit
806 2845 968 2886 Tertull.
993 2847 1099 2897 apol.
1121 2847 1175 2895 48
1365 2860 1416 2896 24
1446 2847 1672 2886 absumens
1691 2847 1784 2887 dett.
1949 2861 2058 2898 quae

309 2899 388 2938 BC
401 2913 410 2938 :
439 2914 523 2940 om.
558 2900 595 2938 T
779 2901 941 2940 duobus
959 2901 1152 2940 BTante
1171 2914 1269 2940 corr.
1436 2913 1487 2951 25
1517 2907 1670 2941 ventus
1699 2901 1738 2940 T
1867 2902 2058 2941 Flamina
2137 2916 2140 2918 ’

310 2953 356 2991 Κ
370 2969 379 2992 :
411 2955 645 2995 Flaminam
666 2954 712 2992 N
932 2956 1104 3005 propria
1124 2955 1171 2993 K
1367 2956 1474 2996 forn.
1497 2961 1593 2996 sunt
1615 2956 1659 2995 K
1676 2970 1685 2995 z
1715 2956 1877 2995 fornaci
1898 2962 1998 2996 sunt
2017 2957 2063 2996 N

310 3010 412 3060 (non
439 3009 496 3058 U)
608 3012 661 3048 26
691 3009 929 3048 excitentur
948 3009 1039 3048 KN
1054 3011 1157 3062 <non
1183 3010 1235 3060 U)
