2176 3424
405 157 1034 206 ETYMOLOGIARVM
1075 158 1204 205 LIB.
1243 159 1382 205 XIV.
1421 156 1471 206 iii

70 289 302 351 εὐδαίμων.
376 286 679 349 Babyloniae
711 286 920 350 regionis
956 295 1101 350 caput
1129 287 1353 351 Babylon
1388 287 1504 336 urbs
1537 296 1622 348 est,
1649 304 1678 337 a
1711 305 1809 352 qua
1829 302 1885 349 14

67 379 115 419 et
148 378 444 433 nuncupata,
473 378 572 417 tarn
607 369 786 418 nobilis
823 378 876 417 ut
901 368 1155 419 Chaldaea
1192 378 1239 418 et
1263 369 1462 433 Assyria
1498 379 1546 419 et
1577 372 1808 434 Mesopo-

66 454 216 500 tamia
240 451 290 500 in
315 450 419 500 eius
453 466 636 499 nornen
669 451 938 514 aliquando
971 451 1261 501 transierint.
1334 452 1517 501 Arabia
1547 455 1806 516 appellata,
1831 463 1885 512 15

67 533 117 582 id
154 543 227 582 est
262 531 396 581 sacra
414 551 428 593 3
476 534 572 580 hoc
608 532 741 581 enim
775 531 1048 596 significare
1080 533 1422 597 interpretatur
1441 552 1454 594 3
1485 551 1545 582 eo
1575 535 1711 597 quod
1749 534 1808 584 sit

7 637 43 677 ,5
66 614 197 678 regio
223 614 434 674 turifera,
462 615 640 664 odores
666 630 835 663 creans
856 632 865 663 ι
903 613 1019 663 hinc
1053 632 1162 664 eam
1188 616 1365 665 Graeci
1391 617 1626 679 εὐδαίμων,
1655 618 1807 664 nostri

66 697 261 745 beatam
287 698 678 745 nominaverunt.
753 698 812 745 In
847 695 985 745 cuius
1020 697 1223 746 saltibus
1258 707 1305 746 et
1342 700 1536 761 myrrha
1568 707 1616 747 et
1645 697 1810 747 cinna-

67 796 203 827 mum
245 778 498 842 provenit:
547 778 615 826 ibi
655 780 869 826 nascitur
903 780 1006 826 avis
1044 781 1273 842 phoenix,
1314 782 1558 843 sardonyx
1595 797 1804 843 gemma,

66 867 113 905 et
138 858 233 919 iris,
255 859 546 908 molochites
572 870 620 909 et
646 862 911 923 paederota
935 860 1003 909 ibi
1030 860 1287 910 invenitur.
1351 863 1467 925 Ipsa
1492 871 1564 910 est
1589 871 1636 910 et
1663 861 1804 921 Saba,

64 943 308 1004 appellata
326 959 355 991 a
380 943 480 990 filio
506 941 663 1004 Chus,
687 942 772 1006 qui
797 953 1109 1006 nuncupatus
1136 954 1209 993 est
1245 945 1387 993 Saba.
1463 947 1607 993 Haec
1640 954 1805 994 autem

3 1043 43 1071 ιο
64 1033 272 1086 angusto
303 1034 457 1074 terrae
486 1034 643 1073 tractu
679 1027 743 1073 ad
786 1024 1026 1074 orientem
1062 1043 1228 1075 versus
1264 1028 1328 1076 ad
1355 1029 1606 1076 Persicum
1645 1027 1807 1076 sinum

64 1105 353 1167 extenditur,
397 1106 535 1155 cuius
584 1108 982 1170 septentrionalia
1030 1109 1283 1158 Chaldaea
1331 1109 1529 1171 claudit,
1574 1126 1805 1159 occasum

64 1185 198 1234 sinus
231 1188 486 1236 Arabicus.
561 1188 746 1251 Syriam
781 1191 927 1252 Syrus
963 1189 1166 1251 quidam
1202 1191 1486 1253 perhibetur
1518 1191 1750 1255 indigena
1779 1209 1808 1240 a
1830 1198 1889 1245 16

65 1285 154 1317 suo
183 1270 426 1318 vocabulo
459 1287 783 1334 nuncupasse.
859 1273 1002 1319 Haec
1037 1271 1101 1320 ab
1139 1271 1328 1321 oriente
1363 1272 1512 1322 fluvio
1539 1275 1804 1337 Euphrate,

63 1350 125 1398 ab
151 1367 329 1399 occasu
355 1351 475 1399 mari
500 1362 668 1401 nostro
695 1362 741 1401 et
761 1355 987 1416 Aegypto
1012 1353 1314 1414 terminatur,
1335 1363 1540 1418 tangens
1563 1373 1592 1404 a
1617 1365 1808 1419 septen-

0 1450 38 1492 15
62 1433 220 1480 trione
249 1433 533 1482 Armeniam
559 1443 606 1483 et
633 1435 1018 1497 Cappadociam,
1047 1452 1075 1483 a
1101 1435 1305 1485 meridie
1331 1436 1493 1485 sinum
1519 1437 1803 1486 Arabicum.

63 1513 192 1562 Situs
209 1514 313 1563 eius
332 1524 583 1578 porrectus
600 1515 650 1563 in
666 1515 941 1565 inmensam
959 1516 1334 1580 longitudinem,
1355 1517 1405 1565 in
1421 1520 1520 1566 lato
1539 1518 1803 1582 angustior.

65 1595 234 1644 Habet
268 1606 433 1645 autem
471 1596 522 1644 in
558 1613 610 1646 se
646 1597 921 1661 provincias
955 1600 1360 1662 Commagenam,
1399 1599 1721 1649 Phoeniciam
1758 1610 1806 1650 et
1828 1614 1880 1663 17

65 1677 405 1738 Palaestinam,
434 1680 572 1727 cuius
600 1696 707 1742 pars
734 1690 806 1729 est
828 1682 1014 1729 Iudaea
1038 1681 1228 1744 absque
1253 1683 1544 1731 Sarracenos
1570 1692 1618 1732 et
1645 1684 1806 1732 Naba-

64 1759 218 1807 theos.
294 1762 631 1824 Commagena
668 1762 822 1824 prima
858 1762 1109 1826 provincia
1142 1763 1306 1827 Syriae
1335 1782 1364 1813 a
1387 1765 1633 1814 vocabulo
1660 1767 1806 1816 Com-

0 1860 41 1887 Ἰο
64 1858 233 1904 magae
270 1842 402 1891 urbis
438 1853 732 1907 nuncupata,
772 1861 898 1907 quae
937 1847 1192 1908 quondam
1231 1845 1299 1895 ibi
1338 1847 1622 1910 metropolis
1660 1849 1806 1896 habe—

62 1923 214 1972 batur.
278 1924 444 1972 Huius
460 1935 533 1973 est
548 1942 576 1973 a
593 1926 925 1988 septentrione
940 1927 1190 1988 Armenia,
1207 1928 1271 1976 ab
1291 1938 1400 1977 ortu
1422 1930 1804 1992 Mesopotamia,

58 2022 87 2053 a
122 2005 324 2055 meridie
362 2007 509 2070 Syria,
549 2008 611 2056 ab
649 2024 828 2056 occasu
865 2025 998 2057 mare
1034 2010 1290 2072 Magnum.
1366 2011 1588 2059 Phoenix
1623 2012 1801 2062 Cadmi
1826 2011 1880 2057 18

58 2088 200 2136 frater
215 2089 278 2136 de
294 2088 482 2136 Thebis
502 2089 855 2152 Aegyptiorum
875 2091 925 2137 in
945 2090 1132 2153 Syriam
1148 2093 1396 2155 profectus
1413 2095 1546 2156 apud
1564 2093 1801 2142 Sidonem

58 2170 288 2233 regnavit,
329 2188 537 2234 eamque
574 2171 877 2235 provinciam
914 2189 972 2221 ex
1010 2190 1099 2221 suo
1136 2174 1338 2223 nomine
1364 2175 1684 2224 Phoeniciam
1721 2193 1801 2239 ap-

0 2265 34 2306 55
59 2252 269 2315 pellavit.
333 2254 448 2315 Ipsa
473 2263 546 2301 est
570 2253 655 2302 ubi
682 2263 754 2301 est
773 2256 945 2316 Tyrus,
973 2256 1036 2303 ad
1063 2272 1211 2318 quern
1239 2256 1410 2305 Esaias
1432 2256 1540 2322 (23)
1566 2258 1795 2321 loquitur.

59 2333 230 2382 Habet
265 2344 429 2383 autem
467 2335 530 2383 ab
566 2337 753 2384 oriente
790 2335 1038 2394 Arabiam,
1076 2354 1105 2385 a
1142 2337 1346 2388 meridie
1382 2356 1515 2388 mare
1551 2342 1795 2390 Rubrum.

59 2415 331 2464 Palaestina
363 2416 613 2479 provincia
638 2417 880 2465 Philistim
906 2418 1080 2467 urbem
1117 2420 1429 2483 metropolim
1454 2421 1640 2482 habuit,
1671 2440 1798 2486 quae
1821 2439 1880 2485 19

57 2513 188 2546 nunc
224 2497 401 2546 dicitur
434 2501 664 2558 Ascalon,
698 2516 757 2548 ex
793 2517 890 2562 qua
926 2500 1121 2550 civitate
1157 2502 1318 2550 omnis
1355 2502 1483 2552 circa
1518 2521 1627 2553 eam
1664 2506 1797 2569 regio

54 2579 332 2628 ⁴Palaestina
370 2590 442 2629 est
484 2592 780 2644 nuncupata.
867 2583 1032 2631 Huius
1074 2583 1137 2632 ab
1174 2583 1361 2634 oriente
1398 2602 1532 2635 mare
1568 2588 1795 2636 Rubrum

114 2722 131 2747 1
165 2709 267 2761 εὐδ.]
297 2711 502 2750 eodemon
533 2711 635 2750 BC:
668 2713 877 2752 eodomon
917 2713 977 2752 T:
1007 2714 1217 2752 eudemon
1249 2721 1315 2753 est
1343 2715 1389 2753 K
1552 2718 1727 2767 regione
1765 2719 1804 2757 T

59 2775 140 2812 quo
158 2763 238 2803 BC
345 2778 412 2814 qu.
438 2771 720 2816 nuncupatam
742 2767 835 2806 nob.
863 2767 901 2805 T
1035 2780 1060 2816 3
1090 2769 1347 2808 transierunt
1374 2769 1411 2808 T
1532 2786 1557 2821 4
1586 2774 1797 2823 significat

60 2817 383 2869 interpretatum
406 2820 441 2858 C
548 2833 572 2869 5
603 2820 700 2860 hinc
721 2821 783 2873 e.]
806 2822 916 2861 hanc
938 2823 1050 2861 enim
1078 2822 1115 2860 T
1219 2825 1427 2864 eodemon
1449 2825 1528 2866 BC
1544 2841 1553 2865 :
1585 2828 1793 2867 eudemon

60 2869 132 2911 K:
161 2873 372 2912 eodomon
401 2873 438 2912 T
541 2877 567 2913 6
597 2875 687 2914 salt.
712 2876 883 2915 mirram
906 2876 951 2914 K
1070 2890 1091 2926 7
1122 2879 1319 2917 sardonia
1342 2880 1380 2918 T
1495 2882 1521 2918 8
1551 2881 1628 2932 ibi]
1650 2882 1734 2920 illic
1755 2884 1796 2922 B

62 2932 124 2964 est
143 2940 223 2967 om.
249 2928 284 2967 C
443 2942 470 2978 9
499 2930 710 2980 appellata
730 2943 811 2970 om.
833 2930 878 2968 K
994 2946 1018 2971 a
1034 2931 1112 2983 fi1.]
1135 2933 1217 2971 alio
1238 2931 1285 2970 K
1449 2948 1493 2974 11
1526 2935 1733 2975 clauditur
1752 2936 1798 2974 K

65 2991 112 3018 12
140 2981 226 3022 ind.
250 2995 326 3021 suo
346 2983 387 3021 Β
499 2997 548 3033 14
577 2997 668 3024 nos.
690 2997 772 3034 quo
790 2985 898 3035 Aeg.
923 2985 968 3023 K
986 2988 1090 3039 (non
1114 2985 1227 3028 ovet.
1248 2988 1367 3040 extr.)
1483 2991 1532 3027 16
1560 3002 1672 3040 porr.
1689 2992 1789 3032 inm.

54 3032 126 3077 „T:
156 3035 344 3085 prolatus
364 3037 404 3075 in
426 3037 523 3077 inm.
544 3037 586 3076 Β
718 3053 764 3089 17
795 3040 954 3081 Comm.
982 3048 1024 3080 et
1044 3041 1204 3084 Phoen.
1227 3048 1269 3082 et
1291 3043 1326 3082 C
1436 3044 1485 3082 18
1514 3044 1634 3097 pars]
1656 3058 1732 3095 par
1750 3045 1796 3084 K

61 3099 114 3128 20
140 3089 312 3142 habeb.]
333 3092 561 3132 vocabatur
580 3092 621 3130 B
750 3107 797 3132 21
830 3094 1032 3134 Armenia
1052 3109 1132 3134 om.
1150 3095 1236 3135 ΒΚ
1343 3111 1395 3147 24
1423 3098 1687 3148 provinciam
1708 3112 1788 3140 om.

61 3140 106 3179 K
121 3144 224 3195 (non
248 3143 360 3186 Ovet.
374 3148 495 3199 extr.)
