2176 3424
1056 92 1330 142 ISIDORI

241 234 297 281 14
319 219 669 281 SampsuchuS,
698 236 846 282 quem
881 221 1045 269 Latini
1075 239 1356 272 amaracum
1391 234 1584 274 vocant.
1656 227 1811 277 Cuius
1847 229 2062 279 nominis

318 315 463 348 usum
488 299 731 363 Vergilius
758 301 905 349 etiam
931 304 995 350 ad
1021 305 1268 353 Venerem
1293 307 1506 356 referens
1531 308 1597 356 ait
1622 307 1772 373 (Aen.
1797 329 1835 371 1,
1857 311 1973 376 693)
1996 330 2005 359 ι

719 382 821 430 Vbi
858 385 1019 432 mollis
1055 401 1308 435 amaracus
1346 387 1481 436 illum

650 462 852 512 floribus
888 464 1108 528 aspirans
1144 469 1459 531 amplectitur
1494 471 1684 522 umbra.

309 546 441 607 Apta
473 553 546 594 est
578 554 746 594 autem
780 547 903 595 haec
936 548 1090 596 herba
1122 551 1416 612 unguentis:
1455 553 1590 602 unde
1623 563 1670 602 et
1700 571 1884 603 nomen
1918 555 2059 604 traxit
2082 578 2104 617 5

309 642 563 675 amaracus
596 644 625 675 a
658 644 810 690 puero
843 630 1102 678 cuiusdam
1136 631 1273 694 regis,
1303 634 1386 695 qui
1418 650 1534 682 casu
1561 636 1740 699 lapsus,
1769 638 1890 684 dum
1914 639 2058 687 ferret

311 718 576 771 unguenta,
606 725 791 758 novum
818 720 865 759 et
890 711 1220 774 gratissimum
1242 730 1300 762 ex
1319 717 1611 765 confusione
1636 719 1840 766 odorem
1863 718 2056 767 creavit.

233 806 288 854 15
312 790 627 852 Hyacinthus
654 792 807 840 herba
832 803 906 841 est
931 793 1120 843 habens
1141 796 1311 845 florem
1331 814 1647 861 purpureum.
1697 801 1867 848 Traxit
1890 810 2056 849 autem

308 890 491 923 nomen
517 892 545 923 a
570 892 723 938 puero
750 880 969 940 quodam
1003 879 1159 928 nobili
1193 881 1278 944 qui
1312 881 1362 929 in
1396 882 1598 932 saltibus
1632 883 1757 933 inter
1786 902 2056 948 purpureos

305 957 448 1005 flores
474 967 694 1020 repertus
719 968 793 1007 est
818 960 1102 1010 interfectus
1120 980 1133 1023 3
1170 962 1408 1026 deditque
1439 981 1625 1014 nomen
1650 966 1833 1015 herbae
1857 967 2055 1030 puerilis
2081 991 2131 1018 10

304 1038 486 1087 funeris
512 1056 669 1088 casus.
734 1042 821 1089 Est
846 1050 1012 1090 autem
1039 1042 1203 1092 radice
1229 1053 1276 1092 et
1303 1046 1421 1095 flore
1446 1045 1586 1095 bulbi
1612 1046 1796 1107 similis,
1824 1065 2002 1111 pueros
2027 1066 2056 1098 a

221 1125 280 1172 16
303 1120 562 1183 pubertate
588 1121 819 1171 retinens.
888 1123 1146 1173 Narcissus
1166 1125 1319 1174 herba
1337 1127 1561 1176 fabulose
1581 1128 1849 1192 inpositum
1869 1146 2055 1179 nomen

304 1202 454 1252 habet
487 1219 516 1250 a
549 1204 768 1265 quodam
803 1220 958 1267 puero
988 1205 1127 1254 cuius
1162 1207 1386 1256 membra
1418 1208 1469 1256 in
1499 1209 1632 1257 hunc
1662 1211 1831 1260 florem
1858 1211 2056 1260 transie-

303 1293 429 1344 runt,
459 1286 543 1347 qui
570 1294 618 1334 et
653 1302 837 1334 nomen
866 1287 1084 1335 Narcissi
1118 1289 1167 1335 in
1202 1291 1533 1353 appellatione
1570 1291 1786 1341 custodit
1822 1301 1871 1341 et
1900 1295 2052 1342 decus

228 1385 279 1434 17
303 1366 684 1431 pulchritudinis
722 1367 770 1415 in
810 1370 1026 1417 candore
1066 1371 1242 1419 retinet
1284 1371 1530 1424 foliorum.
1605 1375 1741 1422 Rosa
1782 1374 1846 1423 ab
1888 1375 2053 1439 specie
2080 1402 2127 1443 15

228 1457 283 1504 18
305 1448 435 1498 floris
479 1458 777 1512 nuncupata,
821 1452 959 1512 quod
998 1451 1215 1501 rutilanti
1264 1454 1429 1502 colore
1470 1454 1658 1504 rubeat.
1746 1456 1870 1504 Lilia
1910 1458 2052 1507 lactei

305 1528 435 1577 floris
462 1530 632 1591 herba,
658 1533 793 1580 unde
826 1541 874 1581 et
908 1543 1234 1596 nuncupatur,
1264 1537 1403 1597 quasi
1435 1535 1564 1584 liclia
1585 1555 1599 1597 ,·
1634 1537 1772 1586 cuius
1797 1540 1916 1587 dum
1943 1556 2054 1588 can-

220 1626 281 1672 19
304 1611 395 1659 dor
419 1613 480 1660 sit
505 1611 555 1659 in
582 1612 723 1673 foliis,
746 1615 849 1662 auri
876 1624 1043 1663 tamen
1069 1618 1258 1679 species
1279 1616 1409 1665 intus
1436 1618 1636 1682 effulgit.
1686 1619 1832 1669 Viola
1857 1631 2054 1685 propter

303 1693 402 1740 vim
439 1693 605 1742 odoris
643 1711 827 1745 nomen
865 1696 1070 1759 accepit.
1143 1697 1311 1746 Huius
1347 1715 1526 1762 genera
1563 1709 1677 1749 sunt
1713 1701 1834 1751 tria:
1876 1719 2052 1766 purpu-

213 1791 282 1826 20
303 1790 455 1835 reum,
504 1776 690 1837 album,
740 1778 995 1826 melinum.
1068 1781 1327 1828 Acanthus
1370 1781 1523 1830 herba
1570 1785 1812 1846 Aegyptia
1859 1801 2052 1849 semper
2075 1812 2126 1840 20

227 1872 278 1905 21
303 1858 551 1917 frondens,
591 1857 743 1921 spinis
780 1861 939 1921 plena,
980 1860 1178 1908 flexibili
1216 1862 1454 1924 virgult03
1508 1865 1558 1911 in
1600 1864 1738 1913 cuius
1778 1866 2051 1916 imitatione

299 1947 401 1987 arte
426 1938 575 1987 vestis
610 1950 822 1999 ornatur,
852 1957 979 2003 quae
1012 1944 1276 1991 acanthina
1310 1943 1522 2005 dicitur3
1563 1955 1610 1994 et
1645 1948 1868 1996 acanthis
1905 1948 2049 1997 dicta.

213 2033 277 2068 22
303 2022 506 2069 Hedera
543 2022 676 2070 dicta
718 2023 855 2085 quod
897 2022 1155 2072 arboribus
1198 2027 1440 2088 reptando
1479 2027 1756 2076 adhaereat.
1833 2031 1911 2078 De
1953 2047 2049 2093 qua

299 2101 543 2164 Vergilius
572 2102 699 2166 (Ecl.
722 2106 765 2164 8,
791 2103 868 2167 13)
890 2124 898 2152 ε

541 2186 677 2233 Inter
712 2184 934 2234 victrices
972 2187 1206 2235 hederam
1245 2187 1333 2236 tibi
1370 2205 1563 2253 serpere
1599 2192 1775 2241 lauros.
2070 2221 2088 2247 2
2099 2221 2121 2259 5

301 2265 400 2314 Alii
425 2267 658 2315 hederam
685 2268 823 2316 aiunt
848 2277 1071 2316 vocatam
1099 2271 1236 2332 quod
1261 2271 1432 2320 haedis
1458 2289 1603 2335 supra
1627 2275 1764 2323 lactis
1793 2275 2048 2324 abundan-

216 2366 280 2413 23
301 2347 420 2396 tiam
464 2348 513 2396 in
556 2365 719 2397 escam
768 2366 796 2398 a
839 2349 1085 2399 veteribus
1134 2352 1474 2414 praebebatur.
1565 2356 1797 2404 Hederae
1844 2356 2047 2419 frigidae

299 2438 457 2479 terrae
495 2429 684 2479 indices
718 2440 832 2480 sunt
869 2437 1091 2495 φυσικῶς.
1166 2436 1295 2483 Nam
1333 2435 1758 2499 antipharmacum
1798 2438 2044 2488 ebrietatis

358 2573 375 2598 1
410 2560 640 2600 Samsucus
660 2561 770 2601 codd.
798 2564 915 2612 (-gus
935 2563 997 2614 D)
1140 2577 1262 2613 quam
1284 2565 1330 2603 K
1438 2565 1568 2605 latine
1587 2567 1632 2604 D
1759 2581 1785 2617 4
1815 2569 1982 2618 spirans
2001 2570 2045 2607 D

300 2628 321 2664 7
353 2615 602 2655 conlusione
622 2617 669 2655 K
816 2618 842 2655 8
873 2617 1072 2657 Iacentus
1090 2617 1134 2655 D
1290 2631 1317 2668 9
1345 2621 1554 2669 quondam
1575 2620 1620 2658 D
1741 2635 1977 2673 purpureos
1997 2637 2046 2663 ex

298 2682 458 2719 pureos
485 2670 523 2708 T
604 2683 648 2709 11
682 2671 819 2710 bulbis
840 2677 888 2711 ut
906 2672 985 2711 vid.
1016 2672 1098 2712 T2:
1126 2673 1238 2712 volvi
1258 2673 1302 2711 D
1386 2687 1434 2712 12
1465 2675 1700 2715 fabulosum
1721 2677 1768 2716 K
1852 2690 1901 2727 13
1932 2680 2042 2718 hunc

297 2737 398 2764 corr.
419 2725 528 2764 hanc
549 2724 594 2763 D
762 2738 810 2775 15
841 2727 1132 2776 pulcritutides
1151 2728 1196 2766 D
1307 2728 1424 2768 Rose
1452 2729 1490 2767 T
1652 2732 1700 2769 16
1728 2732 1875 2771 subeat
1895 2733 1950 2783 K,
1975 2734 2045 2771 mlx

299 2785 395 2818 recte
562 2793 609 2829 17
640 2793 709 2829 qu.
731 2780 879 2831 liglilia
904 2782 963 2821 T:
991 2795 1061 2832 qu.
1083 2782 1207 2822 licilia
1229 2783 1270 2820 D
1465 2786 1514 2823 18
1542 2786 1686 2835 specie
1708 2787 1752 2825 K
1859 2787 1978 2836 fulgit
1998 2788 2043 2826 K

298 2847 351 2872 20
380 2834 596 2872 mellinum
617 2833 660 2872 D
853 2849 900 2874 21
934 2837 1066 2875 flexili
1091 2837 1129 2876 T
1294 2839 1478 2887 virgultu
1499 2839 1589 2878 DT
1601 2854 1611 2879 :
1639 2845 1744 2879 -tum
1766 2841 1812 2879 K
1828 2855 1837 2879 :
1853 2841 1955 2891 fort.
1980 2848 2040 2881 -ta

297 2900 349 2926 22
379 2889 511 2928 vertis
531 2902 592 2928 or.
613 2902 651 2939 q.
677 2889 865 2929 afantina
894 2891 950 2930 di.
979 2891 1050 2930 D:
1087 2897 1229 2931 vestes
1257 2899 1462 2932 ornantur
1490 2907 1529 2944 q.
1550 2895 1744 2934 acantina
1773 2895 1970 2934 dicuntur
1997 2897 2043 2936 K

298 2954 350 2990 25
380 2943 522 2982 laurus
541 2942 587 2981 D
743 2946 796 2982 26
827 2945 1025 2985 lactantis
1044 2946 1108 2987 ab.
1139 2946 1178 2985 T
1328 2960 1378 2996 27
1409 2948 1694 2999 praebebatur
1715 2951 1786 2999 (pr
1805 2950 1850 2988 in
1871 2953 1974 3002 raS.)
1996 2952 2042 2989 D

298 2999 351 3035 28
381 2999 521 3038 fisicos
544 2997 590 3036 K
595 2999 632 3037 T
645 3012 654 3037 :
683 2999 827 3038 fisicus
846 3000 918 3039 D:
946 3001 1180 3040 secundum
1201 3001 1403 3052 physicos
1424 3003 1550 3046 Amv.
1665 3004 1980 3044 anteformacon
1997 3006 2042 3043 D
