<?xml version="1.0" encoding="UTF-8"?>
<!DOCTYPE html PUBLIC "-//W3C//DTD XHTML 1.0 Transitional//EN"
    "http://www.w3.org/TR/xhtml1/DTD/xhtml1-transitional.dtd">
<html xmlns="http://www.w3.org/1999/xhtml" xml:lang="en" lang="en">
 <head>
  <title>
</title>
<meta http-equiv="Content-Type" content="text/html;charset=utf-8" />
  <meta name='ocr-system' content='tesseract 3.04.00' />
  <meta name='ocr-capabilities' content='ocr_page ocr_carea ocr_par ocr_line ocrx_word'/>
</head>
<body>
  <div class='ocr_page' id='page_1' title='image "./isidori01isiduoft/isidori01isiduoft_0480.png"; bbox 0 0 2176 3424; ppageno 0'>
   <div class='ocr_carea' id='block_1_1' title="bbox 1050 146 1811 337">
    <p class='ocr_par' dir='ltr' id='par_1_1' title="bbox 1050 146 1811 337">
     <span class='ocr_line' id='line_1_1' title="bbox 1050 146 1322 194; baseline 0.004 -1"><span class='ocrx_word' id='word_1_1' title='bbox 1050 146 1322 194; x_wconf 87' lang='lat' dir='ltr'>ISIDORI</span> 
     </span>
     <span class='ocr_line' id='line_1_2' title="bbox 1623 275 1811 337; baseline 0 -13"><span class='ocrx_word' id='word_1_2' title='bbox 1623 275 1722 337; x_wconf 84' lang='lat' dir='ltr'>Qui</span> <span class='ocrx_word' id='word_1_3' title='bbox 1760 293 1811 324; x_wconf 92' lang='lat' dir='ltr'>se</span> 
     </span>
    </p>
   </div>
   <div class='ocr_carea' id='block_1_2' title="bbox 205 356 2127 2470">
    <p class='ocr_par' dir='ltr' id='par_1_2' title="bbox 508 356 1811 488">
     <span class='ocr_line' id='line_1_3' title="bbox 510 356 1811 420; baseline 0 -14"><span class='ocrx_word' id='word_1_4' title='bbox 510 359 793 406; x_wconf 86' lang='lat' dir='ltr'>eunuchum</span> <span class='ocrx_word' id='word_1_5' title='bbox 833 358 937 420; x_wconf 92' lang='lat' dir='ltr'>ipse</span> <span class='ocrx_word' id='word_1_6' title='bbox 974 357 1102 416; x_wconf 91' lang='lat' dir='ltr'>facit,</span> <span class='ocrx_word' id='word_1_7' title='bbox 1143 356 1346 420; x_wconf 88' lang='lat' dir='ltr'>cupiens</span> <span class='ocrx_word' id='word_1_8' title='bbox 1384 358 1591 406; x_wconf 89' lang='lat' dir='ltr'>evadere</span> <span class='ocrx_word' id='word_1_9' title='bbox 1628 358 1811 406; x_wconf 90' lang='lat' dir='ltr'>damno</span> 
     </span>
     <span class='ocr_line' id='line_1_4' title="bbox 508 439 734 488; baseline 0 0"><span class='ocrx_word' id='word_1_10' title='bbox 508 439 734 488; x_wconf 88' lang='lat' dir='ltr'>testiculi.</span> 
     </span>
    </p>

    <p class='ocr_par' dir='ltr' id='par_1_3' title="bbox 214 520 2100 830">
     <span class='ocr_line' id='line_1_5' title="bbox 214 520 2054 584; baseline 0.001 -16"><span class='ocrx_word' id='word_1_11' title='bbox 214 527 279 562; x_wconf 83' lang='lat'>22</span> <span class='ocrx_word' id='word_1_12' title='bbox 307 520 409 584; x_wconf 90' lang='lat' dir='ltr'>Ipsi</span> <span class='ocrx_word' id='word_1_13' title='bbox 447 531 561 570; x_wconf 92' lang='lat' dir='ltr'>sunt</span> <span class='ocrx_word' id='word_1_14' title='bbox 598 531 645 570; x_wconf 91' lang='lat' dir='ltr'>et</span> <span class='ocrx_word' id='word_1_15' title='bbox 683 522 805 582; x_wconf 87' lang='lat' dir='ltr'>fibri,</span> <span class='ocrx_word' id='word_1_16' title='bbox 842 521 926 584; x_wconf 87' lang='lat' dir='ltr'>qui</span> <span class='ocrx_word' id='word_1_17' title='bbox 964 520 1112 570; x_wconf 90' lang='lat' dir='ltr'>etiam</span> <span class='ocrx_word' id='word_1_18' title='bbox 1151 520 1344 569; x_wconf 89' lang='lat' dir='ltr'>Pontici</span> <span class='ocrx_word' id='word_1_19' title='bbox 1394 537 1540 569; x_wconf 88' lang='lat' dir='ltr'>canes</span> <span class='ocrx_word' id='word_1_20' title='bbox 1577 529 1830 570; x_wconf 85' lang='lat' dir='ltr'>vocantur.</span> <span class='ocrx_word' id='word_1_21' title='bbox 1901 524 2054 570; x_wconf 89' lang='lat' dir='ltr'>Vrsus</span> 
     </span>
     <span class='ocr_line' id='line_1_6' title="bbox 303 603 2100 667; baseline 0.001 -17"><span class='ocrx_word' id='word_1_22' title='bbox 303 604 452 651; x_wconf 91' lang='lat' dir='ltr'>fertur</span> <span class='ocrx_word' id='word_1_23' title='bbox 471 603 632 652; x_wconf 91' lang='lat' dir='ltr'>dictus</span> <span class='ocrx_word' id='word_1_24' title='bbox 653 605 791 667; x_wconf 91' lang='lat' dir='ltr'>quod</span> <span class='ocrx_word' id='word_1_25' title='bbox 812 620 895 652; x_wconf 93' lang='lat' dir='ltr'>ore</span> <span class='ocrx_word' id='word_1_26' title='bbox 921 619 1011 652; x_wconf 92' lang='lat' dir='ltr'>suo</span> <span class='ocrx_word' id='word_1_27' title='bbox 1032 604 1210 651; x_wconf 90' lang='lat' dir='ltr'>formet</span> <span class='ocrx_word' id='word_1_28' title='bbox 1229 604 1369 662; x_wconf 89' lang='lat' dir='ltr'>fetus,</span> <span class='ocrx_word' id='word_1_29' title='bbox 1393 604 1534 666; x_wconf 85' lang='lat' dir='ltr'>quasi</span> <span class='ocrx_word' id='word_1_30' title='bbox 1554 619 1704 651; x_wconf 91' lang='lat' dir='ltr'>orsus.</span> <span class='ocrx_word' id='word_1_31' title='bbox 1762 604 1893 651; x_wconf 90' lang='lat' dir='ltr'>Nam</span> <span class='ocrx_word' id='word_1_32' title='bbox 1918 605 2055 653; x_wconf 89' lang='lat' dir='ltr'>aiunt</span> <span class='ocrx_word' id='word_1_33' title='bbox 2078 624 2100 662; x_wconf 79' lang='lat'>5</span> 
     </span>
     <span class='ocr_line' id='line_1_7' title="bbox 300 685 2052 749; baseline 0.001 -17"><span class='ocrx_word' id='word_1_34' title='bbox 300 701 385 733; x_wconf 92' lang='lat' dir='ltr'>eos</span> <span class='ocrx_word' id='word_1_35' title='bbox 419 685 654 734; x_wconf 86' lang='lat' dir='ltr'><strong>informes</strong></span> <span class='ocrx_word' id='word_1_36' title='bbox 687 702 919 748; x_wconf 86' lang='lat' dir='ltr'>generare</span> <span class='ocrx_word' id='word_1_37' title='bbox 953 694 1135 749; x_wconf 87' lang='lat' dir='ltr'>partus,</span> <span class='ocrx_word' id='word_1_38' title='bbox 1163 694 1210 734; x_wconf 90' lang='lat' dir='ltr'>et</span> <span class='ocrx_word' id='word_1_39' title='bbox 1236 701 1436 734; x_wconf 89' lang='lat' dir='ltr'>carnem</span> <span class='ocrx_word' id='word_1_40' title='bbox 1462 686 1712 748; x_wconf 90' lang='lat' dir='ltr'>quandam</span> <span class='ocrx_word' id='word_1_41' title='bbox 1744 685 1880 734; x_wconf 89' lang='lat' dir='ltr'>nasci</span> <span class='ocrx_word' id='word_1_42' title='bbox 1903 702 2052 748; x_wconf 85' lang='lat' dir='ltr'>quam</span> 
     </span>
     <span class='ocr_line' id='line_1_8' title="bbox 299 766 1851 830; baseline 0 -15"><span class='ocrx_word' id='word_1_43' title='bbox 299 777 454 816; x_wconf 88' lang='lat' dir='ltr'>mater</span> <span class='ocrx_word' id='word_1_44' title='bbox 479 770 749 817; x_wconf 88' lang='lat' dir='ltr'>lambendo</span> <span class='ocrx_word' id='word_1_45' title='bbox 775 770 825 816; x_wconf 90' lang='lat' dir='ltr'>in</span> <span class='ocrx_word' id='word_1_46' title='bbox 854 767 1077 816; x_wconf 88' lang='lat' dir='ltr'>membra</span> <span class='ocrx_word' id='word_1_47' title='bbox 1102 766 1355 830; x_wconf 87' lang='lat' dir='ltr'>conponit.</span> <span class='ocrx_word' id='word_1_48' title='bbox 1428 767 1576 815; x_wconf 84' lang='lat' dir='ltr'>Vnde</span> <span class='ocrx_word' id='word_1_49' title='bbox 1602 776 1675 815; x_wconf 89' lang='lat' dir='ltr'>est</span> <span class='ocrx_word' id='word_1_50' title='bbox 1701 768 1821 815; x_wconf 91' lang='lat' dir='ltr'>illud</span> <span class='ocrx_word' id='word_1_51' title='bbox 1842 786 1851 815; x_wconf 80' lang='lat' dir='ltr'>z</span> 
     </span>
    </p>

    <p class='ocr_par' dir='ltr' id='par_1_4' title="bbox 299 850 2127 1160">
     <span class='ocr_line' id='line_1_9' title="bbox 555 850 1791 913; baseline -0.002 -15"><span class='ocrx_word' id='word_1_52' title='bbox 555 851 634 898; x_wconf 87' lang='lat' dir='ltr'>Sic</span> <span class='ocrx_word' id='word_1_53' title='bbox 671 853 849 899; x_wconf 88' lang='lat' dir='ltr'>format</span> <span class='ocrx_word' id='word_1_54' title='bbox 884 850 1052 913; x_wconf 90' lang='lat' dir='ltr'>lingua</span> <span class='ocrx_word' id='word_1_55' title='bbox 1088 852 1242 898; x_wconf 92' lang='lat' dir='ltr'>fetum</span> <span class='ocrx_word' id='word_1_56' title='bbox 1278 866 1392 897; x_wconf 91' lang='lat' dir='ltr'>cum</span> <span class='ocrx_word' id='word_1_57' title='bbox 1429 850 1631 911; x_wconf 87' lang='lat' dir='ltr'>protulit</span> <span class='ocrx_word' id='word_1_58' title='bbox 1667 865 1791 897; x_wconf 86' lang='lat' dir='ltr'>ursa.</span> 
     </span>
     <span class='ocr_line' id='line_1_10' title="bbox 299 929 2049 995; baseline -0.001 -14"><span class='ocrx_word' id='word_1_59' title='bbox 299 935 397 982; x_wconf 89' lang='lat' dir='ltr'>Sed</span> <span class='ocrx_word' id='word_1_60' title='bbox 419 935 514 981; x_wconf 86' lang='lat' dir='ltr'>hoc</span> <span class='ocrx_word' id='word_1_61' title='bbox 534 932 841 981; x_wconf 78' lang='lat' dir='ltr'>inmaturitas</span> <span class='ocrx_word' id='word_1_62' title='bbox 861 941 1028 995; x_wconf 91' lang='lat' dir='ltr'>partus</span> <span class='ocrx_word' id='word_1_63' title='bbox 1049 933 1165 980; x_wconf 87' lang='lat' dir='ltr'>facit</span> <span class='ocrx_word' id='word_1_64' title='bbox 1185 950 1194 979; x_wconf 88' lang='lat'><strong>:</strong></span> <span class='ocrx_word' id='word_1_65' title='bbox 1232 930 1450 993; x_wconf 85' lang='lat' dir='ltr'>denique</span> <span class='ocrx_word' id='word_1_66' title='bbox 1469 929 1716 979; x_wconf 89' lang='lat' dir='ltr'>tricesimo</span> <span class='ocrx_word' id='word_1_67' title='bbox 1737 930 1818 980; x_wconf 87' lang='lat' dir='ltr'>die</span> <span class='ocrx_word' id='word_1_68' title='bbox 1836 941 2049 994; x_wconf 90' lang='lat' dir='ltr'>generat.</span> 
     </span>
     <span class='ocr_line' id='line_1_11' title="bbox 302 1011 2127 1077; baseline -0.002 -15"><span class='ocrx_word' id='word_1_69' title='bbox 302 1017 446 1064; x_wconf 85' lang='lat' dir='ltr'>Vnde</span> <span class='ocrx_word' id='word_1_70' title='bbox 466 1014 628 1064; x_wconf 88' lang='lat' dir='ltr'>evenit</span> <span class='ocrx_word' id='word_1_71' title='bbox 649 1024 701 1063; x_wconf 90' lang='lat' dir='ltr'>ut</span> <span class='ocrx_word' id='word_1_72' title='bbox 722 1014 1041 1077; x_wconf 89' lang='lat' dir='ltr'>praecipitata</span> <span class='ocrx_word' id='word_1_73' title='bbox 1059 1012 1336 1062; x_wconf 76' lang='lat' dir='ltr'>fecunditas</span> <span class='ocrx_word' id='word_1_74' title='bbox 1361 1011 1593 1061; x_wconf 86' lang='lat' dir='ltr'>informes</span> <span class='ocrx_word' id='word_1_75' title='bbox 1619 1022 1856 1075; x_wconf 88' lang='lat' dir='ltr'>procreet.</span> <span class='ocrx_word' id='word_1_76' title='bbox 1906 1016 2051 1063; x_wconf 93' lang='lat' dir='ltr'>Vrso-</span> <span class='ocrx_word' id='word_1_77' title='bbox 2078 1030 2127 1058; x_wconf 91' lang='lat'>10</span> 
     </span>
     <span class='ocr_line' id='line_1_12' title="bbox 299 1094 2050 1160; baseline 0 -15"><span class='ocrx_word' id='word_1_78' title='bbox 299 1115 406 1146; x_wconf 92' lang='lat' dir='ltr'>rum</span> <span class='ocrx_word' id='word_1_79' title='bbox 433 1107 581 1160; x_wconf 89' lang='lat' dir='ltr'>caput</span> <span class='ocrx_word' id='word_1_80' title='bbox 606 1097 877 1145; x_wconf 86' lang='lat' dir='ltr'>invalidum</span> <span class='ocrx_word' id='word_1_81' title='bbox 899 1116 911 1157; x_wconf 79' lang='lat'><em>3</em></span> <span class='ocrx_word' id='word_1_82' title='bbox 946 1096 1017 1145; x_wconf 90' lang='lat' dir='ltr'>vis</span> <span class='ocrx_word' id='word_1_83' title='bbox 1045 1095 1257 1144; x_wconf 76' lang='lat' dir='ltr'>maxima</span> <span class='ocrx_word' id='word_1_84' title='bbox 1283 1094 1333 1142; x_wconf 92' lang='lat' dir='ltr'>in</span> <span class='ocrx_word' id='word_1_85' title='bbox 1360 1095 1570 1143; x_wconf 89' lang='lat' dir='ltr'>brachiis</span> <span class='ocrx_word' id='word_1_86' title='bbox 1595 1104 1644 1143; x_wconf 95' lang='lat' dir='ltr'>et</span> <span class='ocrx_word' id='word_1_87' title='bbox 1668 1094 1879 1156; x_wconf 77' lang='lat' dir='ltr'>lumbi83</span> <span class='ocrx_word' id='word_1_88' title='bbox 1916 1098 2050 1146; x_wconf 91' lang='lat' dir='ltr'>unde</span> 
     </span>
    </p>

    <p class='ocr_par' dir='ltr' id='par_1_5' title="bbox 208 1174 2117 1569">
     <span class='ocr_line' id='line_1_13' title="bbox 208 1174 2047 1240; baseline 0 -14"><span class='ocrx_word' id='word_1_89' title='bbox 208 1187 272 1235; x_wconf 87' lang='grc'>23</span> <span class='ocrx_word' id='word_1_90' title='bbox 298 1179 544 1228; x_wconf 88' lang='lat' dir='ltr'>interdum</span> <span class='ocrx_word' id='word_1_91' title='bbox 567 1177 714 1227; x_wconf 89' lang='lat' dir='ltr'>erecti</span> <span class='ocrx_word' id='word_1_92' title='bbox 735 1178 980 1226; x_wconf 88' lang='lat' dir='ltr'>insistunt.</span> <span class='ocrx_word' id='word_1_93' title='bbox 1039 1179 1209 1240; x_wconf 90' lang='lat' dir='ltr'>Lupus</span> <span class='ocrx_word' id='word_1_94' title='bbox 1231 1178 1421 1225; x_wconf 87' lang='lat' dir='ltr'>Graeca</span> <span class='ocrx_word' id='word_1_95' title='bbox 1439 1175 1742 1224; x_wconf 87' lang='lat' dir='ltr'>derivatione</span> <span class='ocrx_word' id='word_1_96' title='bbox 1762 1174 1811 1223; x_wconf 90' lang='lat' dir='ltr'>in</span> <span class='ocrx_word' id='word_1_97' title='bbox 1830 1178 2047 1239; x_wconf 84' lang='lat' dir='ltr'>linguam</span> 
     </span>
     <span class='ocr_line' id='line_1_14' title="bbox 293 1258 2045 1322; baseline -0.001 -13"><span class='ocrx_word' id='word_1_98' title='bbox 293 1270 511 1309; x_wconf 88' lang='lat' dir='ltr'>nostram</span> <span class='ocrx_word' id='word_1_99' title='bbox 533 1262 831 1309; x_wconf 89' lang='lat' dir='ltr'>transfertur.</span> <span class='ocrx_word' id='word_1_100' title='bbox 886 1262 1056 1322; x_wconf 92' lang='lat' dir='ltr'>Lupos</span> <span class='ocrx_word' id='word_1_101' title='bbox 1077 1259 1209 1307; x_wconf 88' lang='lat' dir='ltr'>enim</span> <span class='ocrx_word' id='word_1_102' title='bbox 1227 1258 1293 1306; x_wconf 90' lang='lat' dir='ltr'>illi</span> <span class='ocrx_word' id='word_1_103' title='bbox 1312 1260 1479 1310; x_wconf 86' lang='grc' dir='ltr'>λύκους</span> <span class='ocrx_word' id='word_1_104' title='bbox 1494 1259 1689 1307; x_wconf 90' lang='lat' dir='ltr'>dicunt:</span> <span class='ocrx_word' id='word_1_105' title='bbox 1728 1260 1867 1309; x_wconf 84' lang='grc' dir='ltr'>λύκος</span> <span class='ocrx_word' id='word_1_106' title='bbox 1881 1267 2045 1307; x_wconf 89' lang='lat' dir='ltr'>autem</span> 
     </span>
     <span class='ocr_line' id='line_1_15' title="bbox 291 1339 2046 1404; baseline -0.001 -13"><span class='ocrx_word' id='word_1_107' title='bbox 291 1345 481 1392; x_wconf 87' lang='lat' dir='ltr'>Graece</span> <span class='ocrx_word' id='word_1_108' title='bbox 514 1360 542 1390; x_wconf 90' lang='lat' dir='ltr'>a</span> <span class='ocrx_word' id='word_1_109' title='bbox 576 1342 796 1390; x_wconf 88' lang='lat' dir='ltr'>moribus</span> <span class='ocrx_word' id='word_1_110' title='bbox 830 1343 1116 1404; x_wconf 89' lang='lat' dir='ltr'>appellatur,</span> <span class='ocrx_word' id='word_1_111' title='bbox 1147 1342 1284 1403; x_wconf 86' lang='lat' dir='ltr'>quod</span> <span class='ocrx_word' id='word_1_112' title='bbox 1317 1341 1451 1388; x_wconf 87' lang='lat' dir='ltr'>rabie</span> <span class='ocrx_word' id='word_1_113' title='bbox 1488 1339 1764 1402; x_wconf 86' lang='lat' dir='ltr'>rapacitatis</span> <span class='ocrx_word' id='word_1_114' title='bbox 1791 1356 2046 1403; x_wconf 84' lang='lat' dir='ltr'>quaequae</span> 
     </span>
     <span class='ocr_line' id='line_1_16' title="bbox 292 1422 2117 1486; baseline -0.001 -14"><span class='ocrx_word' id='word_1_115' title='bbox 292 1424 533 1474; x_wconf 86' lang='lat' dir='ltr'>invenerit</span> <span class='ocrx_word' id='word_1_116' title='bbox 558 1424 783 1473; x_wconf 88' lang='lat' dir='ltr'>trucidet.</span> <span class='ocrx_word' id='word_1_117' title='bbox 856 1423 955 1471; x_wconf 91' lang='lat' dir='ltr'>Alii</span> <span class='ocrx_word' id='word_1_118' title='bbox 981 1425 1125 1486; x_wconf 92' lang='lat' dir='ltr'>lupos</span> <span class='ocrx_word' id='word_1_119' title='bbox 1151 1432 1352 1471; x_wconf 89' lang='lat' dir='ltr'>vocatos</span> <span class='ocrx_word' id='word_1_120' title='bbox 1376 1422 1514 1470; x_wconf 90' lang='lat' dir='ltr'>aiunt</span> <span class='ocrx_word' id='word_1_121' title='bbox 1539 1422 1677 1485; x_wconf 85' lang='lat' dir='ltr'>quasi</span> <span class='ocrx_word' id='word_1_122' title='bbox 1702 1424 1891 1486; x_wconf 81' lang='lat' dir='ltr'>leopos,</span> <span class='ocrx_word' id='word_1_123' title='bbox 1909 1425 2043 1486; x_wconf 87' lang='lat' dir='ltr'>quod</span> <span class='ocrx_word' id='word_1_124' title='bbox 2074 1444 2117 1484; x_wconf 79' lang='lat'>15</span> 
     </span>
     <span class='ocr_line' id='line_1_17' title="bbox 295 1503 2044 1569; baseline 0 -15"><span class='ocrx_word' id='word_1_125' title='bbox 295 1508 434 1569; x_wconf 85' lang='lat' dir='ltr'>quasi</span> <span class='ocrx_word' id='word_1_126' title='bbox 461 1505 631 1564; x_wconf 89' lang='lat' dir='ltr'>leonis,</span> <span class='ocrx_word' id='word_1_127' title='bbox 656 1505 723 1553; x_wconf 89' lang='lat' dir='ltr'>ita</span> <span class='ocrx_word' id='word_1_128' title='bbox 741 1506 801 1553; x_wconf 92' lang='lat' dir='ltr'>sit</span> <span class='ocrx_word' id='word_1_129' title='bbox 822 1504 889 1552; x_wconf 88' lang='lat' dir='ltr'>illi</span> <span class='ocrx_word' id='word_1_130' title='bbox 910 1503 1059 1552; x_wconf 88' lang='lat' dir='ltr'>virtus</span> <span class='ocrx_word' id='word_1_131' title='bbox 1081 1504 1130 1551; x_wconf 91' lang='lat' dir='ltr'>in</span> <span class='ocrx_word' id='word_1_132' title='bbox 1151 1504 1363 1567; x_wconf 86' lang='lat' dir='ltr'>pedibus</span> <span class='ocrx_word' id='word_1_133' title='bbox 1381 1523 1394 1565; x_wconf 80' lang='lat'>3</span> <span class='ocrx_word' id='word_1_134' title='bbox 1430 1505 1563 1553; x_wconf 91' lang='lat' dir='ltr'>unde</span> <span class='ocrx_word' id='word_1_135' title='bbox 1583 1513 1630 1553; x_wconf 93' lang='lat' dir='ltr'>et</span> <span class='ocrx_word' id='word_1_136' title='bbox 1649 1504 1892 1567; x_wconf 87' lang='lat' dir='ltr'>quidquid</span> <span class='ocrx_word' id='word_1_137' title='bbox 1917 1507 2044 1568; x_wconf 91' lang='lat' dir='ltr'>pede</span> 
     </span>
    </p>

    <p class='ocr_par' dir='ltr' id='par_1_6' title="bbox 205 1585 2116 2139">
     <span class='ocr_line' id='line_1_18' title="bbox 205 1585 2044 1651; baseline -0.001 -14"><span class='ocrx_word' id='word_1_138' title='bbox 205 1601 270 1648; x_wconf 86' lang='lat'>24</span> <span class='ocrx_word' id='word_1_139' title='bbox 295 1587 523 1651; x_wconf 89' lang='lat' dir='ltr'>presserit</span> <span class='ocrx_word' id='word_1_140' title='bbox 543 1603 645 1635; x_wconf 91' lang='lat' dir='ltr'>non</span> <span class='ocrx_word' id='word_1_141' title='bbox 663 1586 793 1635; x_wconf 90' lang='lat' dir='ltr'>vivit.</span> <span class='ocrx_word' id='word_1_142' title='bbox 858 1588 1032 1649; x_wconf 86' lang='lat' dir='ltr'>Rapax</span> <span class='ocrx_word' id='word_1_143' title='bbox 1051 1595 1218 1634; x_wconf 89' lang='lat' dir='ltr'>autem</span> <span class='ocrx_word' id='word_1_144' title='bbox 1236 1585 1393 1635; x_wconf 91' lang='lat' dir='ltr'>bestia</span> <span class='ocrx_word' id='word_1_145' title='bbox 1410 1594 1456 1634; x_wconf 94' lang='lat' dir='ltr'>et</span> <span class='ocrx_word' id='word_1_146' title='bbox 1473 1587 1656 1634; x_wconf 87' lang='lat' dir='ltr'>cruoris</span> <span class='ocrx_word' id='word_1_147' title='bbox 1675 1595 1913 1649; x_wconf 90' lang='lat' dir='ltr'>appetens</span> <span class='ocrx_word' id='word_1_148' title='bbox 1932 1605 1945 1647; x_wconf 78' lang='lat'><em>3</em></span> <span class='ocrx_word' id='word_1_149' title='bbox 1981 1588 2044 1635; x_wconf 91' lang='lat' dir='ltr'>de</span> 
     </span>
     <span class='ocr_line' id='line_1_19' title="bbox 294 1667 2045 1734; baseline -0.001 -15"><span class='ocrx_word' id='word_1_150' title='bbox 294 1687 394 1734; x_wconf 88' lang='lat' dir='ltr'>quo</span> <span class='ocrx_word' id='word_1_151' title='bbox 428 1669 595 1718; x_wconf 91' lang='lat' dir='ltr'>rustici</span> <span class='ocrx_word' id='word_1_152' title='bbox 629 1668 766 1717; x_wconf 87' lang='lat' dir='ltr'>aiunt</span> <span class='ocrx_word' id='word_1_153' title='bbox 791 1683 965 1716; x_wconf 90' lang='lat' dir='ltr'>vocem</span> <span class='ocrx_word' id='word_1_154' title='bbox 999 1668 1255 1716; x_wconf 91' lang='lat' dir='ltr'>hominem</span> <span class='ocrx_word' id='word_1_155' title='bbox 1286 1668 1504 1730; x_wconf 90' lang='lat' dir='ltr'>perdere,</span> <span class='ocrx_word' id='word_1_156' title='bbox 1530 1667 1569 1715; x_wconf 91' lang='lat' dir='ltr'>si</span> <span class='ocrx_word' id='word_1_157' title='bbox 1603 1684 1716 1716; x_wconf 91' lang='lat' dir='ltr'>eum</span> <span class='ocrx_word' id='word_1_158' title='bbox 1741 1669 1885 1731; x_wconf 92' lang='lat' dir='ltr'>lupus</span> <span class='ocrx_word' id='word_1_159' title='bbox 1915 1670 2045 1731; x_wconf 89' lang='lat' dir='ltr'>prior</span> 
     </span>
     <span class='ocr_line' id='line_1_20' title="bbox 292 1748 2043 1812; baseline 0 -11"><span class='ocrx_word' id='word_1_160' title='bbox 292 1752 481 1801; x_wconf 85' lang='lat' dir='ltr'>viderit.</span> <span class='ocrx_word' id='word_1_161' title='bbox 531 1752 679 1799; x_wconf 92' lang='lat' dir='ltr'>Vnde</span> <span class='ocrx_word' id='word_1_162' title='bbox 697 1760 743 1799; x_wconf 93' lang='lat' dir='ltr'>et</span> <span class='ocrx_word' id='word_1_163' title='bbox 760 1749 925 1798; x_wconf 90' lang='lat' dir='ltr'>subito</span> <span class='ocrx_word' id='word_1_164' title='bbox 941 1748 1121 1797; x_wconf 90' lang='lat' dir='ltr'>tacenti</span> <span class='ocrx_word' id='word_1_165' title='bbox 1140 1748 1336 1797; x_wconf 91' lang='lat' dir='ltr'>dicitur:</span> <span class='ocrx_word' id='word_1_166' title='bbox 1374 1751 1562 1812; x_wconf 89' lang='lat' dir='ltr'>‘Lupus</span> <span class='ocrx_word' id='word_1_167' title='bbox 1579 1750 1628 1797; x_wconf 92' lang='lat' dir='ltr'>in</span> <span class='ocrx_word' id='word_1_168' title='bbox 1646 1750 1840 1798; x_wconf 64' lang='lat' dir='ltr'>fabula!</span> <span class='ocrx_word' id='word_1_169' title='bbox 1898 1751 2043 1801; x_wconf 89' lang='lat' dir='ltr'>Certe</span> 
     </span>
     <span class='ocr_line' id='line_1_21' title="bbox 292 1830 2116 1896; baseline -0.001 -13"><span class='ocrx_word' id='word_1_170' title='bbox 292 1834 330 1883; x_wconf 92' lang='lat' dir='ltr'>si</span> <span class='ocrx_word' id='word_1_171' title='bbox 357 1851 409 1883; x_wconf 89' lang='lat' dir='ltr'>se</span> <span class='ocrx_word' id='word_1_172' title='bbox 434 1832 711 1896; x_wconf 87' lang='lat' dir='ltr'>praevisum</span> <span class='ocrx_word' id='word_1_173' title='bbox 733 1830 951 1890; x_wconf 89' lang='lat' dir='ltr'>senserit,</span> <span class='ocrx_word' id='word_1_174' title='bbox 981 1831 1186 1893; x_wconf 88' lang='lat' dir='ltr'>deponit</span> <span class='ocrx_word' id='word_1_175' title='bbox 1211 1830 1411 1879; x_wconf 90' lang='lat' dir='ltr'>feritatis</span> <span class='ocrx_word' id='word_1_176' title='bbox 1435 1830 1707 1879; x_wconf 89' lang='lat' dir='ltr'>audaciam.</span> <span class='ocrx_word' id='word_1_177' title='bbox 1783 1833 1910 1893; x_wconf 90' lang='lat' dir='ltr'>Lupi</span> <span class='ocrx_word' id='word_1_178' title='bbox 1934 1840 2039 1880; x_wconf 90' lang='lat' dir='ltr'>toto</span> <span class='ocrx_word' id='word_1_179' title='bbox 2065 1853 2116 1882; x_wconf 81' lang='lat'>20</span> 
     </span>
     <span class='ocr_line' id='line_1_22' title="bbox 290 1911 2041 1978; baseline -0.002 -12"><span class='ocrx_word' id='word_1_180' title='bbox 290 1934 423 1967; x_wconf 90' lang='lat' dir='ltr'>anno</span> <span class='ocrx_word' id='word_1_181' title='bbox 456 1933 559 1965; x_wconf 92' lang='lat' dir='ltr'>non</span> <span class='ocrx_word' id='word_1_182' title='bbox 592 1914 804 1978; x_wconf 88' lang='lat' dir='ltr'>amplius</span> <span class='ocrx_word' id='word_1_183' title='bbox 830 1915 935 1963; x_wconf 89' lang='lat' dir='ltr'>dies</span> <span class='ocrx_word' id='word_1_184' title='bbox 962 1911 1229 1961; x_wconf 86' lang='lat' dir='ltr'>duodecim</span> <span class='ocrx_word' id='word_1_185' title='bbox 1263 1921 1476 1972; x_wconf 86' lang='lat' dir='ltr'>coeunt;</span> <span class='ocrx_word' id='word_1_186' title='bbox 1510 1914 1692 1961; x_wconf 88' lang='lat' dir='ltr'>famem</span> <span class='ocrx_word' id='word_1_187' title='bbox 1718 1911 1803 1960; x_wconf 91' lang='lat' dir='ltr'>diu</span> <span class='ocrx_word' id='word_1_188' title='bbox 1827 1922 2041 1975; x_wconf 88' lang='lat' dir='ltr'>portant,</span> 
     </span>
     <span class='ocr_line' id='line_1_23' title="bbox 290 1993 2042 2064; baseline -0.003 -14"><span class='ocrx_word' id='word_1_189' title='bbox 290 2012 337 2050; x_wconf 88' lang='lat' dir='ltr'>et</span> <span class='ocrx_word' id='word_1_190' title='bbox 358 2010 469 2064; x_wconf 90' lang='lat' dir='ltr'>post</span> <span class='ocrx_word' id='word_1_191' title='bbox 489 2002 638 2062; x_wconf 88' lang='lat' dir='ltr'>longa</span> <span class='ocrx_word' id='word_1_192' title='bbox 661 1996 843 2047; x_wconf 87' lang='lat' dir='ltr'>ieiunia</span> <span class='ocrx_word' id='word_1_193' title='bbox 867 1997 1079 2043; x_wconf 87' lang='lat' dir='ltr'>multum</span> <span class='ocrx_word' id='word_1_194' title='bbox 1100 1996 1352 2044; x_wconf 90' lang='lat' dir='ltr'>devorant.</span> <span class='ocrx_word' id='word_1_195' title='bbox 1415 1996 1583 2057; x_wconf 91' lang='lat' dir='ltr'>Lupos</span> <span class='ocrx_word' id='word_1_196' title='bbox 1603 1993 1870 2057; x_wconf 87' lang='lat' dir='ltr'>Aethiopia</span> <span class='ocrx_word' id='word_1_197' title='bbox 1893 1994 2042 2044; x_wconf 85' lang='lat' dir='ltr'>mittit</span> 
     </span>
     <span class='ocr_line' id='line_1_24' title="bbox 290 2075 2041 2139; baseline -0.003 -8"><span class='ocrx_word' id='word_1_198' title='bbox 290 2082 479 2131; x_wconf 90' lang='lat' dir='ltr'>cervice</span> <span class='ocrx_word' id='word_1_199' title='bbox 512 2081 721 2139; x_wconf 83' lang='lat' dir='ltr'>iubatOS‚</span> <span class='ocrx_word' id='word_1_200' title='bbox 750 2088 798 2128; x_wconf 93' lang='lat' dir='ltr'>et</span> <span class='ocrx_word' id='word_1_201' title='bbox 831 2086 969 2126; x_wconf 90' lang='lat' dir='ltr'>tanto</span> <span class='ocrx_word' id='word_1_202' title='bbox 994 2077 1151 2125; x_wconf 89' lang='lat' dir='ltr'>varios</span> <span class='ocrx_word' id='word_1_203' title='bbox 1184 2085 1237 2124; x_wconf 92' lang='lat' dir='ltr'>ut</span> <span class='ocrx_word' id='word_1_204' title='bbox 1267 2078 1459 2124; x_wconf 90' lang='lat' dir='ltr'>nullum</span> <span class='ocrx_word' id='word_1_205' title='bbox 1493 2077 1707 2124; x_wconf 89' lang='lat' dir='ltr'>colorem</span> <span class='ocrx_word' id='word_1_206' title='bbox 1742 2075 1835 2125; x_wconf 91' lang='lat' dir='ltr'>illis</span> <span class='ocrx_word' id='word_1_207' title='bbox 1868 2076 2041 2126; x_wconf 90' lang='lat' dir='ltr'>abesse</span> 
     </span>
    </p>

    <p class='ocr_par' dir='ltr' id='par_1_7' title="bbox 205 2148 2108 2470">
     <span class='ocr_line' id='line_1_25' title="bbox 205 2148 2039 2232; baseline -0.003 -19"><span class='ocrx_word' id='word_1_208' title='bbox 205 2183 269 2232; x_wconf 86' lang='lat'>25</span> <span class='ocrx_word' id='word_1_209' title='bbox 293 2165 475 2213; x_wconf 90' lang='lat' dir='ltr'>dicant.</span> <span class='ocrx_word' id='word_1_210' title='bbox 550 2161 700 2212; x_wconf 89' lang='lat' dir='ltr'>Canis</span> <span class='ocrx_word' id='word_1_211' title='bbox 734 2176 917 2208; x_wconf 90' lang='lat' dir='ltr'>nomen</span> <span class='ocrx_word' id='word_1_212' title='bbox 945 2158 1177 2207; x_wconf 88' lang='lat' dir='ltr'>Latinum</span> <span class='ocrx_word' id='word_1_213' title='bbox 1205 2148 1454 2207; x_wconf 80' lang='lat' dir='ltr'>Graecam</span> <span class='ocrx_word' id='word_1_214' title='bbox 1479 2159 1826 2221; x_wconf 84' lang='lat' dir='ltr'>etymologiam</span> <span class='ocrx_word' id='word_1_215' title='bbox 1858 2157 2039 2207; x_wconf 88' lang='lat' dir='ltr'>habere</span> 
     </span>
     <span class='ocr_line' id='line_1_26' title="bbox 293 2238 2108 2306; baseline -0.003 -11"><span class='ocrx_word' id='word_1_216' title='bbox 293 2247 483 2295; x_wconf 91' lang='lat' dir='ltr'>videtur</span> <span class='ocrx_word' id='word_1_217' title='bbox 501 2264 514 2306; x_wconf 79' lang='lat'><em>3</em></span> <span class='ocrx_word' id='word_1_218' title='bbox 551 2244 740 2293; x_wconf 89' lang='lat' dir='ltr'>Graece</span> <span class='ocrx_word' id='word_1_219' title='bbox 766 2241 897 2290; x_wconf 91' lang='lat' dir='ltr'>enim</span> <span class='ocrx_word' id='word_1_220' title='bbox 917 2243 1034 2290; x_wconf 82' lang='grc' dir='ltr'>κύων</span> <span class='ocrx_word' id='word_1_221' title='bbox 1051 2239 1243 2289; x_wconf 89' lang='lat' dir='ltr'>dicitur.</span> <span class='ocrx_word' id='word_1_222' title='bbox 1299 2239 1438 2288; x_wconf 88' lang='lat' dir='ltr'>Licet</span> <span class='ocrx_word' id='word_1_223' title='bbox 1457 2255 1570 2287; x_wconf 91' lang='lat' dir='ltr'>eum</span> <span class='ocrx_word' id='word_1_224' title='bbox 1588 2238 1790 2301; x_wconf 89' lang='lat' dir='ltr'>quidam</span> <span class='ocrx_word' id='word_1_225' title='bbox 1810 2256 1839 2287; x_wconf 90' lang='lat' dir='ltr'>a</span> <span class='ocrx_word' id='word_1_226' title='bbox 1858 2256 2037 2288; x_wconf 87' lang='lat' dir='ltr'>canore</span> <span class='ocrx_word' id='word_1_227' title='bbox 2062 2258 2108 2303; x_wconf 79' lang='lat'>25</span> 
     </span>
     <span class='ocr_line' id='line_1_27' title="bbox 289 2321 2032 2389; baseline -0.003 -12"><span class='ocrx_word' id='word_1_228' title='bbox 289 2331 489 2377; x_wconf 88' lang='lat' dir='ltr'>latratus</span> <span class='ocrx_word' id='word_1_229' title='bbox 509 2327 808 2389; x_wconf 86' lang='lat' dir='ltr'>appellatum</span> <span class='ocrx_word' id='word_1_230' title='bbox 829 2323 1121 2382; x_wconf 86' lang='lat' dir='ltr'>existiment,</span> <span class='ocrx_word' id='word_1_231' title='bbox 1141 2339 1202 2371; x_wconf 94' lang='lat' dir='ltr'>eo</span> <span class='ocrx_word' id='word_1_232' title='bbox 1218 2323 1355 2385; x_wconf 86' lang='lat' dir='ltr'>quod</span> <span class='ocrx_word' id='word_1_233' title='bbox 1374 2321 1594 2382; x_wconf 79' lang='lat' dir='ltr'>insonat3</span> <span class='ocrx_word' id='word_1_234' title='bbox 1631 2322 1764 2370; x_wconf 89' lang='lat' dir='ltr'>unde</span> <span class='ocrx_word' id='word_1_235' title='bbox 1780 2330 1828 2370; x_wconf 94' lang='lat' dir='ltr'>et</span> <span class='ocrx_word' id='word_1_236' title='bbox 1844 2339 2032 2372; x_wconf 88' lang='lat' dir='ltr'>canere.</span> 
     </span>
     <span class='ocr_line' id='line_1_28' title="bbox 290 2403 2034 2470; baseline -0.003 -12"><span class='ocrx_word' id='word_1_237' title='bbox 290 2411 426 2459; x_wconf 91' lang='lat' dir='ltr'>Nihil</span> <span class='ocrx_word' id='word_1_238' title='bbox 452 2418 616 2457; x_wconf 90' lang='lat' dir='ltr'>autem</span> <span class='ocrx_word' id='word_1_239' title='bbox 645 2406 865 2470; x_wconf 86' lang='lat' dir='ltr'>sagacius</span> <span class='ocrx_word' id='word_1_240' title='bbox 892 2405 1129 2466; x_wconf 88' lang='lat' dir='ltr'>canibus;</span> <span class='ocrx_word' id='word_1_241' title='bbox 1165 2406 1273 2468; x_wconf 91' lang='lat' dir='ltr'>plus</span> <span class='ocrx_word' id='word_1_242' title='bbox 1299 2403 1430 2452; x_wconf 91' lang='lat' dir='ltr'>enim</span> <span class='ocrx_word' id='word_1_243' title='bbox 1458 2419 1629 2452; x_wconf 92' lang='lat' dir='ltr'>sensus</span> <span class='ocrx_word' id='word_1_244' title='bbox 1654 2405 1827 2452; x_wconf 89' lang='lat' dir='ltr'>ceteris</span> <span class='ocrx_word' id='word_1_245' title='bbox 1852 2404 2034 2453; x_wconf 88' lang='lat' dir='ltr'>anima-</span> 
     </span>
    </p>
   </div>
   <div class='ocr_carea' id='block_1_3' title="bbox 287 2533 2032 2810">
    <p class='ocr_par' dir='ltr' id='par_1_8' title="bbox 287 2533 2032 2810">
     <span class='ocr_line' id='line_1_29' title="bbox 341 2533 2032 2590; baseline -0.002 -10"><span class='ocrx_word' id='word_1_246' title='bbox 341 2555 365 2580; x_wconf 91' lang='lat'><em>2</em></span> <span class='ocrx_word' id='word_1_247' title='bbox 395 2540 570 2590; x_wconf 87' lang='lat' dir='ltr'>capiens</span> <span class='ocrx_word' id='word_1_248' title='bbox 589 2537 636 2576; x_wconf 78' lang='lat' dir='ltr'>C¹</span> <span class='ocrx_word' id='word_1_249' title='bbox 747 2550 772 2586; x_wconf 86' lang='lat'><strong>3</strong></span> <span class='ocrx_word' id='word_1_250' title='bbox 802 2535 983 2575; x_wconf 85' lang='lat' dir='ltr'>testiculi</span> <span class='ocrx_word' id='word_1_251' title='bbox 1000 2550 1079 2576; x_wconf 84' lang='lat' dir='ltr'>om.</span> <span class='ocrx_word' id='word_1_252' title='bbox 1098 2535 1143 2573; x_wconf 90' lang='lat' dir='ltr'><em>K</em></span> <span class='ocrx_word' id='word_1_253' title='bbox 1250 2549 1274 2584; x_wconf 90' lang='lat'><strong>4</strong></span> <span class='ocrx_word' id='word_1_254' title='bbox 1305 2534 1427 2573; x_wconf 90' lang='lat' dir='ltr'>etiam</span> <span class='ocrx_word' id='word_1_255' title='bbox 1451 2541 1492 2573; x_wconf 88' lang='lat' dir='ltr'>et</span> <span class='ocrx_word' id='word_1_256' title='bbox 1510 2535 1629 2574; x_wconf 87' lang='lat' dir='ltr'>Pont.</span> <span class='ocrx_word' id='word_1_257' title='bbox 1653 2533 1688 2572; x_wconf 90' lang='lat' dir='ltr'>C</span> <span class='ocrx_word' id='word_1_258' title='bbox 1793 2546 1818 2584; x_wconf 87' lang='grc'>5</span> <span class='ocrx_word' id='word_1_259' title='bbox 1847 2548 1947 2575; x_wconf 86' lang='lat' dir='ltr'>suos</span> <span class='ocrx_word' id='word_1_260' title='bbox 1962 2536 2003 2574; x_wconf 88' lang='grc' dir='ltr'><em>Β</em></span> <span class='ocrx_word' id='word_1_261' title='bbox 2023 2552 2032 2576; x_wconf 89' lang='lat'><strong>:</strong></span> 
     </span>
     <span class='ocr_line' id='line_1_30' title="bbox 287 2588 2030 2643; baseline -0.003 -8"><span class='ocrx_word' id='word_1_262' title='bbox 287 2610 370 2635; x_wconf 83' lang='lat' dir='ltr'>om.</span> <span class='ocrx_word' id='word_1_263' title='bbox 398 2596 436 2634; x_wconf 91' lang='lat' dir='ltr'><em>T</em></span> <span class='ocrx_word' id='word_1_264' title='bbox 541 2596 567 2631; x_wconf 90' lang='lat'><strong>6</strong></span> <span class='ocrx_word' id='word_1_265' title='bbox 598 2605 726 2631; x_wconf 88' lang='lat' dir='ltr'>carne</span> <span class='ocrx_word' id='word_1_266' title='bbox 748 2592 925 2641; x_wconf 89' lang='lat' dir='ltr'>quadarn</span> <span class='ocrx_word' id='word_1_267' title='bbox 942 2592 989 2629; x_wconf 88' lang='lat' dir='ltr'><em>K</em></span> <span class='ocrx_word' id='word_1_268' title='bbox 1099 2603 1148 2629; x_wconf 90' lang='lat'>10</span> <span class='ocrx_word' id='word_1_269' title='bbox 1177 2589 1366 2628; x_wconf 85' lang='lat' dir='ltr'>informis</span> <span class='ocrx_word' id='word_1_270' title='bbox 1383 2595 1630 2640; x_wconf 84' lang='lat' dir='ltr'>procreetur</span> <span class='ocrx_word' id='word_1_271' title='bbox 1647 2588 1787 2627; x_wconf 80' lang='lat' dir='ltr'>BKC2</span> <span class='ocrx_word' id='word_1_272' title='bbox 1810 2590 1939 2641; x_wconf 84' lang='lat' dir='ltr'>(-atur</span> <span class='ocrx_word' id='word_1_273' title='bbox 1961 2591 2030 2643; x_wconf 74' lang='lat' dir='ltr'>Cl)</span> 
     </span>
     <span class='ocr_line' id='line_1_31' title="bbox 292 2643 2029 2695; baseline -0.003 -6"><span class='ocrx_word' id='word_1_274' title='bbox 292 2662 337 2690; x_wconf 92' lang='lat'>11</span> <span class='ocrx_word' id='word_1_275' title='bbox 362 2656 404 2689; x_wconf 85' lang='lat' dir='ltr'>et</span> <span class='ocrx_word' id='word_1_276' title='bbox 419 2650 462 2687; x_wconf 91' lang='lat' dir='ltr'>in</span> <span class='ocrx_word' id='word_1_277' title='bbox 477 2648 576 2687; x_wconf 91' lang='lat' dir='ltr'>lum.</span> <span class='ocrx_word' id='word_1_278' title='bbox 595 2647 636 2685; x_wconf 94' lang='grc' dir='ltr'><em>Β</em></span> <span class='ocrx_word' id='word_1_279' title='bbox 718 2647 831 2685; x_wconf 88' lang='lat' dir='ltr'>unde</span> <span class='ocrx_word' id='word_1_280' title='bbox 852 2659 934 2685; x_wconf 86' lang='lat' dir='ltr'>om.</span> <span class='ocrx_word' id='word_1_281' title='bbox 959 2645 994 2684; x_wconf 91' lang='lat' dir='ltr'>C</span> <span class='ocrx_word' id='word_1_282' title='bbox 1103 2658 1151 2683; x_wconf 89' lang='lat'>12</span> <span class='ocrx_word' id='word_1_283' title='bbox 1174 2645 1277 2694; x_wconf 90' lang='lat' dir='ltr'>Lup.</span> <span class='ocrx_word' id='word_1_284' title='bbox 1294 2657 1318 2682; x_wconf 91' lang='lat' dir='ltr'>a</span> <span class='ocrx_word' id='word_1_285' title='bbox 1332 2644 1404 2684; x_wconf 87' lang='lat' dir='ltr'>Gr.</span> <span class='ocrx_word' id='word_1_286' title='bbox 1421 2643 1468 2681; x_wconf 92' lang='lat' dir='ltr'><em>K</em></span> <span class='ocrx_word' id='word_1_287' title='bbox 1577 2656 1626 2693; x_wconf 86' lang='lat'>13</span> <span class='ocrx_word' id='word_1_288' title='bbox 1646 2643 1792 2694; x_wconf 88' lang='lat' dir='ltr'>lupum</span> <span class='ocrx_word' id='word_1_289' title='bbox 1808 2674 1816 2684; x_wconf 92' lang='lat'><strong><em>.</em></strong></span> <span class='ocrx_word' id='word_1_290' title='bbox 1833 2675 1842 2685; x_wconf 87' lang='lat'><strong>.</strong></span> <span class='ocrx_word' id='word_1_291' title='bbox 1859 2675 1869 2684; x_wconf 90' lang='lat'><strong><em>.</em></strong></span> <span class='ocrx_word' id='word_1_292' title='bbox 1887 2645 2029 2695; x_wconf 89' lang='lat' dir='ltr'>liquon</span> 
     </span>
     <span class='ocr_line' id='line_1_32' title="bbox 288 2698 2027 2756; baseline -0.003 -12"><span class='ocrx_word' id='word_1_293' title='bbox 288 2707 335 2755; x_wconf 77' lang='lat' dir='ltr'>(i.</span> <span class='ocrx_word' id='word_1_294' title='bbox 345 2719 375 2745; x_wconf 88' lang='lat' dir='ltr'>e.</span> <span class='ocrx_word' id='word_1_295' title='bbox 393 2703 538 2756; x_wconf 78' lang='grc' dir='ltr'>λύκον)</span> <span class='ocrx_word' id='word_1_296' title='bbox 555 2702 600 2740; x_wconf 87' lang='grc' dir='ltr'><em>Κ</em></span> <span class='ocrx_word' id='word_1_297' title='bbox 712 2714 759 2750; x_wconf 90' lang='lat'>14</span> <span class='ocrx_word' id='word_1_298' title='bbox 790 2713 907 2739; x_wconf 90' lang='lat' dir='ltr'>more</span> <span class='ocrx_word' id='word_1_299' title='bbox 924 2701 970 2738; x_wconf 92' lang='lat' dir='ltr'><em>K</em></span> <span class='ocrx_word' id='word_1_300' title='bbox 1077 2699 1315 2750; x_wconf 86' lang='lat' dir='ltr'>appellatus</span> <span class='ocrx_word' id='word_1_301' title='bbox 1329 2699 1428 2748; x_wconf 89' lang='lat' dir='ltr'>quia</span> <span class='ocrx_word' id='word_1_302' title='bbox 1443 2698 1478 2737; x_wconf 84' lang='lat' dir='ltr'>C</span> <span class='ocrx_word' id='word_1_303' title='bbox 1583 2698 1646 2737; x_wconf 83' lang='lat' dir='ltr'>vel</span> <span class='ocrx_word' id='word_1_304' title='bbox 1662 2712 1853 2749; x_wconf 90' lang='lat' dir='ltr'>quaeque</span> <span class='ocrx_word' id='word_1_305' title='bbox 1871 2714 1880 2738; x_wconf 92' lang='lat'>:</span> <span class='ocrx_word' id='word_1_306' title='bbox 1909 2700 2027 2749; x_wconf 92' lang='lat' dir='ltr'>quid-</span> 
     </span>
     <span class='ocr_line' id='line_1_33' title="bbox 288 2752 2027 2810; baseline -0.003 -11"><span class='ocrx_word' id='word_1_307' title='bbox 288 2760 389 2810; x_wconf 89' lang='lat' dir='ltr'>quid</span> <span class='ocrx_word' id='word_1_308' title='bbox 403 2759 448 2797; x_wconf 89' lang='lat' dir='ltr'><em>K</em></span> <span class='ocrx_word' id='word_1_309' title='bbox 559 2768 607 2806; x_wconf 89' lang='lat'>15</span> <span class='ocrx_word' id='word_1_310' title='bbox 629 2756 811 2794; x_wconf 88' lang='lat' dir='ltr'>trucidat</span> <span class='ocrx_word' id='word_1_311' title='bbox 826 2755 872 2792; x_wconf 91' lang='lat' dir='ltr'><em>K</em></span> <span class='ocrx_word' id='word_1_312' title='bbox 877 2755 919 2793; x_wconf 90' lang='lat' dir='ltr'><em>U</em></span> <span class='ocrx_word' id='word_1_313' title='bbox 1021 2754 1139 2793; x_wconf 88' lang='lat' dir='ltr'>aiunt</span> <span class='ocrx_word' id='word_1_314' title='bbox 1153 2767 1235 2794; x_wconf 82' lang='lat' dir='ltr'>om.</span> <span class='ocrx_word' id='word_1_315' title='bbox 1252 2752 1287 2792; x_wconf 91' lang='lat' dir='ltr'>C</span> <span class='ocrx_word' id='word_1_316' title='bbox 1384 2753 1522 2805; x_wconf 88' lang='lat' dir='ltr'>quasi]</span> <span class='ocrx_word' id='word_1_317' title='bbox 1535 2753 1651 2792; x_wconf 90' lang='lat' dir='ltr'>velut</span> <span class='ocrx_word' id='word_1_318' title='bbox 1665 2753 1712 2791; x_wconf 92' lang='lat' dir='ltr'><em>K</em></span> <span class='ocrx_word' id='word_1_319' title='bbox 1822 2756 1872 2792; x_wconf 88' lang='lat'>16</span> <span class='ocrx_word' id='word_1_320' title='bbox 1890 2754 2027 2793; x_wconf 89' lang='lat' dir='ltr'>leonis</span> 
     </span>
    </p>
   </div>
   <div class='ocr_carea' id='block_1_4' title="bbox 284 2806 2176 3286">
    <p class='ocr_par' dir='ltr' id='par_1_9' title="bbox 284 2806 2176 3286">
     <span class='ocr_line' id='line_1_34' title="bbox 287 2806 2027 2862; baseline -0.003 -10"><span class='ocrx_word' id='word_1_321' title='bbox 287 2829 369 2854; x_wconf 82' lang='lat' dir='ltr'>om.</span> <span class='ocrx_word' id='word_1_322' title='bbox 396 2813 446 2854; x_wconf 85' lang='lat' dir='ltr'>Cl</span> <span class='ocrx_word' id='word_1_323' title='bbox 555 2825 621 2862; x_wconf 87' lang='lat' dir='ltr'>pe.</span> <span class='ocrx_word' id='word_1_324' title='bbox 646 2809 731 2861; x_wconf 69' lang='lat' dir='ltr'>pn]</span> <span class='ocrx_word' id='word_1_325' title='bbox 751 2809 1015 2860; x_wconf 87' lang='lat' dir='ltr'>depresserit</span> <span class='ocrx_word' id='word_1_326' title='bbox 1038 2808 1093 2848; x_wconf 90' lang='lat' dir='ltr'>T:</span> <span class='ocrx_word' id='word_1_327' title='bbox 1123 2808 1327 2859; x_wconf 87' lang='lat' dir='ltr'>presserit</span> <span class='ocrx_word' id='word_1_328' title='bbox 1347 2806 1388 2845; x_wconf 92' lang='grc' dir='ltr'><em>Β</em></span> <span class='ocrx_word' id='word_1_329' title='bbox 1556 2821 1602 2857; x_wconf 95' lang='lat'>17</span> <span class='ocrx_word' id='word_1_330' title='bbox 1633 2820 1806 2847; x_wconf 88' lang='lat' dir='ltr'>cruores</span> <span class='ocrx_word' id='word_1_331' title='bbox 1823 2807 1864 2845; x_wconf 94' lang='grc' dir='ltr'><em>Β</em></span> <span class='ocrx_word' id='word_1_332' title='bbox 1974 2809 2027 2847; x_wconf 90' lang='lat' dir='ltr'>de</span> 
     </span>
     <span class='ocr_line' id='line_1_35' title="bbox 286 2861 2176 2919; baseline -0.005 -10"><span class='ocrx_word' id='word_1_333' title='bbox 286 2882 369 2919; x_wconf 90' lang='lat' dir='ltr'>qua</span> <span class='ocrx_word' id='word_1_334' title='bbox 387 2869 534 2908; x_wconf 88' lang='lat' dir='ltr'>bestea</span> <span class='ocrx_word' id='word_1_335' title='bbox 553 2866 607 2906; x_wconf 88' lang='lat' dir='ltr'>ai.</span> <span class='ocrx_word' id='word_1_336' title='bbox 627 2864 673 2904; x_wconf 89' lang='lat' dir='ltr'><em>K</em></span> <span class='ocrx_word' id='word_1_337' title='bbox 821 2865 870 2903; x_wconf 92' lang='lat'>18</span> <span class='ocrx_word' id='word_1_338' title='bbox 898 2864 1114 2902; x_wconf 88' lang='lat' dir='ltr'>hominum</span> <span class='ocrx_word' id='word_1_339' title='bbox 1135 2862 1223 2902; x_wconf 90' lang='lat' dir='ltr'>BT</span> <span class='ocrx_word' id='word_1_340' title='bbox 1372 2875 1421 2912; x_wconf 91' lang='lat'>19</span> <span class='ocrx_word' id='word_1_341' title='bbox 1449 2862 1618 2902; x_wconf 86' lang='lat' dir='ltr'>tacendi</span> <span class='ocrx_word' id='word_1_342' title='bbox 1646 2862 1683 2900; x_wconf 93' lang='lat' dir='ltr'><em>T</em></span> <span class='ocrx_word' id='word_1_343' title='bbox 1786 2861 1968 2901; x_wconf 87' lang='lat' dir='ltr'>fabulam</span> <span class='ocrx_word' id='word_1_344' title='bbox 1994 2863 2032 2902; x_wconf 92' lang='lat' dir='ltr'><em>T</em></span> <span class='ocrx_word' id='word_1_345' title='bbox 2167 2893 2176 2899; x_wconf 81' lang='grc'><em>,</em></span> 
     </span>
     <span class='ocr_line' id='line_1_36' title="bbox 287 2917 2176 2973; baseline -0.004 -10"><span class='ocrx_word' id='word_1_346' title='bbox 287 2937 339 2962; x_wconf 86' lang='lat'>20</span> <span class='ocrx_word' id='word_1_347' title='bbox 369 2936 513 2973; x_wconf 88' lang='lat' dir='ltr'>praev.</span> <span class='ocrx_word' id='word_1_348' title='bbox 536 2920 692 2961; x_wconf 87' lang='lat' dir='ltr'>viderit</span> <span class='ocrx_word' id='word_1_349' title='bbox 714 2918 866 2970; x_wconf 81' lang='lat' dir='ltr'><em>(delet.)</em></span> <span class='ocrx_word' id='word_1_350' title='bbox 889 2932 1002 2958; x_wconf 88' lang='lat' dir='ltr'>sens.</span> <span class='ocrx_word' id='word_1_351' title='bbox 1020 2918 1068 2956; x_wconf 92' lang='lat' dir='ltr'><em>K</em></span> <span class='ocrx_word' id='word_1_352' title='bbox 1193 2917 1372 2957; x_wconf 86' lang='lat' dir='ltr'>feritatis</span> <span class='ocrx_word' id='word_1_353' title='bbox 1393 2930 1442 2956; x_wconf 84' lang='lat' dir='ltr'>ex</span> <span class='ocrx_word' id='word_1_354' title='bbox 1467 2923 1569 2956; x_wconf 88' lang='lat' dir='ltr'>-tem</span> <span class='ocrx_word' id='word_1_355' title='bbox 1596 2917 1642 2954; x_wconf 91' lang='lat' dir='ltr'><em>K</em></span> <span class='ocrx_word' id='word_1_356' title='bbox 1830 2929 1879 2954; x_wconf 85' lang='lat'>21</span> <span class='ocrx_word' id='word_1_357' title='bbox 1914 2929 2024 2967; x_wconf 89' lang='lat' dir='ltr'>amp.</span> <span class='ocrx_word' id='word_1_358' title='bbox 2168 2940 2176 2959; x_wconf 73' lang='grc' dir='ltr'><strong><em>ς</em></strong></span> 
     </span>
     <span class='ocr_line' id='line_1_37' title="bbox 286 2970 2176 3028; baseline -0.003 -12"><span class='ocrx_word' id='word_1_359' title='bbox 286 2991 409 3028; x_wconf 87' lang='lat' dir='ltr'>quam</span> <span class='ocrx_word' id='word_1_360' title='bbox 430 2979 487 3018; x_wconf 93' lang='lat' dir='ltr'>di.</span> <span class='ocrx_word' id='word_1_361' title='bbox 517 2977 554 3015; x_wconf 92' lang='lat' dir='ltr'><em>T</em></span> <span class='ocrx_word' id='word_1_362' title='bbox 685 2987 737 3012; x_wconf 86' lang='lat'>22</span> <span class='ocrx_word' id='word_1_363' title='bbox 766 2974 853 3013; x_wconf 91' lang='lat' dir='ltr'>lon.</span> <span class='ocrx_word' id='word_1_364' title='bbox 876 2974 947 3012; x_wconf 89' lang='lat' dir='ltr'>illa</span> <span class='ocrx_word' id='word_1_365' title='bbox 967 2973 1035 3014; x_wconf 90' lang='lat' dir='ltr'>iei.</span> <span class='ocrx_word' id='word_1_366' title='bbox 1064 2973 1102 3012; x_wconf 93' lang='lat' dir='ltr'><em>T</em></span> <span class='ocrx_word' id='word_1_367' title='bbox 1216 2972 1410 3011; x_wconf 84' lang='lat' dir='ltr'>deforant</span> <span class='ocrx_word' id='word_1_368' title='bbox 1434 2970 1472 3009; x_wconf 93' lang='lat' dir='ltr'><em>T</em></span> <span class='ocrx_word' id='word_1_369' title='bbox 1604 2984 1657 3021; x_wconf 81' lang='lat'>23</span> <span class='ocrx_word' id='word_1_370' title='bbox 1686 2970 1829 3023; x_wconf 86' lang='lat' dir='ltr'>tanto]</span> <span class='ocrx_word' id='word_1_371' title='bbox 1847 2975 1962 3010; x_wconf 87' lang='lat' dir='ltr'>totus</span> <span class='ocrx_word' id='word_1_372' title='bbox 1982 2971 2029 3011; x_wconf 88' lang='lat' dir='ltr'><em>K</em></span> <span class='ocrx_word' id='word_1_373' title='bbox 2167 3006 2176 3013; x_wconf 38' lang='grc' dir='ltr'>ἶ</span> 
     </span>
     <span class='ocr_line' id='line_1_38' title="bbox 287 3025 2176 3079; baseline -0.004 -8"><span class='ocrx_word' id='word_1_374' title='bbox 287 3033 398 3071; x_wconf 87' lang='lat' dir='ltr'>dicat</span> <span class='ocrx_word' id='word_1_375' title='bbox 418 3033 499 3071; x_wconf 89' lang='lat' dir='ltr'>illis</span> <span class='ocrx_word' id='word_1_376' title='bbox 519 3031 674 3070; x_wconf 90' lang='lat' dir='ltr'>habere</span> <span class='ocrx_word' id='word_1_377' title='bbox 701 3029 759 3068; x_wconf 93' lang='lat' dir='ltr'>T:</span> <span class='ocrx_word' id='word_1_378' title='bbox 789 3028 929 3067; x_wconf 88' lang='lat' dir='ltr'>dicant</span> <span class='ocrx_word' id='word_1_379' title='bbox 950 3028 1033 3066; x_wconf 90' lang='lat' dir='ltr'>illis</span> <span class='ocrx_word' id='word_1_380' title='bbox 1055 3026 1194 3066; x_wconf 87' lang='lat' dir='ltr'>dicant</span> <span class='ocrx_word' id='word_1_381' title='bbox 1217 3025 1265 3064; x_wconf 82' lang='lat' dir='ltr'>Cl</span> <span class='ocrx_word' id='word_1_382' title='bbox 1289 3027 1348 3077; x_wconf 88' lang='lat' dir='ltr'>(d.</span> <span class='ocrx_word' id='word_1_383' title='bbox 1372 3027 1398 3066; x_wconf 94' lang='lat' dir='ltr'>i.</span> <span class='ocrx_word' id='word_1_384' title='bbox 1424 3027 1574 3065; x_wconf 86' lang='lat' dir='ltr'>abesse</span> <span class='ocrx_word' id='word_1_385' title='bbox 1593 3025 1661 3074; x_wconf 78' lang='lat' dir='ltr'>C2)</span> <span class='ocrx_word' id='word_1_386' title='bbox 1819 3038 1871 3074; x_wconf 89' lang='lat'>25</span> <span class='ocrx_word' id='word_1_387' title='bbox 1901 3025 2024 3077; x_wconf 80' lang='grc' dir='ltr'>κύων]</span> <span class='ocrx_word' id='word_1_388' title='bbox 2160 3066 2176 3079; x_wconf 24' lang='grc' dir='ltr'>ὲ</span> 
     </span>
     <span class='ocr_line' id='line_1_39' title="bbox 285 3079 2176 3137; baseline -0.005 -10"><span class='ocrx_word' id='word_1_389' title='bbox 285 3100 416 3126; x_wconf 90' lang='lat' dir='ltr'>cenos</span> <span class='ocrx_word' id='word_1_390' title='bbox 438 3087 630 3137; x_wconf 85' lang='lat' dir='ltr'>(chenos,</span> <span class='ocrx_word' id='word_1_391' title='bbox 648 3095 818 3133; x_wconf 85' lang='lat' dir='ltr'>caenOS‚</span> <span class='ocrx_word' id='word_1_392' title='bbox 845 3083 1030 3132; x_wconf 88' lang='lat' dir='ltr'>coenon)</span> <span class='ocrx_word' id='word_1_393' title='bbox 1052 3081 1164 3122; x_wconf 87' lang='lat' dir='ltr'>codd.</span> <span class='ocrx_word' id='word_1_394' title='bbox 1277 3084 1330 3119; x_wconf 85' lang='lat'>26</span> <span class='ocrx_word' id='word_1_395' title='bbox 1358 3081 1602 3120; x_wconf 84' lang='lat' dir='ltr'>existimant</span> <span class='ocrx_word' id='word_1_396' title='bbox 1624 3080 1660 3119; x_wconf 90' lang='lat' dir='ltr'>C</span> <span class='ocrx_word' id='word_1_397' title='bbox 1766 3080 1967 3120; x_wconf 83' lang='lat' dir='ltr'>insonant</span> <span class='ocrx_word' id='word_1_398' title='bbox 1995 3079 2034 3119; x_wconf 89' lang='lat' dir='ltr'><em>T</em></span> <span class='ocrx_word' id='word_1_399' title='bbox 2159 3098 2176 3115; x_wconf 87' lang='grc'>.·-</span> 
     </span>
     <span class='ocr_line' id='line_1_40' title="bbox 284 3137 2176 3197; baseline -0.008 -16"><span class='ocrx_word' id='word_1_400' title='bbox 284 3146 363 3194; x_wconf 76' lang='lat' dir='ltr'>(-at</span> <span class='ocrx_word' id='word_1_401' title='bbox 390 3141 483 3193; x_wconf 72' lang='lat' dir='ltr'><em>T12)</em></span> <span class='ocrx_word' id='word_1_402' title='bbox 623 3152 673 3188; x_wconf 86' lang='lat'>27</span> <span class='ocrx_word' id='word_1_403' title='bbox 704 3138 990 3177; x_wconf 85' lang='lat' dir='ltr'>animantibus</span> <span class='ocrx_word' id='word_1_404' title='bbox 1013 3137 1092 3176; x_wconf 84' lang='lat' dir='ltr'>BC</span> <span class='ocrx_word' id='word_1_405' title='bbox 2163 3143 2176 3197; x_wconf 57' lang='grc' dir='ltr'>ἶ</span> 
     </span>
     <span class='ocr_line' id='line_1_41' title="bbox 2158 3243 2176 3286; baseline 0 0"><span class='ocrx_word' id='word_1_406' title='bbox 2158 3243 2176 3286; x_wconf 69' lang='grc' dir='ltr'>’ἓ</span> 
     </span>
    </p>
   </div>
  </div>
 </body>
</html>
