2176 3424
1068 120 1340 170 ISIDORI
2162 117 2176 148 ¹

238 259 302 307 35
325 242 554 298 feretrum
594 249 787 313 papyris
824 268 935 299 cera
973 250 1288 300 circumdatis
1327 251 1560 300 ferebant.
1653 254 1877 303 Cadaver
1912 263 2077 303 autem

325 342 410 391 est,
440 331 479 380 si
505 332 807 395 insepultum
835 332 974 380 iacet.
1050 335 1180 381 Nam
1207 335 1418 382 cadaver
1441 333 1752 383 nominatum
1779 352 1807 382 a
1832 336 2074 396 cadendo,

325 413 439 477 quia
478 413 575 461 iarn
617 423 742 462 stare
783 431 886 462 non
926 422 1102 476 potest.
1193 416 1345 476 Quod
1385 416 1504 463 dum
1544 425 1777 479 portatur,
1822 416 2076 480 exsequias

323 490 564 544 dicimus:
596 505 867 544 crematum
889 495 1146 558 reliquias:
1177 496 1435 545 conditum
1454 496 1551 545 iarn
1568 499 1830 560 sepultum.
1884 499 2076 563 Corpus

323 587 488 627 autem
517 577 880 627 consuetudine
907 577 1100 637 dicitur,
1128 587 1181 626 ut
1207 578 1328 627 illud
1355 578 1511 642 (Virg.
1531 580 1708 643 Georg.
1726 596 1771 639 4,
1794 598 1817 627 2
1827 594 1851 642 5
1861 579 1910 644 5)
1932 599 1940 629 ε
2101 606 2121 646 5
2167 574 2169 577 ¹

233 670 301 728 36
730 662 862 707 Turn
901 676 1106 722 corpora
1142 662 1251 709 luce
1288 670 1554 709 carentum.

325 743 603 791 Defunctus
623 752 841 802 vocatus,
861 741 978 804 quia
1003 741 1252 805 conplevit
1271 742 1399 791 vitae
1425 742 1656 791 officium.
1710 745 1841 792 Nam
1868 741 2076 793 dicimus

323 826 519 873 functos
563 824 738 884 officio,
781 826 863 887 qui
908 823 1069 872 officia
1105 823 1274 872 debita
1310 826 1696 888 conpleverunt,
1743 827 1878 874 unde
1914 835 1988 875 est
2030 835 2077 874 et

325 906 598 955 honoribus
632 907 844 954 functus.
922 906 1057 953 Hinc
1091 923 1206 969 ergo
1240 907 1517 965 defunctus,
1555 908 1691 970 quod
1724 907 1787 956 ab
1821 907 1984 956 officio
2018 907 2077 956 sit

241 998 302 1047 37
326 987 452 1036 vitae
487 987 755 1051 depositus,
787 987 886 1036 sive
925 988 1061 1050 quod
1097 986 1157 1035 sit
1195 987 1326 1035 diem
1362 989 1572 1036 functus.
1646 990 1876 1051 Sepultus
1910 999 2074 1038 autem
2102 1012 2167 1040 10·

327 1072 502 1130 dictus,
532 1086 591 1118 eo
625 1071 760 1132 quod
787 1069 882 1117 iam
919 1068 1024 1117 sine
1058 1070 1203 1131 pulsu
1239 1079 1285 1116 et
1312 1068 1634 1132 palpitatione
1667 1079 1754 1129 est,
1784 1069 1834 1119 id
1869 1080 1941 1119 est
1971 1070 2076 1120 sine

328 1161 479 1200 motu.
577 1151 793 1214 Sepelire
837 1160 1002 1199 autem
1049 1160 1121 1198 est
1164 1152 1381 1200 condere
1425 1169 1614 1214 corpus.
1704 1154 1832 1201 Nam
1873 1154 2077 1202 humare

328 1234 535 1282 obruere
561 1232 786 1291 dicimus,
815 1234 911 1280 hoc
938 1241 1011 1281 est
1037 1234 1244 1280 humum
1273 1232 1467 1282 inicere.

239 1322 302 1361 111
464 1317 547 1362 DE
592 1330 895 1363 PORTENTis.
996 1317 1230 1363 Portenta
1274 1332 1379 1364 esse
1422 1318 1578 1364 Varro
1620 1315 1686 1364 ait
1735 1333 1861 1379 quae
1908 1327 2077 1366 contra

326 1406 548 1445 naturam
590 1407 704 1445 nata
743 1397 999 1446 videntur:
1052 1397 1138 1444 sed
1179 1400 1297 1445 non'
1321 1406 1435 1445 sunt
1474 1407 1643 1446 contra
1682 1407 1921 1458 naturam,
1963 1398 2078 1461 quia
2105 1425 2168 1466 15,

327 1477 494 1527 divina
513 1481 766 1528 voluntate
784 1480 922 1537 fiunt,
943 1496 1054 1526 cum
1075 1480 1301 1527 voluntas
1325 1479 1570 1529 Creatoris
1592 1479 1831 1542 cuiusque
1848 1481 2078 1529 conditae

327 1558 395 1608 rei
434 1570 606 1608 natura
643 1560 717 1609 sit.
789 1562 937 1609 Vnde
975 1570 1021 1609 et
1058 1559 1146 1624 ipsi
1185 1562 1390 1623 gentiles
1430 1564 1592 1609 Deum
1633 1563 1784 1610 modo
1824 1564 2074 1621 Naturam,

275 1660 305 1694 2
330 1643 482 1691 modo
505 1644 669 1690 Deum
689 1644 954 1706 appellant.
1007 1646 1297 1691 Portentum
1319 1659 1433 1706 ergo
1454 1644 1507 1691 fit
1529 1660 1630 1691 non
1650 1653 1821 1692 contra
1837 1654 2075 1703 naturam,

327 1725 414 1772 sed
442 1734 612 1772 contra
637 1741 785 1787 quam
821 1734 893 1773 est
926 1734 1046 1773 nota
1075 1734 1259 1772 natura.
1336 1727 1570 1774 Portenta
1601 1735 1767 1774 autem
1794 1735 1842 1774 et
1868 1735 2074 1786 ostenta,

328 1816 546 1854 monstra
587 1816 736 1869 atque
778 1806 1000 1869 prodigia
1042 1806 1155 1855 ideo
1199 1816 1559 1869 nuncupantur,
1606 1809 1742 1869 quod
1784 1809 2078 1870 portendere
2102 1827 2170 1862 που

326 1898 475 1951 atque
495 1890 772 1948 ostendere,
791 1897 1063 1936 monstrare
1083 1906 1140 1937 ac
1162 1888 1443 1951 praedicare
1469 1888 1633 1951 aliqua
1653 1891 1813 1936 futura
1832 1888 2075 1937 videntur.

276 1981 304 2026 3
328 1972 458 2018 Nam
486 1980 713 2033 portenta
739 1969 871 2019 dicta
896 1970 1158 2033 perhibent
1184 1988 1212 2018 a
1237 1972 1597 2033 portendendo,
1626 1972 1676 2019 id
1703 1980 1775 2018 est
1801 1981 2077 2033 praeosten-

325 2053 507 2100 dendo.
602 2054 812 2101 Ostenta
849 2062 1028 2112 autem,
1071 2054 1207 2115 quod
1247 2054 1508 2101 ostendere
1548 2051 1821 2115 quidquam
1860 2054 2076 2100 futurum

328 2133 597 2182 videantur.
674 2133 915 2197 Prodigia,
953 2136 1088 2196 quod
1122 2151 1267 2197 porro
1301 2124 1481 2193 dicant,
1511 2133 1560 2182 id
1595 2144 1667 2182 est
1699 2136 1861 2182 futura
1893 2133 2078 2197 praedi-

327 2226 454 2263 cant.
531 2218 756 2264 Monstra
782 2233 896 2264 vero
926 2233 954 2264 a
980 2215 1171 2264 monitu
1198 2215 1343 2276 dicta,
1373 2217 1509 2279 quod
1539 2214 1727 2278 aliquid
1753 2214 2077 2278 significando
2104 2231 2176 2278 251

328 2298 682 2356 demonstrent,
726 2297 826 2346 sive
866 2299 1002 2360 quod
1042 2297 1205 2346 statim
1246 2306 1520 2346 monstrent
1559 2296 1678 2360 quid
1717 2307 1980 2360 appareat,
2031 2307 2078 2346 et

328 2378 424 2426 hoc
466 2379 775 2442 proprietatis
819 2389 905 2440 est,
951 2379 1192 2428 abusione
1242 2388 1408 2427 tamen
1453 2378 1743 2442 scriptorum
1787 2380 2077 2441 plerumque
2160 2438 2162 2440 Υ

272 2479 305 2526 4
329 2460 669 2523 corrumpitur.
744 2463 1005 2522 Quaedam
1044 2470 1210 2510 autem
1246 2470 1586 2523 portentorum
1622 2459 1896 2508 creationes
1933 2459 1982 2507 in
2021 2459 2078 2508 si·
2156 2522 2159 2523 ⁷

384 2605 408 2629 2
439 2596 503 2629 est
519 2590 553 2629 si
574 2604 657 2630 om.
673 2590 719 2629 Κ
844 2605 869 2641 3
900 2592 1014 2643 quia]
1037 2593 1150 2642 quod
1171 2591 1211 2630 B
1320 2596 1536 2640 portamus
1558 2591 1597 2629 Β
1724 2604 1748 2639 4
1780 2596 1988 2629 crematus
2010 2589 2074 2628 K:

330 2652 412 2685 -tas
433 2645 473 2683 Β
583 2645 624 2683 in
656 2644 703 2682 T1
727 2650 774 2684 ul
791 2647 871 2686 vid.
986 2647 1223 2697 sepulcrum
1244 2645 1359 2685 Serv.
1381 2645 1441 2683 acl
1454 2646 1562 2685 Aen.
1585 2659 1624 2690 2,
1646 2657 1726 2694 539
1890 2657 1914 2695 5
1944 2650 1991 2684 ut
2010 2651 2076 2683 est

329 2701 370 2740 il.
393 2700 433 2739 Β
561 2702 587 2738 6
616 2706 718 2740 tunc
738 2700 826 2739 ΒΚ
959 2715 980 2750 7
1011 2707 1182 2740 vocatur
1205 2700 1240 2740 C
1346 2700 1457 2738 vitae
1477 2713 1560 2739 om.
1585 2699 1671 2737 ΒΚ
1781 2713 1876 2738 nam
1899 2706 1940 2737 et
1961 2699 2014 2738 di.
2049 2699 2085 2736 T
2159 2711 2176 2721 -·

329 2758 354 2793 8
384 2755 480 2805 quia
501 2756 569 2794 off.
599 2754 682 2793 TC1
785 2756 1070 2805 impleverunt
1090 2770 1160 2794 un.
1186 2761 1228 2793 et
1249 2755 1284 2793 C
1396 2768 1443 2792 12
1472 2754 1669 2805 sepillere
1690 2754 1737 2792 K
1843 2767 2022 2803 corpora
2046 2754 2081 2792 C
2153 2761 2173 2766 “·

330 2812 515 2849 humane
531 2810 580 2848 Cl
695 2822 743 2859 13
762 2810 895 2849 iniere
910 2809 966 2848 Κ1
1086 2823 1132 2860 15
1153 2815 1250 2849 nata
1263 2823 1345 2848 om.
1364 2809 1419 2847 Βι
1523 2809 1642 2860 quia]
1657 2822 1764 2858 quae
1777 2806 1823 2846 K
1933 2820 1981 2857 19
2000 2808 2076 2846 sed
2158 2814 2172 2816 ”

330 2879 438 2914 quae
460 2870 524 2904 est
544 2878 611 2904 no.
637 2861 684 2902 K
789 2870 888 2903 nota
908 2879 991 2904 om.
1017 2864 1070 2903 Βι
1184 2871 1428 2914 portentum
1451 2863 1496 2902 K
1665 2876 1718 2902 20
1746 2868 2016 2912 nuncupatur
2035 2859 2081 2900 K
2159 2865 2176 2914 ᾗ

331 2919 466 2970 quod]
483 2920 581 2969 quia
597 2920 635 2958 Β
765 2932 815 2956 22
848 2933 872 2957 a
888 2920 1095 2969 portendo
1112 2916 1159 2957 K
1266 2920 1307 2957 id
1324 2926 1387 2957 est
1404 2931 1466 2968 pr.
1485 2931 1565 2957 om.
1595 2915 1631 2954 T
1751 2929 1803 2965 23
1833 2917 1964 2968 quod]
1979 2917 2078 2966 quia
2158 2930 2176 2970 J?

332 2973 366 3011 C
473 2975 674 3023 quiddam
697 2973 742 3012 K
850 2987 901 3023 25
932 2974 1253 3024 significandum
1284 2972 1321 3010 T
1428 2975 1481 3011 26
1509 2973 1599 3010 sive
1621 3000 1631 3011 .
1655 3001 1663 3010 .
1689 3001 1698 3011 .
1721 2977 1898 3010 monstr.
1921 2985 2005 3010 om.
2027 2969 2079 3010 Cl

331 3028 466 3080 quod]
489 3029 586 3079 quia
606 3027 647 3067 Β
774 3041 823 3077 27
855 3034 920 3067 est
940 3042 1022 3068 om.
1043 3027 1089 3066 K
1216 3028 1268 3066 28
1295 3032 1437 3066 autem
1457 3039 1539 3066 om.
1560 3027 1594 3065 C
1985 3041 1991 3044 ·
2167 3039 2176 3065 ζ

2146 3212 2176 3424 ἒ
