2176 3424
389 144 1018 194 ETYMOLOGIARVM
1057 144 1185 190 LIB.
1228 144 1366 190 XVI.
1407 143 1452 200 ii,
1490 141 1539 189 iii

100 275 265 325 Huius
288 285 459 325 natura
489 292 590 324 non
624 275 833 323 multum
860 290 888 322 a
913 275 1012 322 sale
1039 272 1187 322 distat
1204 292 1216 334 3
1266 273 1416 321 habet
1446 272 1577 321 enim
1612 271 1837 320 virtutem

97 359 208 408 salis
228 367 276 407 et
302 357 519 406 similiter
540 356 690 405 oritur
715 355 1090 405 canescentibus
1116 354 1336 403 siccitate
1351 354 1591 403 litoribus.
1651 355 1842 417 Aphro·
1866 356 1895 402 8

96 441 275 489 nitrum
314 440 514 499 Graece,
556 438 731 488 Latine
766 453 941 501 spuma
977 436 1090 486 nitri
1126 445 1212 486 est.
1288 438 1366 486 De
1401 452 1503 499 quo
1539 435 1740 500 quidam
1775 437 1842 484 ait

99 521 267 587 (Mart.
293 533 364 581 14,
387 522 470 585 58)
492 541 501 569 z

50 623 71 663 5
233 603 467 652 Rusticus
504 604 596 651 es?
644 602 803 650 nescis
840 600 961 664 quid
1000 603 1191 650 Graeco
1228 599 1431 649 nomine
1468 599 1632 648 dicar:

366 701 541 748 spuma
576 700 726 733 vocor
759 682 885 731 nitri.
960 684 1178 732 Graecus
1215 685 1306 732 es?
1365 682 1721 745 aphronitrum.

99 767 358 831 Colligitur
381 776 546 815 autem
572 767 622 814 in
649 765 768 814 Asia
793 764 844 812 in
869 764 1115 828 speluncis
1142 764 1399 824 distillans,
1426 763 1608 813 dehinc
1635 762 1844 813 siccatur

99 851 216 898 sole.
279 848 535 912 Optimum
553 856 750 910 putatur
766 847 803 896 si
822 848 1025 896 minime
1045 846 1188 896 fuerit
1204 848 1541 910 ponderosum
1558 855 1606 895 et
1633 846 1844 896 maxime

99 930 299 990 friabile,
329 932 493 979 colore
518 946 646 993 pene
672 946 930 993 purpureo.
1006 930 1336 979 Chalcantum
1362 929 1550 977 dictum
1578 927 1694 990 quia
1717 928 1846 975 chal·
1870 940 1904 987 9

27 1032 74 1060 10
100 1012 206 1064 citis
231 1022 304 1062 est
329 1014 566 1076 thymum,
595 1011 646 1061 id
677 1020 749 1060 est
775 1013 896 1072 flos3
949 1013 1082 1060 unde
1108 1021 1156 1060 et
1186 1012 1320 1074 apud
1359 1011 1562 1059 Latinos
1599 1009 1723 1059 aeris
1753 1011 1844 1058 flos

98 1096 384 1158 appellatur.
457 1095 534 1142 Fit
558 1102 721 1142 autem
751 1109 884 1142 nunc
910 1093 1075 1142 multis
1102 1092 1152 1140 in
1182 1092 1495 1156 regionibus3
1532 1091 1649 1140 olim
1671 1093 1721 1140 in
1756 1091 1844 1139 Hi-

99 1176 297 1240 spaniae
322 1175 480 1239 puteis
507 1176 582 1224 vel
609 1174 789 1238 stagnis
815 1174 866 1224 id
890 1191 1044 1238 genus
1069 1191 1227 1237 aquae
1252 1173 1566 1234 habentibus,
1590 1190 1739 1237 quam
1765 1174 1846 1222 de-

98 1258 380 1321 coquebant
404 1267 452 1306 et
484 1257 535 1305 in
560 1256 772 1320 piscinas
806 1256 989 1320 ligneas
1016 1257 1305 1317 fundebant,
1333 1257 1675 1319 adpendentes
1701 1270 1847 1319 super

99 1356 180 1388 eas
205 1348 354 1389 restes
379 1339 554 1402 lapillis
575 1346 809 1398 extentas,
831 1337 1011 1400 quibus
1036 1339 1181 1387 limus
1207 1338 1257 1386 in
1284 1337 1655 1387 similitudinem
1683 1336 1845 1386 vitreis

28 1445 73 1484 15
98 1420 250 1470 acinis
288 1421 601 1479 adhaerebat,
644 1420 812 1483 sicque
854 1419 1065 1469 eiectum
1106 1420 1380 1469 siccabatur
1416 1419 1593 1469 diebus
1632 1419 1840 1483 triginta.

99 1504 175 1551 Fit
201 1511 364 1551 autern
382 1517 514 1550 nunc
534 1500 649 1550 alibi
675 1501 724 1549 in
742 1500 1000 1565 speluncis,
1020 1503 1156 1564 quod
1172 1500 1358 1565 liquide
1378 1502 1640 1550 collectum
1661 1500 1843 1550 dehinc
1868 1514 1925 1548 10

99 1583 327 1633 diffusum
350 1583 397 1631 in
419 1584 660 1646 quosdam
680 1584 847 1632 botros
868 1584 1125 1633 solidatur:
1166 1584 1218 1632 fit
1239 1591 1286 1632 et
1302 1583 1353 1631 in
1370 1582 1626 1632 scrobibus
1647 1584 1841 1643 cavatis,

98 1682 306 1728 quorum
339 1681 365 1713 e
397 1664 630 1714 lateribus
661 1666 960 1714 decadentes
994 1673 1160 1728 guttae
1194 1666 1509 1714 coalescunt:
1561 1665 1614 1712 fit
1651 1670 1699 1712 e‘t
1734 1665 1845 1713 salis

100 1749 250 1796 modo
276 1764 334 1796 ex
366 1746 740 1810 flagrantissimo
766 1748 881 1796 sole.
956 1748 1100 1796 Adeo
1129 1755 1293 1795 autem
1328 1748 1621 1795 constrictae
1655 1745 1843 1795 virtutis

13 1854 76 1882 ,πο
99 1838 172 1878 est
208 1838 260 1878 ut
290 1828 339 1877 in
370 1830 568 1878 leonum
607 1837 655 1878 et
684 1845 906 1878 ursorum
939 1845 1022 1878 ora
1055 1846 1277 1892 sparsum
1309 1838 1495 1878 tantam
1533 1828 1631 1877 vim
1662 1829 1841 1878 habeat

97 1910 431 1974 adstringendi
469 1920 522 1959 ut
547 1927 648 1959 non
672 1913 866 1960 valeant
891 1912 1130 1961 mordere.

235 1995 316 2041 DE
334 2007 602 2041 LAPIDIBVS
622 2008 957 2042 VVLGARIBVS.
1022 1992 1169 2057 Lapis
1185 2010 1214 2042 a
1229 2002 1353 2042 terra
1368 2002 1621 2056 tamquam
1643 1991 1842 2042 densior
1867 2002 1929 2042 111

102 2074 246 2124 etiam
279 2076 424 2138 vulgo
455 2074 759 2124 discernitur.
834 2075 980 2138 Lapis
1011 2085 1175 2124 autem
1211 2075 1371 2124 dictus
1409 2076 1543 2138 quod
1573 2076 1735 2125 laedat
1764 2092 1842 2139 pe-

100 2158 231 2206 dem.
301 2156 447 2220 Lapis
475 2156 634 2206 mollis
660 2167 732 2206 est
758 2167 806 2206 et
831 2174 1024 2221 sparsus
1047 2176 1060 2219 3
1096 2174 1210 2206 saxa
1235 2159 1436 2207 haerent
1463 2165 1511 2206 et
1535 2173 1564 2205 a
1589 2156 1843 2206 montibus

13 2258 75 2300 125
101 2238 421 2299 exciduntur3
456 2247 592 2302 petra
619 2241 862 2288 Graecum
888 2248 960 2288 est
983 2258 996 2300 3
1031 2239 1149 2289 silex
1179 2248 1251 2288 est
1277 2241 1428 2289 durus
1454 2238 1591 2302 lapis,
1620 2255 1680 2288 eo
1705 2241 1841 2302 quod

154 2382 178 2407 2
207 2368 311 2408 Afro
333 2369 443 2408 enim
466 2369 618 2408 nitrum
642 2370 680 2408 Β
826 2383 850 2419 3
880 2382 1024 2420 spama
1044 2369 1100 2407 Β1
1253 2372 1280 2409 6
1310 2370 1382 2410 Gr.
1408 2382 1454 2408 es
1474 2370 1676 2409 afronitru
1698 2370 1840 2410 BCT:

100 2422 174 2463 Gr.
198 2429 263 2462 est
284 2423 488 2462 afronitro
510 2423 555 2461 K
727 2438 752 2474 9
781 2425 1101 2464 Calecantinum
1130 2424 1166 2463 T
1315 2425 1488 2464 calcidis
1509 2425 1597 2463 ΒΚ
1748 2427 1839 2468 fort.

0 2479 17 2544 ,ᾗ
101 2479 220 2528 quasi
242 2476 407 2529 χαλκὸς,
433 2479 473 2517 id
495 2484 560 2517 est
580 2492 666 2530 aes,
691 2485 734 2518 et
753 2478 881 2529 ἄνθος,
902 2479 942 2518 id
964 2485 1028 2518 est
1050 2481 1127 2518 flos
1270 2492 1314 2518 11
1348 2492 1458 2518 nunc
1481 2478 1623 2520 CTU:
1654 2493 1736 2519 non
1757 2480 1843 2519 ΒΚ

0 2546 11 2557 -
104 2545 153 2571 12
183 2533 350 2583 quando
371 2533 606 2582 coquebant
629 2534 771 2585 (qu0-)
796 2534 904 2573 codd.
1038 2547 1087 2584 13
1116 2540 1158 2574 et
1181 2564 1190 2574 .
1214 2563 1223 2572 .
1250 2564 1258 2573 .
1282 2534 1396 2574 fund.
1419 2547 1501 2573 om.
1525 2533 1572 2571 K
1706 2535 1840 2574 lineas

98 2587 209 2626 codd.
235 2588 377 2639 <etiam
403 2587 460 2639 U)
608 2601 655 2638 14
685 2589 777 2640 eas]
802 2602 951 2628 arenas
973 2588 1018 2627 K
1037 2591 1139 2640 (non
1165 2588 1204 2626 V
1205 2594 1219 2640 )
1365 2594 1478 2628 retes
1506 2589 1543 2627 T
1674 2589 1838 2639 lapillas

99 2641 140 2679 B
275 2643 558 2682 extendentes
573 2641 626 2683 C:
658 2644 845 2682 extentis
871 2644 910 2681 V
1048 2643 1320 2683 similitudine
1332 2644 1454 2683 vitrei
1476 2644 1585 2683 acini
1603 2643 1762 2696 K(non
1782 2644 1839 2695 V)

105 2708 152 2745 15
181 2696 439 2736 adherebant
459 2696 538 2736 BC
552 2711 560 2735 :
591 2698 818 2737 aderebant
845 2697 882 2736 T
1153 2699 1347 2738 effectum
1370 2698 1435 2738 K:
1463 2705 1704 2749 exemptum
1722 2697 1834 2738 Plz'n.

99 2751 149 2791 N.
174 2750 233 2791 H.
260 2764 329 2800 34,
352 2763 428 2800 123
613 2765 660 2802 17
693 2752 884 2792 defusum
906 2752 997 2792 BCl
1009 2752 1085 2791 TV
1219 2753 1280 2804 et]
1302 2755 1426 2792 etiam
1450 2752 1486 2791 C
1626 2753 1759 2792 cautis
1779 2752 1836 2791 Β1

105 2805 151 2843 18
181 2805 396 2844 calescunt
424 2805 501 2844 TV
663 2820 712 2857 19
743 2809 856 2846 nodo
877 2814 918 2846 et
940 2807 1267 2857 fraglantissimo
1296 2808 1332 2846 T
1483 2820 1536 2846 20
1565 2813 1606 2845 et
1627 2808 1668 2846 in
1691 2821 1773 2846 urs.
1796 2806 1842 2845 K

101 2872 138 2899 o.
171 2873 390 2910 aspersum
415 2860 475 2899 C:
506 2873 601 2899 oras
622 2874 794 2910 passum
816 2862 855 2900 Β
995 2869 1157 2901 tantum
1181 2862 1223 2902 B
1387 2876 1434 2901 21
1469 2864 1522 2902 ad
1543 2863 1835 2912 stringendum

100 2913 260 2965 (strig-)
276 2913 416 2953 BCT:
445 2915 679 2964 stringendi
697 2915 765 2954 K:
796 2918 838 2955 in
856 2917 1162 2967 adstringendo
1182 2916 1346 2956 let'us
1457 2930 1508 2968 23
1539 2916 1670 2968 quod]
1686 2917 1782 2966 quia
1798 2917 1838 2956 B

102 2980 152 3019 24
183 2969 303 3008 molis
325 2968 395 3009 K:
426 2969 590 3008 mobilis
609 2970 732 3010 Arev.
893 2978 959 3011 est
979 2985 1065 3022 spa.
1089 2970 1133 3009 K
1285 2986 1309 3011 a
1331 2985 1410 3011 om.
1437 2970 1486 3010 C¹
1685 2982 1735 3020 25
1767 2984 1834 3022 pe.

99 3035 161 3072 gr.
183 3029 247 3062 est
266 3037 349 3065 om.
374 3023 420 3061 K
554 3025 655 3063 dura
677 3024 743 3064 K:
774 3025 890 3065 dirus
911 3026 966 3065 B¹

158 3136 261 3172 1182
284 3146 315 3173 11
951 3154 984 3187 N
