2228 3444
530 101 1161 151 ETYMOLOGIARVM
1200 102 1328 149 LIB.
1370 102 1517 150 VIII.
1557 120 1585 150 v

180 235 568 285 nominaverunt.
641 231 918 281 Gloriantes
951 231 1082 280 enim
1109 232 1171 279 de
1197 230 1295 279 suis
1327 231 1523 291 meritis,
1552 242 1732 295 negant
1760 232 1921 295 paeni-

179 317 396 367 tentibus
433 315 626 365 veniam
664 323 1010 379 peccatorum:
1056 314 1242 373 viduas,
1282 314 1320 361 si
1358 313 1626 377 nupserint,
1666 322 1918 376 tamquam

177 401 421 464 adulteras
437 400 696 448 damnant:
725 395 1006 445 mundiores
1024 412 1075 444 se
1092 394 1264 444 ceteris
1281 394 1579 458 praedicant.
1619 395 1718 456 Qui
1736 413 1920 445 nomen

179 499 322 530 suurn
347 480 386 528 si
411 495 708 543 cognoscere
733 480 927 536 vellent,
955 479 1235 526 mundanos
1260 493 1312 526 se
1336 476 1498 540 potius
1523 494 1672 540 quam
1704 479 1918 526 mundos

133 580 154 619 5
178 571 423 611 vocarent.
496 560 716 610 Pauliani
746 578 775 608 a
805 561 958 608 Paulo
988 562 1311 609 Samosateno
1342 559 1495 608 exorti
1525 568 1652 619 sunt,
1681 559 1765 622 qui
1798 559 1919 608 dixit
1941 569 2009 617 29

178 662 278 693 non
317 662 507 708 semper
542 644 689 692 fuisse
723 642 988 701 Christum,
1024 644 1111 691 sed
1147 660 1176 690 a
1210 641 1366 690 Maria
1404 641 1670 705 sumpsisse
1709 641 1917 690 initium.

181 726 566 790 Hermogeniani
607 726 671 773 ab
710 727 1029 788 Hermogene
1065 725 1283 787 quodam
1321 723 1494 783 vocati,
1536 723 1621 786 qui
1664 723 1916 772 materiam
1942 734 2011 781 30

176 825 278 856 non
298 818 462 856 natam
485 809 814 866 introducens,
840 809 949 856 Deo
968 823 1069 855 non
1089 815 1206 854 nato
1227 822 1336 854 eam
1357 807 1671 868 comparavit,
1693 815 1918 855 matrem-

177 906 274 952 que
299 892 654 938 elementorum
681 898 727 937 et
754 890 898 937 deam
932 887 1177 947 adseruit,
1214 904 1338 949 quos
1365 889 1635 949 Apostolus
1670 887 1912 951 inprobat,

105 989 154 1016 10
176 973 430 1020 elementis
455 971 732 1020 servientes.
791 970 1044 1019 Manichei
1070 987 1098 1018 a
1118 971 1336 1032 quodam
1359 972 1506 1017 Persa
1531 971 1808 1029 extiterunt,
1831 969 1915 1032 qui
1938 983 1993 1030 31

102 1402 147 1443 15

99 1811 148 1840 20

174 1063 374 1102 vocatus
400 1063 472 1102 est
494 1055 684 1101 Manes.
742 1053 843 1100 Hic
863 1053 985 1100 duas
1012 1061 1208 1101 naturas
1234 1061 1281 1099 et
1308 1050 1604 1099 substantias
1630 1050 1912 1110 introduxit,

174 1137 223 1184 id
250 1146 322 1184 est
341 1135 523 1184 bonam
553 1145 599 1184 et
628 1137 818 1194 malam,
843 1143 890 1182 et
914 1133 1102 1182 animas
1129 1151 1187 1182 ex
1209 1136 1319 1181 Deo
1341 1132 1480 1195 quasi
1506 1150 1563 1181 ex
1589 1132 1755 1195 aliquo
1781 1135 1917 1182 fonte

174 1234 370 1266 manare
406 1216 634 1265 adseruit.
709 1218 1085 1265 Testamentum
1119 1217 1275 1263 Vetus
1314 1224 1576 1278 respuunt:
1620 1217 1819 1264 Novum
1859 1234 1917 1265 ex

172 1309 306 1364 parte
332 1299 586 1362 recipiunt.
635 1297 1175 1361 Anthropomorphitae
1202 1296 1319 1344 dicti
1354 1313 1441 1359 pro
1472 1312 1546 1356 eo,
1575 1298 1710 1359 quod
1737 1295 1915 1358 simpli-
1939 1305 2003 1352 32

172 1382 318 1431 citate
353 1381 532 1430 rustica
558 1383 722 1429 Deum
757 1380 939 1429 habere
972 1381 1190 1427 humana
1226 1377 1464 1438 membra,
1493 1395 1618 1441 quae
1653 1378 1704 1426 in
1738 1377 1915 1426 divinis

171 1465 304 1514 libris
338 1464 516 1527 scripta
551 1472 677 1522 sunt,
706 1462 1001 1512 arbitrantur
1019 1481 1032 1522 5
1068 1462 1305 1524 ἅνθρωπος
1339 1460 1470 1508 enim
1498 1462 1700 1520 Graece,
1740 1459 1915 1509 Latine

172 1548 324 1595 homo
366 1546 736 1609 interpretatur:
775 1544 1056 1608 ignorantes
1092 1559 1267 1592 vocem
1307 1541 1527 1603 Domini,
1565 1543 1649 1605 qui
1682 1542 1749 1592 ait
1781 1541 1911 1606 (Ioh.

173 1646 216 1689 4,
240 1628 320 1692 24)
345 1648 353 1677 ε
395 1628 624 1692 ‘Spiritus
642 1636 714 1675 est
733 1627 899 1675 Deus.'
955 1627 1282 1688 Incorporeus
1304 1633 1376 1674 est
1397 1626 1544 1682 enim,
1567 1640 1659 1673 nec
1680 1623 1913 1673 membris

171 1710 495 1773 distinguitur,
524 1727 615 1758 nec
641 1709 858 1771 corporis
888 1710 1018 1756 mole
1049 1716 1286 1756 censetur.
1362 1708 1644 1756 Heraclitae
1669 1707 1732 1754 ab
1761 1709 1915 1756 Hera·
1938 1718 2003 1765 33

171 1791 266 1839 clio
312 1802 511 1840 auctore
558 1790 726 1840 exorti.
810 1791 1090 1838 Monachos
1139 1798 1330 1837 tantum
1380 1788 1636 1851 recipiunt,
1685 1788 1914 1852 coniugia

169 1883 418 1937 respuunt,
445 1890 593 1937 regna
618 1875 864 1921 caelorum
891 1873 1116 1934 parvulos
1142 1872 1324 1920 habere
1349 1888 1451 1919 non
1477 1872 1699 1920 credunt.
1754 1873 1914 1919 Nova·
1937 1883 2002 1931 34

169 1955 288 2004 tiani
323 1973 352 2003 a
390 1957 586 2004 Novato
625 1957 816 2002 Romae
855 1953 988 2001 urbis
1027 1954 1310 2016 presbytero
1350 1952 1516 2012 exorti,
1556 1954 1640 2014 qui
1679 1953 1912 2001 adversus

170 2037 457 2086 Cornelium
484 2038 767 2085 cathedram
793 2036 1145 2083 sacerdotalem
1173 2043 1379 2082 conatus
1405 2034 1647 2094 invadere,
1671 2035 1910 2083 haeresim

170 2118 390 2177 instituit,
417 2119 591 2166 nolens
623 2125 869 2179 apostatas
904 2115 1165 2178 suscipere,
1202 2124 1249 2164 et
1282 2115 1588 2178 rebaptizans
1622 2115 1909 2179 baptizatos.

172 2199 399 2248 Montani
421 2200 649 2247 haeretici
668 2198 800 2258 dicti,
820 2199 955 2260 quod
972 2207 1194 2260 tempore
1215 2197 1568 2260 persecutionis
1586 2197 1634 2246 in
1656 2198 1909 2247 montibus
1934 2205 1999 2253 35

168 2283 443 2340 latuerunt,
495 2298 591 2343 qua
629 2279 889 2328 occasione
931 2296 982 2328 se
1023 2296 1052 2327 a
1094 2279 1366 2328 catholicae
1410 2279 1662 2329 Ecclesiae
1705 2297 1909 2344 corpore

167 2362 448 2411 diviserunt.
522 2361 784 2410 Ebionitae
817 2361 880 2409 ab
918 2361 1109 2409 Ebione
1147 2360 1280 2410 dicti.
1355 2363 1424 2410 Hi
1457 2362 1744 2413 semiiudaei
1779 2372 1906 2423 sunt,
1932 2360 1999 2417 36

222 2506 246 2530 2
275 2490 444 2543 viduas]
468 2492 508 2530 in
531 2492 633 2530 duas
650 2491 695 2529 K
802 2505 826 2540 3
858 2491 1032 2542 nomen]
1055 2491 1097 2529 in
1119 2504 1286 2530 omnem
1314 2491 1370 2530 T:
1403 2505 1487 2530 non
1507 2491 1552 2530 K
1660 2506 1683 2541 4
1714 2494 1773 2532 sic
1790 2507 1850 2533 co.
1880 2493 1918 2530 T

168 2548 194 2583 6
232 2547 330 2585 Chr.
373 2559 456 2586 non
489 2559 592 2586 sem.
635 2546 689 2584 fu.
729 2546 770 2584 Β
938 2559 958 2595 7
1003 2546 1181 2594 quadam
1221 2547 1260 2584 Β
1452 2549 1476 2584 8
1506 2560 1591 2586 non
1643 2553 1825 2587 natatam
1866 2548 1911 2585 K

169 2607 268 2640 natu
290 2601 341 2639 de
363 2613 457 2639 eum
479 2601 720 2650 corporavit
749 2599 786 2637 T
923 2615 971 2639 10
1002 2600 1231 2640 extiterant
1252 2600 1307 2638 Βι
1443 2613 1491 2650 13
1520 2603 1724 2642 adserunt
1746 2608 1787 2642 et
1808 2609 1904 2641 test.

169 2654 260 2693 AK
417 2668 465 2704 14
489 2660 585 2706 post
603 2655 815 2706 recipiunt
835 2654 930 2695 add.
954 2655 1202 2694 Canomiani
1223 2655 1315 2707 (leg.
1337 2655 1445 2706 Am)
1470 2657 1511 2694 id
1532 2663 1597 2695 est
1616 2658 1689 2707 qui
1711 2658 1824 2708 (quia
1845 2657 1905 2707 Β)

168 2710 297 2749 latine
318 2710 409 2747 sine
431 2710 525 2759 lege
547 2710 744 2749 dicuntur
763 2709 846 2748 BD
870 2711 972 2762 (non
992 2709 1111 2760 ΑΗ)
1264 2711 1312 2748 18
1341 2711 1441 2760 spir.
1464 2718 1635 2750 sanctus
1657 2718 1721 2750 est
1743 2712 1904 2761 incorp

169 2778 246 2803 nec
267 2777 392 2803 mem.
415 2763 460 2802 K
617 2777 666 2814 19
695 2765 981 2813 distinguntur
1002 2763 1047 2801 K
1207 2764 1259 2803 ab
1280 2778 1362 2804 om.
1392 2764 1428 2802 T
1590 2766 1834 2805 Hieracitae
1853 2766 1906 2804 ab

171 2818 355 2858 Hieraca
393 2819 516 2858 Arev.
551 2818 618 2864 (ex
643 2819 760 2869 Aug.
792 2819 839 2857 de
874 2820 1025 2858 hams.
1057 2821 1139 2868 47Ὗ,
1172 2824 1277 2869 vecte,
1321 2820 1405 2857 πίει
1438 2819 1593 2858 Isi¹don
1625 2834 1738 2859 error
1773 2821 1908 2859 subest

169 2885 220 2911 22
249 2874 363 2912 urbis
380 2886 520 2912 romae
539 2872 583 2910 K
692 2874 827 2913 exorti
845 2888 926 2914 om.
944 2873 990 2911 K
1097 2887 1149 2923 23
1179 2879 1359 2913 conatui
1371 2873 1516 2914 BTut
1530 2875 1609 2914 vid
1722 2887 1772 2923 25
1795 2877 1904 2924 quod

170 2927 212 2965 in
229 2932 355 2978 temp
369 2927 414 2966 K
521 2930 574 2966 26
595 2941 677 2978 quo
694 2927 739 2966 K
846 2941 895 2979 27
912 2933 1007 2979 post
1021 2929 1120 2967 dicti
1134 2927 1230 2967 add.
1245 2928 1333 2967 sive
1350 2942 1374 2968 a
1389 2936 1654 2979 paupertate.
1691 2929 1903 2969 Christum

170 2981 280 3020 enim
313 2995 390 3032 per
419 2982 655 3032 profectum
693 2983 827 3021 solum
855 2984 990 3022 virum
1021 2983 1173 3022 iustum
1205 2988 1353 3034 putant
1383 2985 1594 3023 effectum.
1652 2984 1772 3022 Vnde
1803 2997 1902 3023 con-

170 3041 367 3084 petenter
396 3037 563 3076 ebionei
595 3051 673 3088 pro
704 3043 953 3088 paupertate
985 3038 1304 3087 intellegentiae
1335 3038 1533 3089 appellati
1557 3039 1702 3091 <conp-
1729 3038 1782 3089 C)
1805 3046 1904 3078 sunt

172 3087 303 3128 CUT2
325 3090 425 3142 (non
444 3091 552 3140 AD>
