2176 3424
1124 133 1395 182 ISIDORI

333 264 363 310 3
387 263 459 302 est
486 255 658 305 stativa
684 266 731 306 et
762 258 868 308 sine
906 269 1043 308 motu
1077 262 1310 324 aequalis.
1386 265 1533 313 Vnda
1559 282 1687 327 vero,
1716 268 1938 318 eminens
1975 270 2134 335 liquor

389 338 472 400 qui
499 354 692 402 semper
718 341 767 388 in
794 350 934 390 motu
960 351 1046 390 est.
1123 344 1379 394 Lucretius
1406 345 1477 410 (2,
1501 349 1643 411 151):

1069 425 1240 474 Aerias
1278 429 1451 488 undaS‚

389 503 436 552 id
464 512 537 553 est
563 514 740 566 motus,
771 516 819 555 et
845 523 1025 571 corpus
1051 507 1173 557 illud
1206 511 1343 572 quod
1377 511 1647 561 refluctuat.
1720 515 1852 562 Nam
1879 531 1971 564 nec
1999 518 2134 566 unda

387 602 473 649 per
498 603 550 636 se
574 603 702 650 aqua
727 598 813 648 est,
842 591 929 638 sed
955 606 1084 653 aqua
1109 589 1160 638 in
1186 600 1324 640 motu
1351 593 1570 655 quodam
1605 603 1653 642 et
1685 595 1964 658 agitatione,
1993 598 2133 661 quasi
2155 619 2176 661 5

327 678 360 725 4
384 668 448 716 ab
490 670 658 717 eundo
697 680 744 719 et
783 672 1054 731 redeundo,
1096 674 1231 721 unda
1271 683 1462 723 vocata.
1537 677 1690 724 Latex
1734 680 1928 740 proprie
1969 679 2131 742 liquor

327 757 358 806 5
383 750 530 798 fontis
557 761 629 799 est
649 770 661 812 3
696 762 743 801 et
780 754 915 801 dicta
951 755 1081 801 latex
1118 756 1255 816 quod
1292 754 1342 802 in
1379 755 1517 804 venis
1554 766 1709 806 terrae
1752 760 1915 807 lateat.
1977 761 2131 809 Gutta

380 841 453 881 est
507 849 634 895 quae
683 843 789 894 stat,
833 834 973 894 stilla,
1013 852 1140 898 quae
1200 836 1346 884 cadit.
1436 837 1573 887 Hinc
1628 839 1944 900 stillicidium,
1991 843 2128 904 quasi

383 915 510 962 stilla
546 916 743 964 cadens.
818 917 960 965 Stiria
997 916 1128 965 enim
1169 918 1415 967 Graecum
1459 928 1545 981 est,
1585 921 1635 970 id
1673 931 1746 970 est
1793 931 1961 985 gutta:
2014 924 2130 973 inde

384 997 437 1044 fit
485 996 850 1058 diminutivum,
901 1007 954 1046 ut
1005 998 1228 1048 dicamus
1279 1001 1439 1050 stilla:
1500 1003 1620 1050 dum
1667 1013 1833 1052 autem
1883 1014 1991 1064 stat,
2047 1016 2129 1054 aut
2156 1028 2174 1056 1

383 1079 569 1140 pendet
623 1081 685 1127 de
733 1079 874 1128 tectis
912 1081 987 1128 vel
1029 1079 1302 1141 arboribuS,
1352 1082 1491 1144 quasi
1542 1083 1788 1146 glutinosa
1840 1095 1977 1148 gutta
2025 1096 2096 1135 est
2119 1107 2131 1148 3

326 1160 503 1207 6dum
553 1160 798 1220 ceciderit,
850 1161 976 1209 stilla
1024 1170 1111 1210 est.
1187 1165 1372 1225 Spuma
1424 1164 1557 1213 dicta
1607 1163 1722 1232 [est]
1770 1167 1834 1215 ab
1883 1184 1942 1216 eo
1991 1172 2126 1231 quod

385 1251 620 1304 spuatur,
655 1245 824 1292 sordes
855 1245 988 1292 enim
1023 1253 1136 1292 sunt
1174 1246 1419 1293 undarum
1442 1265 1455 1307 3
1494 1248 1628 1296 unde
1667 1256 1715 1296 et
1749 1258 1966 1298 mustum
1996 1260 2043 1299 et
2074 1268 2131 1300 ea

385 1340 512 1387 quae
537 1333 818 1387 coquuntur
835 1343 1010 1389 spuma
1031 1335 1310 1389 purgantur.
1388 1328 1525 1376 Hinc
1551 1338 1598 1378 et
1623 1339 1836 1392 sputum.

252 1420 358 1459 XX1
522 1408 602 1454 DE
630 1422 962 1456 FLVMINIBVS.
1038 1408 1238 1456 Fluvius
1263 1417 1337 1457 est
1363 1410 1592 1472 perennis
1611 1428 1849 1474 aquarum
1877 1414 2126 1474 decursus,
2155 1438 2176 1466 1:

381 1504 409 1535 a
435 1489 636 1537 fluendo
672 1489 913 1552 perpetim
951 1489 1125 1538 dictus.
1202 1490 1403 1553 Proprie
1431 1501 1596 1541 autem
1631 1494 1817 1543 flumen
1848 1495 1953 1558 ipsa
1983 1513 2125 1559 aqua,

381 1569 556 1617 fluvius
582 1587 751 1618 cursus
776 1588 949 1634 aquae.
1025 1570 1163 1619 Prius
1190 1580 1355 1621 autem
1383 1574 1567 1622 flumen
1585 1590 1734 1636 quam
1761 1576 1950 1636 fluvius,
1980 1579 2029 1626 id
2055 1588 2128 1627 est

381 1651 511 1713 prior
535 1669 664 1714 aqua
685 1669 833 1715 quam
862 1654 1113 1701 decursus,
1180 1655 1296 1702 Duo
1316 1662 1483 1703 autem
1504 1665 1617 1704 sunt
1634 1656 1894 1706 fluminum
1915 1676 2093 1722 genera
2116 1681 2124 1709 ι

381 1750 536 1781 unum
591 1743 793 1794 torrens,
837 1736 1044 1783 alterum
1088 1734 1266 1783 vivum.
1358 1738 1436 1784 De
1475 1754 1575 1799 quo
1623 1739 1866 1801 Vergilius
1915 1740 2124 1807 (Aen.2,

384 1814 528 1877 719)=
2153 1848 2169 1875 2

1056 1900 1233 1947 Donec
1273 1915 1352 1947 me
1390 1900 1593 1948 flumine
1630 1901 1740 1949 vivo

715 1981 936 2029 abluero.

326 2078 355 2113 2
378 2064 593 2110 Torrens
620 2071 692 2110 est
716 2078 846 2125 aqua
870 2062 1074 2111 veniens
1101 2079 1215 2110 cum
1250 2062 1452 2125 impetu.
1527 2066 1703 2114 Dictus
1737 2075 1902 2115 autem
1935 2076 2123 2117 torrens

379 2144 494 2207 quia
520 2144 684 2208 pluvia
713 2143 899 2204 crescit,
931 2144 1149 2193 siccitate
1189 2145 1424 2206 torrescit,
1451 2145 1502 2195 id
1537 2155 1610 2195 est
1644 2148 1831 2197 arescit.
1910 2151 1986 2198 De
2022 2167 2122 2212 quo

380 2226 621 2275 Pacuvius
643 2225 750 2291 (13)
776 2245 785 2275 τ
2145 2256 2176 2283 21

801 2309 1055 2357 Flammeo
1091 2324 1273 2372 vapore
1310 2317 1498 2357 torrens
1535 2318 1699 2360 torret.

379 2389 473 2440 Cui
511 2390 687 2439 Graeci
721 2390 784 2438 ab
819 2390 982 2438 hieme
1019 2406 1205 2438 nomen
1242 2391 1500 2451 dederunt,
1531 2408 1622 2440 nos
1648 2393 1712 2440 ab
1747 2402 1966 2455 aestate3
2002 2395 2068 2443 illi
2094 2413 2123 2444 a

324 2494 354 2541 3
377 2481 598 2536 tempore
636 2489 736 2536 quo
771 2471 1046 2532 succrescit,
1083 2489 1174 2520 nos
1204 2489 1234 2520 a
1270 2482 1492 2535 tempore
1526 2490 1626 2536 quo
1652 2474 1873 2524 siccatur.
1947 2477 2122 2526 Amnis

377 2553 551 2602 fluvius
572 2563 645 2602 est
668 2571 871 2604 nemore
896 2571 953 2602 ac
974 2554 1230 2603 frondibus
1255 2554 1525 2614 redimitus,
1549 2564 1596 2604 et
1613 2572 1670 2604 ex
1696 2556 1801 2620 ipsa
1823 2558 2123 2609 amoenitate

434 2693 450 2718 1
482 2680 630 2719 Vndae
648 2679 693 2717 K
802 2693 825 2717 2
855 2679 925 2729 qui
946 2692 1028 2719 om.
1044 2679 1090 2718 K
1207 2693 1233 2729 3
1263 2679 1402 2718 varias
1422 2679 1457 2718 C
1508 2679 1660 2719 fundas
1681 2681 1739 2720 K1
1851 2686 1878 2722 6
1897 2697 1988 2724 voc.
2007 2691 2072 2724 est
2089 2686 2125 2725 C

379 2749 399 2786 7
422 2741 464 2774 et
483 2748 567 2774 om.
586 2734 621 2772 C
727 2735 753 2772 8
773 2735 872 2773 hinc
890 2740 932 2772 et
947 2740 998 2773 st.
1015 2734 1062 2772 K
1159 2747 1186 2783 9
1206 2735 1295 2774 cad.
1314 2739 1379 2773 est
1398 2733 1432 2773 C
1522 2736 1627 2774 stria
1649 2736 1781 2788 T1<cf.
1802 2737 1944 2778 XVII.
1959 2751 2054 2780 vm.
2074 2742 2118 2790 5)

382 2804 431 2829 10
459 2789 550 2842 aut]
571 2788 639 2827 vel
656 2788 690 2827 C
826 2802 871 2827 11
903 2789 1022 2839 quasi
1043 2802 1125 2829 om.
1147 2787 1197 2827 C1
1307 2789 1476 2839 glutino
1495 2789 1543 2828 K
1673 2804 1722 2830 12
1753 2791 1934 2844 Spuma]
1955 2793 2066 2833 stilla
2080 2795 2121 2833 Β

379 2852 446 2885 est
460 2845 552 2884 hab.
569 2843 667 2883 CT:
688 2856 771 2882 om.
786 2843 889 2881 B¹K
945 2843 1078 2895 quod]
1098 2857 1181 2894 quo
1208 2843 1246 2882 T
1354 2855 1402 2892 13
1423 2850 1615 2883 estuatur
1628 2845 1675 2883 K
1785 2860 1833 2895 14
1854 2849 2122 2897 cogunturK

381 2913 430 2950 15
460 2911 692 2950 perennem
714 2898 772 2936 Β1
883 2911 1030 2937 cursus
1050 2898 1096 2936 K
1243 2911 1289 2948 17
1320 2897 1490 2949 cursus]
1513 2900 1630 2938 cuius
1649 2898 1739 2938 ΒΚ
1845 2901 1982 2953 prius]
2005 2904 2120 2952 prior

376 2953 584 2994 BCOTX
693 2954 741 2991 18
769 2958 869 2991 sunt
889 2967 954 2993 au.
974 2953 1038 2992 B:
1059 2958 1157 2992 sunt
1172 2952 1218 2990 K
1328 2966 1378 3003 19
1407 2953 1516 2992 alter
1530 2953 1592 2993 C:
1610 2967 1693 2993 om.
1709 2953 1756 2992 K
1862 2969 1915 2994 22
1943 2956 2118 2997 abluere

383 3009 421 3046 T
577 3009 631 3047 26
658 3008 873 3059 flammeo]
896 3009 1148 3057 ssammoque
1174 3007 1212 3045 T
1227 3007 1330 3056 (non
1351 3008 1407 3059 U)
1519 3021 1612 3059 vap.
1636 3014 1678 3047 te
1698 3015 1867 3049 torrens
1886 3016 2020 3051 torret
2038 3012 2092 3051 M
2106 3027 2116 3052 :

374 3076 575 3113 vaporem
597 3063 710 3114 quod
729 3062 981 3103 succresscit
1000 3063 1047 3101 N
1058 3063 1159 3114 (non
1183 3061 1363 3114 OPDF)
1501 3076 1555 3112 29
1584 3068 1648 3101 est
1668 3077 1748 3103 om.
1773 3065 1814 3102 Β
