2228 3444
1083 207 1357 258 ISIDORI

349 341 637 390 tractabant.
709 341 859 389 Vnde
885 349 933 389 et
957 339 1223 388 concilium
1249 357 1279 388 a
1303 342 1559 388 communi
1593 340 1868 389 intentione
1893 338 2096 399 dictum,

348 422 488 486 quasi
527 421 824 471 comcilium.
901 424 1032 472 Nam
1068 420 1180 470 cilia
1215 423 1474 471 oculorum
1511 431 1638 471 sunt.
1712 423 1861 471 Vnde
1901 431 1949 470 et
1987 438 2101 471 con-

270 516 324 563 13
348 504 529 554 sidium
567 503 843 563 consilium,
886 506 933 552 D
970 503 1021 552 in
1058 504 1100 551 L
1137 503 1347 553 litteram
1385 514 1683 554 transeunte.
1759 506 1946 555 Coetus
1986 521 2100 552 vero

347 597 620 637 conventus
654 596 727 636 est
752 588 829 636 vel
861 585 1191 650 congregatio,
1223 602 1252 634 a
1285 588 1530 646 coeundo,
1558 586 1610 636 id
1647 595 1720 635 est
1753 585 2100 635 conveniendo

347 669 397 718 in
434 686 604 718 unum.
690 670 839 718 Vnde
879 677 927 718 et
970 677 1273 718 conventum
1314 677 1387 717 est
1426 677 1785 732 nuncupatum,
1825 667 1951 717 sicut
1987 684 2100 716 con-
2125 684 2144 722 5

346 761 522 801 ventus
549 761 720 800 coetus
745 752 822 799 vel
848 749 1130 810 concilium,
1159 767 1188 798 a
1213 749 1449 800 societate
1475 752 1743 799 multorum
1770 751 1822 798 in
1846 767 2017 798 unum.

199 835 322 875 XVII
485 835 567 881 DE
593 847 757 882 cYCLo
785 835 1064 881 PASCHAm.
1139 833 1431 881 Paschalem
1456 834 1650 896 cyclum
1673 831 1977 897 Hippolytus
2003 831 2101 895 epi-

347 932 527 978 scopus
566 914 875 979 temporibus
913 914 1183 964 Alexandri
1219 914 1526 978 imperatoris
1565 916 1751 979 primus
1791 916 2096 977 conscripsit.

347 1000 467 1046 Post
493 1014 642 1061 quem
668 996 1001 1061 probatissimi
1035 1006 1261 1046 auctores
1287 996 1533 1046 Eusebius
1560 996 1905 1057 Caesariensis,
1934 998 2099 1045 Theo-

346 1081 509 1143 philus
535 1079 914 1140 Alexandrinus‚
946 1083 1156 1143 Prosper
1182 1096 1382 1143 quoque
1412 1078 1614 1128 natione
1643 1077 1923 1142 Aquitanus
1947 1088 2097 1142 atque
2124 1104 2175 1132 10

345 1161 609 1221 Victorius,
629 1161 940 1226 amplificatis
958 1161 1182 1211 eiusdem
1203 1161 1477 1210 festivitatis
1494 1161 1780 1222 rationibus,
1799 1160 2096 1224 multiplices

292 1256 323 1289 2
346 1243 554 1293 circulos
573 1244 851 1294 ediderunt.
907 1243 1062 1294 Cuius
1080 1244 1281 1307 quidem
1300 1242 1541 1292 rationem
1558 1242 1871 1292 beatissimus
1888 1242 2098 1306 Cyrillus

346 1326 675 1376 Alexandriae
707 1325 840 1375 urbis
872 1325 1135 1390 episcopus
1172 1325 1222 1374 in
1256 1325 1526 1389 nonaginta
1563 1324 1783 1388 quinque
1819 1342 1976 1374 annos
2013 1342 2100 1388 per

347 1408 611 1473 quinquies
637 1410 814 1458 decem
840 1408 1011 1458 novies
1037 1410 1301 1468 calculans,
1330 1416 1487 1471 quoto
1518 1409 1630 1456 Kal.
1659 1409 1735 1456 vel
1768 1409 1885 1456 luna
1918 1407 2098 1457 debeat

292 1504 323 1552 3
347 1490 591 1554 paschalis
618 1492 924 1540 sollemnitas
958 1490 1207 1551 celebrari,
1238 1507 1432 1539 summa
1465 1490 1703 1539 brevitate
1733 1487 1933 1539 notavit.
2007 1489 2099 1551 Cy-
2126 1511 2172 1550 15

348 1575 479 1622 clum
510 1582 678 1622 autem
713 1582 944 1623 vocatum
982 1590 1042 1623 eo
1077 1575 1214 1637 quod
1247 1572 1299 1621 in
1332 1572 1452 1622 orbe
1485 1571 1732 1636 digestum
1766 1571 1840 1631 sit,
1878 1580 1926 1620 et
1959 1572 2097 1634 quasi

348 1657 399 1704 in
432 1655 617 1705 circulo
649 1655 945 1720 dispositum
978 1655 1203 1705 ordinem
1238 1656 1520 1719 conplectat
1552 1671 1797 1703 annorum
1823 1652 1929 1702 sine
1954 1652 2101 1702 varie-

292 1753 324 1800 4
349 1746 448 1787 tate
474 1746 522 1786 et
548 1739 654 1787 sine
689 1739 787 1786 ulla
816 1746 931 1787 arte.
1005 1738 1156 1787 Vnde
1192 1739 1376 1786 factum
1409 1746 1481 1785 est
1514 1745 1567 1784 ut
1597 1735 1838 1799 cuiusque
1867 1733 2101 1784 materiae

348 1819 564 1868 carmina
595 1818 806 1883 simplici
837 1820 1084 1869 formitate
1117 1821 1246 1868 facta
1282 1818 1466 1882 cyclica
1501 1827 1807 1868 vocarentur.
1882 1818 2020 1865 Hinc
2051 1827 2099 1865 et

347 1902 637 1951 laterculum
679 1902 884 1962 dictum,
925 1903 1061 1964 quod
1101 1900 1326 1950 ordinem
1370 1900 1550 1949 habeat
1593 1908 1797 1949 stratum
1837 1915 2095 1949 annorum.
2125 1918 2176 1947 20

292 1998 322 2046 5
349 1985 553 2034 CYCLvs
582 1998 776 2032 PRles
807 1985 1316 2032 DECEMNOVENALIS.

1657 2052 1829 2099 Lunae

616 2135 671 2182 B.
759 2135 901 2184 Com.
944 2150 1022 2182 an.
1067 2149 1118 2182 11.
1163 2135 1284 2182 Idus
1473 2133 1625 2195 April.
1699 2147 1787 2181 xx.

755 2217 812 2265 C.
840 2230 906 2263 V1.
938 2217 1050 2264 Kal.
1470 2213 1622 2277 April.
1697 2230 1803 2262 xvl.

750 2300 861 2346 Em.
890 2312 996 2345 xvl.
1026 2298 1138 2345 Kal.
1473 2295 1593 2344 Mai.
1695 2311 1822 2343 xv11.
2125 2326 2142 2353 2
2152 2325 2173 2364 5

755 2380 811 2429 C.
840 2394 906 2427 VI.
937 2380 1059 2428 Idus
1473 2376 1627 2441 April.
1697 2392 1786 2425 xx.

408 2522 424 2547 1
458 2510 568 2548 unde
590 2523 708 2550 conc.
732 2508 767 2548 C
894 2509 1217 2558 intemptatione
1240 2507 1292 2545 M
1399 2521 1423 2546 2
1455 2507 1716 2560 comcilium]
1737 2507 1958 2547 concilium
1982 2506 2098 2546 MT:

349 2564 594 2603 conscilium
619 2564 683 2603 U:
714 2565 934 2603 consilium
955 2562 1123 2603 BCKV
1138 2578 1147 2603 :
1177 2562 1533 2602 communicilium
1554 2562 1683 2603 Arev.
1861 2562 2097 2602 considium

350 2619 575 2658 consilium
610 2617 799 2657 BCMK¹
838 2623 886 2658 ut
916 2618 997 2658 vid.
1037 2618 1095 2656 V:
1139 2618 1372 2657 considium
1411 2616 1468 2656 T:
1518 2617 1739 2656 consilium
1780 2617 1998 2656 consilium
2038 2615 2100 2654 K²

348 2685 373 2723 5
404 2674 453 2713 si.
483 2687 507 2712 a
535 2679 749 2713 conventu
777 2687 865 2714 coe.
898 2674 955 2712 ita
983 2678 1026 2711 et
1057 2686 1176 2713 conc.
1210 2671 1257 2710 K
1282 2672 1385 2724 (non
1406 2671 1501 2724 A):
1539 2672 1588 2712 si.
1620 2677 1856 2712 conventus
1881 2672 1949 2710 vel
1977 2684 2096 2711 cone.

352 2727 453 2767 CT:
500 2729 549 2768 si.
581 2736 624 2768 et
654 2741 747 2769 con.
780 2741 872 2769 coe.
902 2729 971 2768 vel
1001 2728 1180 2767 concilio
1210 2727 1267 2766 V:
1301 2727 1407 2776 fort.
1437 2727 1487 2766 si.
1517 2733 1730 2767 conventu
1760 2739 1848 2767 coe.
1880 2727 1945 2765 vel
1975 2739 2096 2765 conc.

349 2784 375 2821 6
403 2783 445 2821 in
466 2796 594 2822 unum
615 2797 696 2822 om.
719 2782 766 2820 K
783 2785 887 2828 (non
907 2784 971 2833 A)
1116 2795 1162 2822 11
1194 2781 1427 2821 victorinus
1446 2780 1571 2820 BCK
1717 2794 1766 2830 13
1795 2781 2096 2820 alexandrinae

348 2838 466 2877 urbis
479 2837 560 2877 BC
577 2853 586 2877 ε
614 2838 917 2877 alexandrinus
937 2837 983 2875 K
1067 2850 1116 2888 14
1145 2835 1389 2888 quinquies]
1411 2836 1531 2886 quies
1549 2834 1595 2874 K
1610 2837 1712 2885 (non
1727 2836 1789 2889 A)
1879 2849 1926 2885 17
1957 2834 2098 2885 dispo-

348 2893 432 2932 sito
453 2891 500 2930 K
619 2894 669 2931 18
699 2893 849 2942 cuique
869 2891 934 2932 B:
965 2893 1121 2943 quique
1149 2891 1209 2932 T:
1237 2892 1534 2941 cuiuscumque
1554 2889 1636 2931 CK
1757 2902 1806 2941 19
1837 2890 2035 2929 firmitate
2056 2887 2102 2927 K

349 2947 469 2997 cycla
485 2947 580 2999 (ci-)
603 2946 701 2987 ClK
799 2947 911 2987 Hinc
933 2954 975 2987 et
997 2961 1125 2999 usque
1141 2946 1201 2986 ad
1219 2946 1317 2986 Mai.
1333 2957 1409 2985 XVI
1430 2946 1539 2997 (xvu
1559 2948 1621 2995 §9
1641 2943 1700 2985 ad
1705 2945 1813 2996 fin.)
1831 2944 1980 2983 desunt
1996 2945 2038 2983 in
2054 2941 2100 2981 K

351 3002 444 3051 (ubi
463 3003 623 3052 folium
659 3015 797 3042 unum
830 3003 1056 3041 exscissam
1092 3002 1166 3051 est)
1210 2999 1314 3041 061.
1381 3000 1434 3039 In
1475 2999 1528 3038 M
1560 3001 1694 3039 aliena
1731 2999 1951 3038 substituta
1987 3003 2097 3039 sunt.

350 3058 397 3103 ἐξ
433 3068 515 3107 5-9
561 3055 756 3097 Codicum
802 3056 1094 3108 discrepantias
1139 3057 1183 3095 in
1231 3054 1392 3096 tabulae
1433 3053 1650 3095 Paschalis
1695 3054 1882 3094 numeris
1930 3054 2096 3106 neglexi.

360 3109 565 3152 Tabulam
594 3111 820 3152 secundum
849 3111 1084 3152 Arevalum
1113 3110 1207 3152 dedi
