2176 3424
1045 74 1320 123 ISIDORI

302 211 424 254 mus,
469 197 606 259 quasi
648 199 935 263 forvicapes.
1011 205 1141 251 Nam
1188 206 1378 254 forvum
1419 216 1492 256 est
1531 209 1744 259 calidum
1766 230 1778 271 3
1828 215 1961 262 unde
2009 224 2057 264 et

302 278 542 326 fervidum
565 297 578 339 3
617 282 751 329 unde
777 291 824 330 et
850 284 1093 332 formosos
1119 285 1331 336 dicimus
1361 289 1542 352 quibus
1568 293 1700 341 calor
1725 295 1974 359 sanguinis
1999 313 2057 346 ex

244 370 277 417 4
302 359 480 409 rubore
505 362 925 424 pulchritudinem
953 375 1098 416 creat.
1175 368 1316 418 Lima
1346 370 1477 420 dicta
1513 390 1573 421 eo
1599 377 1735 436 quod
1761 377 1872 426 lene
1897 378 2056 427 faciat.

304 443 433 490 Nam
460 444 632 491 limum
665 446 775 494 lene
813 456 901 495 est.
975 448 1159 498 Cilium
1192 460 1265 500 est
1302 455 1436 502 unde
1471 466 1735 517 operantur
1769 460 2028 522 argentarii
2046 479 2058 522 3

300 540 329 571 a
355 541 455 587 quo
481 534 529 573 et
555 528 742 575 caelata
767 545 882 576 vasa
908 529 1154 580 dicuntur.

171 609 275 648 VIII
439 608 521 654 DE
548 622 784 658 FABRlcrs
811 625 1096 662 PARIETVM.
1173 616 1233 662 In
1253 616 1449 666 fabricis
1477 618 1718 680 parietum
1744 631 1892 685 atque
1909 633 2059 673 tecto-

301 705 407 735 rum
438 690 612 738 Graeci
639 690 948 741 inventorem
979 696 1258 745 Daedalum
1293 700 1526 749 adserunt
1548 720 1560 762 3
1600 703 1690 750 iste
1710 702 1839 752 enim
1873 707 2058 768 primus

301 770 535 820 didicisse
563 772 799 821 fabricam
826 791 855 822 a
882 775 1110 825 Minerva
1135 778 1327 828 dicitur.
1403 783 1443 828 F
1444 781 1589 831 abros
1624 793 1787 834 autem
1817 786 1917 836 sive
1952 788 2060 837 arti-

301 853 418 900 fices
459 853 636 902 Graeci
678 857 893 908 τέκτονας
931 868 1123 919 vocant,
1163 859 1214 909 id
1263 871 1335 910 est
1383 861 1714 914 instructores.
1788 868 2057 919 Architecti

299 943 464 983 autem
492 937 807 985 caementarii
834 948 961 999 sunt,
991 940 1075 1003 qui
1106 942 1379 1005 disponunt
1412 946 1460 993 in
1488 947 1838 999 fundamentis.
1910 953 2058 1002 Vnde
2085 970 2132 998 ιο

300 1025 348 1064 et
374 1019 646 1079 Apostolus
673 1020 735 1067 de
762 1020 1028 1084 semetipso
1055 1022 1100 1087 (1
1124 1023 1238 1074 Cor.
1259 1043 1301 1088 3,
1328 1025 1408 1091 10)
1439 1031 1449 1052 ‘
1471 1029 1626 1089 Quasi
1653 1030 1873 1094 sapiens'
1899 1032 2058 1097 inquit

245 1115 274 1149 2
305 1098 629 1148 ‘architectus
656 1102 1037 1152 fundamentum
1075 1106 1250 1168 posui.⁷
1322 1108 1582 1158 Maciones
1613 1111 1731 1160 dicti
1763 1130 1792 1161 a
1818 1115 2056 1164 machinis

302 1182 351 1227 in
378 1180 558 1243 quibus
586 1181 815 1232 insistunt
841 1194 1040 1248 propter
1064 1186 1377 1238 altitudinem
1404 1191 1659 1254 parietum.

218 1274 278 1314 IX
441 1265 523 1311 DE
549 1278 930 1315 DlsPos1T1oNE.
1003 1268 1357 1319 Aedificiorum
1395 1282 1556 1335 partes
1582 1283 1695 1323 sunt
1721 1285 1844 1325 tres:
1898 1276 2060 1340 dispo-

302 1344 426 1405 sitio,
473 1347 788 1408 constructio,
833 1358 1076 1399 venustas.
1152 1351 1427 1416 Dispositio
1465 1365 1537 1404 est
1573 1372 1715 1406 areae
1751 1360 1827 1407 vel
1865 1359 1972 1408 solii
2010 1369 2131 1418 et15

300 1428 736 1476 fundamentorum
765 1429 1030 1494 discriptio.
1317 1422 1319 1424 ¹

235 1519 274 1556 X
437 1512 520 1558 DE
545 1525 997 1562 CONSTRVCTIONE.
1063 1516 1382 1566 Constructio
1399 1528 1472 1568 est
1493 1521 1697 1569 laterum
1720 1531 1767 1571 et
1787 1522 2058 1574 altitudinis

298 1591 590 1641 aedificatio.
666 1593 986 1644 Constructio
1021 1606 1187 1646 autem
1224 1602 1301 1648 vel
1336 1600 1594 1651 instructio
1625 1614 1799 1653 vocata
1836 1622 1895 1654 eo
1922 1608 2056 1669 quod

298 1673 555 1737 instringat
580 1684 626 1724 et
654 1677 916 1726 cohaerere
943 1678 1101 1739 faciat,
1132 1690 1184 1729 ut
1211 1682 1399 1745 lapides
1426 1685 1531 1732 luto
1558 1693 1605 1733 et
1641 1685 1771 1749 ligna
1797 1695 1844 1735 et
1869 1687 2056 1751 lapides

298 1756 509 1805 invicem
549 1757 654 1806 sibi.
732 1760 861 1806 Nam
902 1770 949 1808 et
986 1760 1214 1812 intinctio
1247 1765 1357 1813 ferri
1396 1765 1445 1813 in
1479 1783 1608 1830 aqua
1642 1767 1917 1818 instrictura
1954 1779 2027 1819 est
2046 1789 2058 1831 3
2082 1786 2132 1814 20

301 1837 392 1886 nisi
430 1838 560 1887 enim
600 1841 819 1889 candens
858 1841 1118 1905 tinguatur,
1159 1845 1328 1909 stringi
1365 1857 1412 1897 et
1455 1850 1718 1899 cohaerere
1756 1868 1858 1899 non
1896 1861 2057 1915 potest

298 1922 491 1969 ferrum.
570 1924 696 1971 Item
731 1925 1034 1974 constructio
1065 1943 1093 1974 a
1128 1928 1445 1978 multitudine
1483 1932 1704 1994 lapidum
1740 1942 1787 1981 et
1813 1934 2055 1997 lignorum

299 2003 430 2052 dicta
448 2022 461 2064 3
498 2005 632 2052 unde
658 2013 705 2053 et
731 2013 900 2055 strues.
977 2007 1126 2058 Aliud
1154 2019 1226 2058 est
1252 2010 1384 2059 enim
1404 2012 1697 2073 aedificatio,
1725 2014 1859 2064 aliud
1880 2017 2058 2064 instau-

299 2085 456 2145 ratio;
508 2103 623 2134 nam
663 2087 944 2137 aedificatio
984 2107 1112 2140 nova
1151 2093 1455 2142 constructio
1492 2104 1578 2155 est,
1618 2095 1904 2147 instauratio
1940 2116 2055 2148 vero

299 2169 432 2229 quod
460 2177 708 2230 reparatur
731 2171 794 2218 ad
812 2171 962 2219 instar
987 2172 1174 2235 prioris.
1238 2177 1368 2224 Nam
1397 2176 1548 2225 instar
1571 2187 1758 2227 veteres
1784 2197 1872 2243 pro
1891 2180 2052 2230 simili·
2077 2195 2127 2236 25

243 2256 272 2290 2
299 2249 471 2298 tudine
495 2251 779 2311 ponebant:
819 2251 935 2302 inde
962 2263 1008 2302 et
1034 2253 1303 2305 instaurare
1329 2257 1579 2307 dicebant.
1654 2261 1861 2310 Constat
1886 2272 2050 2312 autern

298 2330 600 2379 constructio
616 2333 956 2394 fundamento,
976 2335 1238 2399 lapidibus,
1251 2341 1558 2400 calce,arena
1577 2351 1624 2390 et
1641 2341 1795 2406 lignis.
1860 2346 1900 2392 F
1902 2347 2052 2394 unda-

2084 565 2104 604 5

358 2472 374 2496 1
409 2459 645 2510 forbicapes
668 2463 734 2514 (es
755 2464 798 2502 in
821 2466 924 2515 ναε.)
956 2464 993 2502 Τ
1068 2467 1232 2506 forbum
1253 2468 1298 2505 K
1372 2469 1459 2521 est]
1476 2477 1518 2509 et
1549 2471 1587 2509 T
1731 2485 1755 2510 2
1786 2473 1990 2514 serbidum
2019 2476 2056 2514 T

298 2514 530 2553 formosum
551 2515 641 2552 KN
818 2531 843 2567 3
874 2519 1025 2558 robore
1047 2521 1093 2558 K
1271 2537 1295 2572 4
1327 2537 1394 2563 un.
1419 2530 1461 2562 et
1484 2538 1551 2575 op.
1580 2526 1615 2564 C
1739 2528 1988 2578 operiuntur
2007 2531 2052 2568 K

299 2580 319 2616 7
352 2569 535 2607 didalum
577 2571 665 2608 KT
824 2575 849 2611 8
879 2575 1057 2613 frabrica
1096 2576 1142 2614 K
1299 2592 1325 2627 9
1354 2592 1482 2628 grece
1522 2580 1568 2618 K
1703 2587 1897 2621 tectonos
1936 2585 2046 2624 codd.

302 2635 350 2660 10
380 2625 615 2663 cimentarii
641 2626 730 2663 KT
899 2641 946 2666 12
979 2629 1228 2669 Machiones
1252 2631 1287 2670 C
1420 2647 1444 2672 a
1460 2634 1718 2674 macinisK:
1749 2650 1772 2675 a
1792 2638 1992 2678 macionis
2017 2640 2054 2678 Τ

301 2689 347 2726 14
378 2678 484 2720 Aed.
508 2693 590 2719 om.
613 2679 704 2716 KN
719 2681 834 2732 (cum
856 2683 972 2721 titulo
991 2685 1203 2736 coniungit
1220 2686 1277 2737 B)
1511 2690 1695 2738 parietes
1715 2691 1845 2729 BKN
1861 2693 1961 2743 (non
1986 2694 2028 2731 U
2033 2697 2046 2744 )

302 2744 348 2781 15
380 2735 628 2773 constrictio
652 2734 701 2772 C¹
963 2739 1043 2777 soli
1069 2739 1146 2778 CT
1315 2742 1363 2779 18
1393 2743 1583 2782 aedificio
1603 2744 1671 2782 B:
1700 2745 1939 2784 aedificium
1960 2747 2051 2786 KN

299 2788 402 2836 (non
429 2788 488 2838 U)
704 2802 752 2840 19
782 2790 994 2842 instringit
1019 2793 1214 2843 C¹2sort.
1239 2796 1418 2844 stringat
1583 2803 1627 2837 ut
1648 2812 1727 2839 om.
1754 2799 1843 2838 ΚΝ
1859 2805 1958 2852 (non
1985 2802 2043 2854 U)

296 2841 383 2880 luto
405 2855 485 2882 om.
513 2842 548 2881 C
728 2844 790 2895 et]
814 2851 859 2884 ut
882 2846 917 2884 C
1096 2854 1138 2887 et
1159 2849 1242 2899 lap.
1265 2863 1349 2890 om.
1371 2851 1582 2904 KN(non
1608 2852 1666 2903 U)
1898 2869 1950 2894 20
1981 2858 2044 2895 in-

297 2896 470 2936 tictione
509 2896 547 2934 T
838 2901 1090 2941 instructura
1119 2903 1218 2943 BC:
1257 2905 1587 2946 instructuotura
1616 2906 1682 2947 K:
1709 2909 1813 2956 sort.
1846 2911 2044 2951 strictura

296 2962 343 2986 21
377 2951 574 3001 instringi
605 2951 642 2989 T
771 2967 822 2992 22
852 2955 963 2994 idem
985 2956 1031 2994 K
1165 2970 1217 3008 23
1248 2961 1374 2998 struis
1398 2960 1443 2998 K
1582 2974 1633 3011 25
1665 2975 1759 3000 nam
1780 2963 1831 3002 ad
1855 2964 1987 3004 instar
2014 2967 2052 3004 T

295 3006 348 3041 26
377 3005 475 3044 inde
498 3013 539 3045 et
560 3007 653 3046 inst.
672 3007 751 3047 dic.
774 3021 855 3047 om.
881 3010 971 3048 KN
988 3012 1091 3062 (non
1118 3011 1174 3064 U)
