2228 3444
534 177 1168 226 ETYMOLOGIARVM
1210 177 1336 222 LIB.
1377 178 1466 222 VI.
1506 177 1533 235 i,
1574 175 1606 222 ii

196 308 449 357 historiam
476 306 741 366 contineat,
771 300 964 368 utrique
994 313 1162 354 tamen
1197 306 1262 354 ad
1296 306 1493 353 Samuel
1519 306 1806 364 referuntur,
1834 305 1950 368 quia

193 390 298 454 ipse
341 390 509 438 uncxit
551 390 667 438 Saul
710 390 761 436 in
803 403 1023 451 regnum,
1062 386 1168 450 ipse
1206 385 1371 435 David
1414 385 1463 434 in
1506 402 1671 449 regem
1714 388 1945 438 futurum.

194 462 483 522 Cuius-libri
508 470 716 535 primam
741 479 931 535 partem
965 468 1256 531 conscripsit
1290 468 1422 517 idem
1451 470 1664 528 Samuel,
1692 472 1948 532 sequentia

191 571 305 603 vero
348 553 452 603 eius
495 570 652 617 usque
694 554 757 602 ad
797 553 983 601 calcem
1036 550 1227 614 scripsit
1266 550 1442 599 David.
1518 550 1789 599 Malachim
1827 553 1949 601 liber
1972 568 2017 601 11

144 659 165 698 5
190 635 397 699 proinde
434 636 719 699 appellatur,
749 651 809 683 eo
847 634 983 696 quod
1016 650 1152 696 reges
1188 634 1344 681 Iudae
1378 641 1425 681 et
1458 631 1755 681 Israeliticae
1789 634 1947 696 gentis

188 728 424 782 gestaque
461 734 631 766 eorum
682 734 768 780 per
805 715 1031 765 ordinem
1075 714 1263 779 digerat
1305 724 1599 778 temporum.
1675 715 1946 764 Melachim

190 800 322 849 enirn
362 800 624 858 Hebraice‚
667 797 842 846 Latine
879 800 1076 861 Regum
1125 796 1482 859 interpretatur.
1564 799 1719 845 Hunc
1766 798 1945 846 librum

191 880 423 931 Ieremias
448 879 633 944 primus
660 878 711 926 in
737 895 890 927 unum
916 880 1149 927 volumen
1176 877 1349 942 coegit.
1423 880 1555 926 Nam
1579 887 1725 928 antea
1752 896 1946 942 sparsus

191 972 291 1011 erat
327 979 413 1026 per
445 961 749 1025 singulorum
784 977 953 1024 regum
990 959 1230 1009 historias.
1306 959 1720 1023 Paralipomenon
1756 963 1946 1011 Graece
1970 972 2024 1006 12

121 1066 167 1094 10
190 1044 380 1104 dicitur,
403 1045 539 1107 quod
564 1059 655 1092 nos
681 1044 1135 1106 praetermissorum
1161 1043 1238 1090 vel
1263 1043 1562 1105 reliquorum
1589 1042 1752 1091 dicere
1780 1060 1946 1106 possu-

190 1143 314 1187 mus,
344 1125 459 1189 quia
494 1143 563 1186 ea,
589 1142 715 1188 quae
749 1124 798 1172 in
825 1126 932 1187 lege
957 1126 1034 1173 vel
1067 1140 1237 1187 regum
1270 1123 1405 1172 libris
1430 1125 1506 1172 vel
1533 1124 1716 1173 omissa
1741 1127 1817 1174 vel
1844 1142 1946 1174 non

189 1210 334 1272 plene
371 1209 521 1257 relata
558 1215 686 1267 sunt,
728 1208 777 1254 in
815 1206 909 1255 isto
952 1207 1237 1255 summatim
1274 1223 1332 1254 ac
1368 1205 1580 1255 breviter
1624 1205 1942 1270 explicantur.

190 1290 394 1339 Librum
422 1290 515 1339 Iob
541 1289 746 1352 quidam
768 1291 980 1352 Moysen
1007 1288 1254 1352 scripsisse
1278 1287 1584 1349 arbitrantur,
1604 1288 1685 1336 alii
1706 1306 1861 1337 unum
1887 1306 1945 1338 ex
1968 1302 2024 1348 13

191 1371 457 1436 prophetis,
481 1371 708 1420 nonnulli
729 1388 843 1420 vero
864 1372 1080 1420 eundem
1103 1371 1197 1419 Iob
1218 1379 1329 1434 post
1350 1372 1543 1434 plagam
1565 1387 1682 1419 suae
1702 1371 1944 1434 passionis

117 1471 134 1498 1
143 1463 164 1506 5
192 1453 479 1516 scriptorem
491 1452 640 1502 fuisse
651 1452 943 1513 existimant,
957 1453 1253 1501 arbitrantes
1262 1462 1328 1513 ut,
1343 1452 1428 1516 qui
1437 1453 1706 1502 certamina
1716 1452 1944 1517 spiritalis

192 1551 385 1598 pugnae
403 1535 644 1595 sustinuit,
666 1534 771 1599 ipse
788 1544 1001 1583 narraret
1018 1551 1139 1597 quas
1154 1533 1380 1583 victorias
1398 1534 1657 1598 expedivit.
1699 1535 1945 1599 Principia
1967 1550 2023 1596 14

189 1626 354 1666 autem
380 1626 429 1666 et
455 1618 576 1666 fines
603 1616 713 1665 libri
741 1617 834 1666 Iob
860 1618 994 1680 apud
1014 1616 1276 1666 Hebraeos
1297 1634 1442 1680 prosa
1467 1616 1690 1666 oratione
1715 1627 1946 1667 contexta

190 1708 317 1759 sunt,
346 1698 510 1748 media
546 1707 711 1747 autem
746 1697 898 1761 ipsius
934 1699 998 1747 ab
1035 1716 1095 1747 eo
1132 1700 1258 1758 loco,
1296 1716 1396 1762 quo
1432 1701 1498 1748 ait
1536 1698 1602 1763 (3,
1625 1699 1706 1763 3):
1751 1703 1945 1764 ‘pereat

189 1780 294 1829 dies
319 1780 370 1828 in
396 1797 493 1844 qua
519 1789 662 1829 natus
694 1783 833 1840 sum,'
860 1797 1016 1844 usque
1049 1782 1113 1830 ad
1147 1797 1260 1830 eum
1295 1783 1462 1829 locum
1488 1779 1588 1846 (42,
1611 1780 1662 1846 6)
1684 1802 1692 1830 z
1735 1782 1946 1831 ‘idcirco

115 1881 165 1908 20
189 1879 280 1926 ego
305 1879 384 1911 me
409 1864 716 1926 reprehendo
750 1872 797 1911 et
830 1879 922 1926 ago
956 1862 1345 1926 poenitentiam‚'
1372 1863 1540 1913 omnia
1564 1863 1764 1913 heroico
1789 1873 1946 1913 metro

190 1944 481 1994 discurrunt.
522 1946 829 1993 Psalmorum
848 1944 970 1993 liber
987 1947 1177 1995 Graece
1193 1945 1492 2008 psalterium,
1514 1945 1766 1995 Hebraice
1782 1946 1943 2006 nabla,
1969 1957 2023 2005 15

192 2026 366 2075 Latine
383 2043 620 2090 organum
639 2025 831 2074 dicitur.
870 2029 1090 2074 Vocatus
1106 2036 1272 2075 autern
1285 2029 1594 2074 Psalmorum
1614 2025 1780 2093 [liber]
1792 2030 1943 2091 quod,

192 2126 293 2157 uno
313 2109 554 2171 propheta
574 2117 783 2156 canente
802 2110 866 2157 ad
886 2107 1184 2171 psalterium,
1206 2110 1384 2157 chorus
1406 2110 1731 2158 consonando
1749 2127 1946 2174 respon-

193 2192 343 2239 deret.
406 2190 601 2238 Titulus
626 2198 791 2238 autem
810 2190 859 2237 in
885 2191 1085 2253 psalmis
1105 2189 1385 2238 Hebraicus
1411 2190 1478 2238 ita
1503 2199 1588 2250 est,
1613 2192 1799 2253 Sepher
1819 2193 1948 2240 The-

118 2291 167 2330 25
194 2271 345 2332 hilim,
366 2273 501 2334 quod
526 2271 868 2336 interpretatur
892 2273 1124 2320 volumen
1153 2273 1462 2335 hymnorum.
1514 2275 1755 2321 Auctores
1779 2282 1945 2322 autem
1970 2278 2029 2324 16

195 2355 496 2417 psalmorum
518 2353 602 2416 qui
627 2362 879 2416 ponuntur
904 2353 954 2401 in
981 2353 1160 2401 titulis:
1196 2356 1397 2417 Moyses
1424 2353 1609 2402 scilicet
1635 2362 1682 2401 et
1710 2353 1873 2401 David
1900 2363 1947 2401 et

194 2436 442 2495 Salomon,
462 2437 647 2498 Asaph,
670 2437 835 2483 Ethan
860 2444 908 2484 et
930 2434 1137 2483 Idithun
1161 2444 1209 2483 et
1230 2435 1315 2482 filii
1332 2436 1474 2495 Core,
1497 2438 1671 2493 Eman,
1691 2435 1948 2483 Ezraithae

194 2526 241 2565 et
271 2516 582 2580 reliquorum,
603 2534 727 2580 quos
754 2518 936 2566 Esdras
963 2534 1063 2565 uno
1079 2516 1330 2565 volumine
1355 2516 1728 2580 conprehendit.
1759 2518 1948 2566 Omnes
1971 2531 2023 2581 17

251 2661 276 2696 4
306 2659 439 2696 usque
461 2647 616 2686 calcem
645 2647 683 2685 T
871 2647 1021 2686 librum
1044 2645 1090 2683 K
1235 2650 1262 2685 6
1291 2647 1418 2686 malat
1440 2647 1508 2686 B:
1540 2648 1669 2686 malac
1695 2648 1754 2687 C:
1786 2647 1948 2686 malach

196 2701 267 2740 K:
298 2702 473 2741 malacie
501 2702 538 2740 T
661 2704 687 2741 8
717 2702 897 2752 primum
919 2701 965 2738 K
1099 2707 1196 2740 ante
1218 2700 1264 2738 K
1398 2717 1425 2753 9
1453 2703 1606 2742 storias
1628 2715 1806 2752 regnum
1829 2704 1946 2753 (corr.

197 2770 317 2806 regn.
360 2762 481 2806 stor.)
529 2756 566 2794 T
729 2768 777 2805 15
808 2757 1036 2795 exstimant
1078 2755 1136 2795 T:
1177 2757 1385 2796 extimant
1421 2757 1478 2795 Β1
1648 2760 1696 2796 16
1726 2763 1870 2795 narret
1907 2755 1954 2795 K

201 2823 246 2860 17
280 2811 377 2850 finis
397 2810 444 2847 K
549 2816 667 2850 texta
687 2816 785 2849 sunt
806 2811 908 2851 BC:
942 2816 1141 2850 contexta
1162 2816 1227 2849 est
1247 2810 1293 2848 K
1311 2813 1413 2864 <non
1434 2812 1497 2862 A)
1682 2813 1729 2850 18
1756 2810 1859 2862 quo]
1881 2812 1949 2849 ubi

197 2864 243 2902 K
389 2878 437 2915 19
466 2865 567 2918 qua]
590 2879 672 2916 quo
697 2866 732 2905 C
876 2865 994 2917 eum]
1015 2866 1199 2904 eundem
1217 2864 1264 2902 K
1443 2879 1492 2904 21
1525 2867 1673 2905 librum
1695 2864 1740 2902 K
1761 2866 1859 2914 <non
1881 2866 1946 2916 A)

199 2919 344 2970 nabla]
365 2920 609 2959 safartallim
639 2919 692 2958 T2
713 2922 816 2972 (non
842 2919 900 2957 W
904 2923 918 2972 )
1095 2933 1146 2958 22
1175 2925 1353 2959 vocatur
1373 2920 1418 2958 K
1557 2922 1664 2959 liber
1683 2919 1776 2958 hab.
1798 2919 1926 2959 ΑΒΕ
1940 2934 1949 2958 :

199 2988 283 3013 om.
308 2973 354 3011 K
360 2973 456 3012 TW
640 2988 692 3024 23
722 2987 805 3013 una
826 2975 866 3013 Β
1029 2975 1179 3014 chorus
1203 2975 1304 3026 (co-‚
1329 2976 1438 3026 -ros)
1459 2975 1583 3014 ΑΒΕ
1589 2974 1686 3013 TW
1697 2988 1705 3012 z
1736 2981 1886 3014 cantus
1906 2973 1953 3012 K

201 3042 253 3078 24
283 3029 460 3068 ebraicis
488 3028 526 3066 T
675 3029 973 3079 isphirthallim
993 3029 1073 3068 BC
1079 3028 1136 3067 W
1148 3043 1158 3068 ε
1188 3029 1455 3080 isphirtallim
1476 3029 1522 3066 K
1539 3044 1546 3067 :
1577 3028 1888 3079 isphirthaillim
1917 3028 1955 3067 T

203 3083 593 3177 2B5Tr÷1utem]ss}{erc}l
586 3083 631 3120 K
702 3139 730 3178 d
794 3097 844 3175 3}
867 3090 907 3123 et
929 3085 1062 3176 asgph
1083 3091 1124 3123 et
1146 3084 1322 3175 editll13uln
1345 3083 1391 3122 K
1525 3083 1782 3123 ezrahelitae
1806 3083 1948 3135 (-ael-)

301 3151 309 3175 :
340 3151 435 3177 ezra
467 3151 522 3176 ιε
616 3151 623 3175 :
654 3151 700 3177 ez
734 3152 778 3177 ra
951 3152 974 3176 2
1034 3151 1118 3178 uno
1140 3152 1222 3178 om.
