2176 3424
431 138 1058 187 ETYMOLOGIARVM
1099 137 1230 196 LIB.
1270 138 1380 182 XV.
1417 134 1462 192 ii,
1492 133 1540 181 iii

112 284 274 316 carcer
298 285 327 315 a
351 269 643 317 coercendO.
708 265 868 334 [Hinc
897 269 1081 315 Fronto
1106 264 1242 330 (frag.
1277 262 1358 328 12)
1383 282 1391 312 z
1433 266 1524 313 ‘Et
1550 265 1849 327 pergraecari

111 348 274 412 potius
299 349 521 399 amoenis
547 348 669 398 locis
695 366 843 412 quam
871 348 1084 397 coerceri
1110 363 1302 396 carcere
1328 344 1667 412 viderentur.']

246 433 328 479 DE
354 446 712 479 HABITACVLIS.
772 431 1033 479 Habitatio
1056 429 1121 478 ab
1147 429 1381 477 habendo
1401 437 1587 488 vocata,
1611 437 1663 476 ut
1693 427 1854 477 ‘habi-
1880 430 1942 469 ΙΙΙ

109 521 210 561 tare
240 514 405 562 casas'
435 512 593 577 (Virg.
613 514 716 562 Ecl.
741 530 780 573 2,
805 509 902 577 29).
977 513 1169 561 Domus
1205 527 1262 559 ex
1300 510 1490 558 Graeca
1525 509 1855 573 appellatione

62 612 85 654 5
109 603 282 643 vocata
298 613 311 655 3
347 611 463 643 nam
494 596 682 659 δώματα
715 593 890 644 Graeci
923 601 1052 642 tecta
1089 593 1274 642 dicunt.
1350 594 1439 640 Est
1476 601 1641 641 autem
1675 593 1854 640 domus

110 674 252 724 unius
290 675 500 725 familiae
538 675 791 736 habitatio,
830 674 955 724 sicut
995 675 1110 724 urbs
1151 674 1295 723 unius
1336 673 1522 738 populi,
1561 673 1686 722 sicut
1723 671 1854 721 orbis

108 756 415 806 domicilium
445 757 595 807 totius
628 757 818 821 generis
849 757 1066 806 humani.
1141 759 1306 807 Omne
1346 755 1628 805 aedificium
1666 753 1855 817 antiqui
1880 764 1911 798 2

107 840 283 887 aedem
321 841 700 902 appellaverunt.
773 838 873 886 Alii
902 840 1079 888 aedem
1116 838 1179 887 ab
1217 839 1414 887 edendo
1451 836 1691 900 quiddam
1729 853 1856 884 surn-

109 921 262 982 psisse
279 937 462 970 nomen
473 919 763 980 existimant,
778 922 952 969 dantes
969 921 1248 983 exemplum
1268 921 1331 969 de
1342 920 1518 968 Plauto
1530 917 1706 983 (Poen.
1720 915 1854 981 529):

37 1021 85 1050 10
377 1002 426 1051 Si
463 1019 718 1052 vocassem
756 1019 843 1052 vos
881 1002 931 1050 in
967 1003 1143 1051 aedem
1181 1003 1245 1051 ad
1281 1000 1558 1064 prandium.

109 1085 245 1132 Hinc
279 1092 327 1132 et
357 1083 653 1146 aedificium,
682 1101 742 1133 eo
768 1086 905 1147 quod
945 1084 1088 1133 fuerit
1112 1083 1245 1147 prius
1270 1085 1334 1132 ad
1372 1085 1625 1132 edendum
1651 1083 1852 1131 factum.

108 1166 236 1213 Aula
265 1166 444 1215 domus
479 1176 553 1215 est
584 1166 727 1230 regia,
765 1166 866 1215 sive
897 1165 1166 1229 spatiosum
1206 1165 1545 1215 habitaculum
1583 1164 1854 1228 porticibus
1880 1174 1910 1221 3

107 1256 338 1308 quattuor
363 1250 668 1296 conclusum.
742 1248 936 1297 Atrium
962 1265 1138 1312 magna
1162 1249 1312 1297 aedes
1340 1258 1426 1307 est,
1447 1247 1548 1297 sive
1572 1247 1781 1311 amplior
1807 1257 1853 1296 et
1878 1254 1910 1300 4

109 1328 322 1391 spatiosa
347 1331 558 1390 domus3
594 1340 642 1379 et
673 1330 862 1379 dictum
892 1330 1069 1380 atrium
1097 1327 1205 1396 [eo]
1232 1331 1367 1393 quod
1404 1331 1649 1379 addantur
1684 1329 1728 1378 ei
1759 1339 1854 1378 tres

35 1429 81 1470 15
106 1410 321 1473 porticus
348 1411 658 1461 extrinsecus.
717 1412 815 1460 Alii
839 1412 1015 1461 atrium
1038 1412 1177 1476 quasi
1202 1412 1265 1460 ab
1291 1412 1402 1475 igne
1422 1421 1469 1460 et
1495 1413 1676 1475 lychno
1695 1421 1853 1460 atrum

107 1491 364 1553 dixerunt,
400 1503 558 1542 atrum
593 1494 725 1544 enim
757 1496 810 1543 fit
840 1512 898 1544 ex
931 1497 1081 1544 fumo.
1155 1494 1397 1542 Palatium
1423 1511 1452 1542 a
1478 1496 1699 1544 Pallante
1728 1493 1856 1558 prin·
1878 1503 1909 1552 5

105 1574 214 1637 cipe
250 1576 503 1624 Arcadum
546 1576 748 1638 dictum,
790 1579 839 1625 in
882 1577 1021 1626 cuius
1059 1579 1246 1626 honore
1285 1577 1503 1625 Arcades
1543 1578 1850 1626 Pallanteum

106 1657 345 1718 oppidum
381 1668 768 1720 construxerunt,
798 1669 846 1708 et
883 1661 1064 1723 regiam
1094 1658 1144 1706 in
1179 1660 1330 1721 ipsius
1363 1658 1563 1707 nomine
1598 1659 1850 1709 conditam

110 1737 349 1786 Palatium
373 1750 684 1790 vocaverunt.
751 1743 1049 1789 Thalamum
1071 1742 1162 1789 hac
1183 1758 1241 1789 ex
1261 1757 1407 1790 causa
1424 1750 1654 1790 vocatum
1676 1743 1851 1792 ferunt.
1879 1743 1914 1791 6

27 1838 85 1869 '20
109 1818 239 1868 Cum
267 1820 397 1869 enim
433 1832 598 1885 raptae
629 1822 834 1871 fuissent
858 1840 887 1871 a
914 1822 1155 1872 Romanis
1186 1822 1412 1883 Sabinae,
1441 1840 1499 1871 ex
1528 1825 1708 1886 quibus
1740 1843 1853 1874 cum

108 1917 206 1948 una
229 1911 344 1950 ante
369 1902 488 1951 alias
514 1904 677 1967 specie
711 1904 891 1954 nobilis
917 1922 1031 1954 cum
1062 1921 1241 1968 magna
1271 1905 1493 1954 omnium
1528 1906 1854 1957 admiratione

107 1993 367 2046 raperetur,
390 1986 687 2036 Thalamoni
713 1986 829 2036 duci
855 2004 964 2035 eam
991 1988 1190 2036 oraculo
1217 2003 1508 2050 responsum
1537 1997 1609 2037 est
1635 1989 1738 2037 dari
1759 2008 1771 2050 3
1808 2000 1855 2039 et

107 2065 343 2127 quoniam
382 2068 474 2116 hae
510 2068 711 2131 nuptiae
748 2068 951 2117 feliciter
987 2080 1247 2129 cesserant,
1289 2069 1566 2118 institutum
1605 2080 1677 2119 est
1714 2082 1767 2120 ut
1804 2071 1853 2120 in

107 2147 339 2196 omnibus
379 2149 562 2212 nuptiis
605 2150 807 2198 thalami
847 2167 1033 2199 nomen
1075 2151 1287 2200 iteretur.
1374 2152 1603 2215 Aegyptii
1652 2170 1851 2217 quoque

36 2249 80 2289 ²5
106 2228 272 2292 lingua
292 2246 378 2278 sua
398 2232 518 2290 loca,
539 2231 588 2279 in
609 2231 789 2295 quibus
810 2232 1055 2282 nubentes
1076 2235 1351 2282 succedunt
1377 2243 1424 2282 et
1450 2235 1648 2294 cubant,
1673 2239 1684 2260 ‘
1702 2237 1852 2284 thala-

107 2314 264 2360 mum'
281 2312 553 2363 nominant.
599 2314 941 2365 Coenaculum
960 2314 1149 2364 dictum
1168 2332 1196 2364 a
1217 2315 1570 2365 communione
1586 2319 1820 2367 vescendi
1840 2336 1852 2378 ;
1876 2330 1905 2379 7

0 2454 11 2480 μ
164 2453 180 2478 1
213 2441 336 2481 hinc.
362 2472 371 2482 .
396 2472 405 2481 .
430 2442 511 2482 vid.
531 2442 624 2482 hab.
655 2443 775 2482 TUV
790 2443 934 2485 Mon.:
964 2458 1044 2484 om.
1066 2444 1400 2483 BCDFKMNO
1650 2454 1693 2487 et
1719 2447 1776 2487 T:
1807 2456 1852 2488 ut

0 2484 44 2570 h
111 2495 152 2533 U
157 2495 195 2535 V
291 2510 315 2535 2
344 2509 535 2536 carceres
562 2497 641 2536 TU
656 2498 757 2549 (non
785 2499 842 2551 V)
943 2512 968 2549 3
998 2506 1043 2539 ut
1062 2505 1132 2538 aut
1157 2499 1307 2553 (delet.)
1328 2506 1375 2540 ut
1395 2500 1491 2540 hab.
1526 2499 1570 2541 T.
1673 2517 1698 2552 4
1728 2504 1851 2555 app.]

0 2564 9 2604 †
106 2551 450 2601 interpretatione
471 2552 512 2590 Β
531 2554 635 2603 (non
656 2552 700 2591 D
719 2552 880 2593 Monac.
892 2554 1034 2607 frag.)
1153 2557 1179 2593 6
1208 2555 1280 2593 uni
1301 2555 1342 2594 Β
1466 2558 1491 2595 8
1521 2556 1685 2605 quidam
1707 2557 1787 2596 BC
1793 2558 1829 2596 T
1842 2573 1850 2597 :

106 2605 272 2654 quidem
292 2605 453 2646 Monac.
463 2607 580 2658 frag.
677 2622 704 2658 9
735 2609 858 2648 exist.
883 2622 996 2648 nom.
1018 2609 1063 2647 K
1077 2610 1181 2660 (non
1203 2610 1366 2650 Monac.
1377 2612 1516 2662 frag.)
1623 2624 1674 2651 10
1703 2614 1745 2651 in
1769 2614 1850 2652 ede

105 2661 213 2710 (ae-)
235 2661 287 2699 ad
307 2659 528 2700 BCFTU:
558 2663 599 2700 in
623 2663 772 2702 eodem
802 2664 855 2702 ad
875 2663 951 2703 M:
982 2664 1023 2702 in
1045 2665 1156 2703 idem
1180 2665 1227 2703 N
1245 2669 1346 2716 (non
1373 2665 1503 2704 DOP
1525 2666 1687 2705 Monac.
1703 2668 1845 2718 frag.)

110 2726 158 2752 12
186 2715 501 2765 porticibusque
521 2729 614 2765 qua.
640 2717 675 2755 C
832 2731 878 2767 14
910 2719 987 2759 dic.
1013 2725 1079 2758 est
1099 2725 1175 2758 atr.
1204 2718 1243 2756 T
1348 2733 1398 2758 eo
1419 2721 1510 2760 hab.
1532 2720 1628 2760 CT:
1659 2736 1742 2760 om.
1768 2722 1854 2760 ΒΚ

110 2779 157 2818 15
186 2769 280 2808 aliis
303 2769 338 2807 C
508 2771 667 2821 lychno
686 2771 802 2812 dett.:
832 2773 948 2822 ligno
969 2772 1113 2812 BCT:
1143 2774 1265 2823 lignis
1284 2773 1329 2811 K
1531 2778 1580 2813 16
1609 2776 1684 2827 ex]
1706 2790 1784 2827 pro
1806 2775 1852 2814 K

106 2834 130 2861 a
169 2822 279 2876 Pa1.]
317 2824 559 2875 appallante
595 2824 663 2866 C¹:
707 2827 949 2877 appellante
996 2827 1033 2866 T
1232 2841 1278 2877 17
1309 2829 1494 2869 honores
1535 2829 1613 2868 CT
1759 2832 1846 2881 pal-

106 2877 244 2918 lantea
264 2879 330 2918 K:
361 2879 577 2930 appellant
595 2893 689 2919 eum
714 2880 751 2919 T
932 2884 981 2922 18
1011 2888 1053 2923 et
1074 2883 1165 2933 regi
1186 2896 1277 2922 eam
1298 2883 1376 2933 ips.
1409 2883 1447 2923 T
1628 2898 1677 2936 19
1705 2886 1784 2926 hec
1805 2886 1851 2925 K

107 2945 158 2971 22
186 2934 383 2973 talamoni
411 2933 471 2973 T:
499 2935 730 2976 thalomoni
750 2935 817 2975 K:
847 2938 1048 2977 talomoni
1068 2938 1131 2978 B:
1163 2938 1398 2978 Talassioni
1419 2939 1545 2980 Arev.
1694 2953 1747 2990 23
1779 2955 1845 2991 qu.

107 2987 206 3038 hae]
229 3001 333 3038 quae
354 2989 561 3029 humanae
581 2990 627 3028 K
786 3001 1010 3042 gesserant
1031 2992 1077 3030 K
1090 3008 1098 3033 :
1131 2998 1322 3032 cessarat
1348 2992 1385 3032 T
1571 3007 1621 3044 24
1653 2995 1845 3048 thalami]

108 3041 296 3082 thalassii
315 3042 440 3083 Arev.
612 3057 663 3094 25
694 3050 735 3084 et
755 3045 952 3086 incubant
975 3047 1011 3086 C
1026 3047 1187 3088 Monac.
1195 3048 1309 3099 frag.
1427 3047 1621 3088 talamum
1644 3049 1728 3088 ΒΤ
