2176 3424
344 79 970 129 ETYMOLOGIARVM
1011 79 1137 126 LIB.
1183 79 1320 125 XIX.
1362 77 1468 136 xxii,
1504 76 1614 125 xxiii

26 235 32 244 ²
105 213 254 275 Apud
271 212 513 274 quosdam
534 219 699 257 autem
722 209 975 257 sarabarae
992 209 1236 270 quaedam
1255 209 1469 270 capitum
1493 207 1708 271 tegmina
1729 224 1849 255 nun-

105 303 358 356 cupantur,
381 292 543 355 qualia
563 291 786 340 videmus
813 292 861 338 in
888 290 1131 354 capitibus
1160 292 1420 353 Magorum
1448 291 1590 352 picta.
1655 290 1845 339 Linnae
1870 305 1899 351 3

105 392 218 438 saga
243 375 429 437 quadra
454 382 501 421 et
529 373 694 422 mollia
719 381 845 420 sunt.
922 373 998 420 De
1024 371 1203 434 quibus
1232 372 1432 419 Plautus
1459 370 1594 435 (frag.
1621 372 1764 436 176):

444 454 604 502 Linna
640 462 901 517 coopertus
939 462 1011 502 est
1049 454 1259 502 textrino
1296 451 1471 501 Gallia.

58 558 77 596 5
107 539 342 586 Renones
374 544 488 584 sunt
512 534 755 583 velamina
788 536 1105 582 humerorum
1139 543 1186 583 et
1220 533 1430 597 pectoris
1464 550 1620 597 usque
1654 534 1845 582 umbili-
1868 547 1900 593 4

104 637 231 678 cum,
271 627 420 681 atque
458 616 648 665 intortis
690 615 813 665 villis
856 618 983 665 adeo
1026 615 1220 679 hispida
1257 625 1310 664 ut
1346 615 1555 665 imbrem
1594 625 1842 679 respuant.

106 704 246 764 Quos
281 703 425 764 vulgo
462 709 625 762 reptos
659 708 851 759 vocant,
888 714 947 747 eo
982 699 1120 761 quod
1149 698 1409 760 longitudo
1440 696 1665 746 villorum
1705 697 1846 760 quasi

104 792 276 847 reptat.
334 786 411 831 De
433 782 611 845 quibus
632 780 888 830 Sallustius
911 779 1064 845 (Hist.
1087 797 1129 842 3,
1156 779 1266 844 104)
1289 800 1296 829 :
1328 783 1338 802 ‘
1355 779 1591 828 Germani
1608 779 1848 829 intectum

104 865 370 915 renonibus
397 880 573 926 corpus
607 864 809 926 tegunt.'
877 861 1010 910 Dicti
1044 870 1208 910 autem
1243 877 1452 910 renones
1486 878 1514 910 a
1550 863 1694 910 Reno
1733 862 1849 910 Ger-

34 972 81 999 10
105 947 297 996 maniae
329 946 542 1005 flumine,
579 945 664 993 ubi
700 947 774 993 his
811 947 1090 1007 frequenter
1127 953 1342 992 utuntur.
1413 946 1666 992 Mastruca
1702 945 1847 992 vestis
1871 958 1901 1007 5

106 1030 400 1080 Germanica
416 1045 473 1077 ex
491 1027 728 1091 pelliculis
749 1029 972 1085 ferarum,
995 1029 1072 1075 De
1092 1043 1190 1089 qua
1209 1025 1386 1076 Cicero
1404 1042 1491 1088 pro
1511 1027 1696 1074 Scauro
1715 1024 1768 1090 (4
1775 1027 1845 1089 5):

107 1116 117 1137 ⁴
136 1114 300 1173 Quem
327 1127 538 1174 purpura
557 1108 728 1172 regalis
748 1126 847 1157 non
876 1110 1158 1167 commovit,
1183 1124 1296 1156 eum
1318 1108 1583 1156 Sardorum
1605 1116 1849 1157 mastruca

106 1192 309 1241 mutavit
328 1194 372 1239 ?'
425 1194 675 1239 Mastruca
700 1201 865 1240 autem
892 1190 1030 1253 quasi.
1056 1199 1382 1250 monstruosa,
1411 1206 1471 1238 eo
1505 1191 1640 1252 quod
1675 1189 1759 1253 qui
1794 1206 1850 1238 ea

104 1274 373 1323 induuntur
410 1272 550 1336 quasi
588 1272 638 1320 in
680 1274 888 1320 ferarum
933 1271 1156 1320 habitum
1200 1272 1620 1320 transformantur.
1699 1271 1850 1319 Dino·
1874 1280 1908 1326 6

34 1380 78 1417 15
104 1366 305 1406 scuntur
331 1365 378 1404 et
402 1365 573 1418 gentes
601 1356 666 1402 ita
693 1354 866 1403 habitu
894 1354 1019 1402 sicut
1053 1363 1100 1402 et
1131 1353 1297 1417 lingua
1330 1352 1596 1402 discordes.
1673 1356 1849 1402 Persae

104 1437 303 1487 brachia
339 1446 387 1486 et
429 1453 567 1484 crura
611 1432 987 1502 lin[e]amentis,
1024 1444 1171 1498 caput
1211 1434 1330 1483 tiara
1373 1443 1577 1498 tegunt,
1631 1434 1849 1483 eminent

103 1519 325 1583 apicibus
351 1517 604 1581 fastigiatis
631 1519 776 1565 Alani
795 1536 808 1579 3
845 1518 1044 1566 horrent
1078 1525 1126 1564 et
1160 1518 1288 1564 male
1319 1515 1434 1565 tecti
1469 1533 1581 1564 cum
1618 1516 1850 1565 latratori-

103 1602 194 1650 bus
219 1600 394 1664 linguis
421 1599 605 1661 Scotti3
643 1598 794 1663 sagati
816 1607 928 1647 sunt
948 1599 1226 1658 Alamanni,
1247 1597 1435 1647 linteati
1464 1598 1591 1658 Indi,
1613 1599 1847 1661 gemmati

104 1686 294 1743 Persae,
335 1681 524 1730 sericati
567 1684 720 1741 Seres,
761 1679 1022 1744 pharetrati
1061 1679 1295 1728 Armenii.
1372 1681 1658 1729 Nonnullae
1701 1680 1846 1729 etiam
1873 1703 1900 1753 7

31 1788 80 1815 20
101 1774 271 1828 gentes
297 1781 395 1812 non
422 1766 581 1812 solum
609 1763 657 1811 in
684 1762 901 1812 vestibus
927 1764 1014 1811 sed
1049 1771 1096 1810 et
1125 1762 1174 1810 in
1205 1778 1410 1824 corpore
1435 1763 1598 1824 aliqua
1625 1761 1717 1810 sibi
1745 1779 1847 1824 pro-

103 1846 205 1909 pria
224 1845 361 1909 quasi
390 1845 597 1908 insignia
624 1844 902 1894 vindicant:
943 1854 995 1892 ut
1029 1846 1255 1893 videmus
1285 1843 1434 1892 cirros
1471 1845 1846 1906 Germanorum,

103 1945 276 1991 granos
310 1938 358 1976 et
390 1927 614 1976 cinnibar
650 1928 906 1988 Gotorum‚
948 1926 1174 1989 stigmata
1213 1926 1508 1975 Brittonum.
1583 1927 1849 1977 Circumci-

103 2007 227 2054 dunt
248 2022 447 2068 quoque
470 2005 641 2054 Iudaei
667 2007 933 2068 praeputia,
955 2006 1258 2068 pertundunt
1286 2005 1474 2054 Arabes
1493 2022 1648 2066 aures,
1670 2007 1848 2054 flavent

104 2087 346 2150 capitibus
390 2087 583 2137 intectis
631 2089 804 2146 Getae,
846 2086 1004 2136 nitent
1053 2086 1236 2134 Albani
1283 2087 1566 2136 albentibus
1615 2087 1845 2136 crinibus.

165 2233 179 2258 1
215 2219 414 2259 sarabara
444 2220 480 2257 T
565 2223 836 2268 nuncupatur
855 2217 896 2254 B
1017 2231 1040 2255 2
1071 2217 1210 2266 capita
1229 2216 1336 2255 BT:
1369 2218 1506 2266 capite
1530 2218 1565 2256 C
1682 2231 1705 2266 4
1738 2218 1849 2267 ligna

105 2275 168 2313 F:
199 2275 319 2312 litina
338 2272 475 2312 D¹Elz
505 2273 589 2311 lina
615 2272 774 2323 U<non
801 2271 988 2321 VMPN)
1165 2277 1394 2321 coopertus
1415 2271 1616 2311 KMNP:
1647 2280 1848 2322 cooperta

107 2329 272 2379 (quom)
295 2327 574 2367 BCEFTUV
787 2327 967 2366 testrino
988 2325 1213 2364 BDEFT:
1245 2326 1400 2365 testino
1429 2326 1532 2366 UV:
1563 2328 1786 2367 textrinam
1809 2328 1854 2366 N

106 2383 207 2432 (non
233 2383 336 2430 MP)
536 2382 673 2431 gallea
691 2380 766 2420 C¹:
798 2382 946 2430 galliae
966 2381 1006 2418 Β
1028 2396 1035 2419 :
1066 2381 1190 2430 gallio
1210 2380 1273 2418 P:
1304 2381 1472 2429 galliam
1493 2381 1540 2419 N
1557 2381 1660 2431 (non
1685 2382 1749 2433 M)
1770 2382 1855 2420 DE

107 2440 208 2488 (non
229 2437 366 2488 FUV)
489 2449 512 2486 5
542 2437 645 2487 veL]
667 2450 773 2486 quae
796 2436 947 2474 lamine
971 2437 1131 2485 (-mm-)
1154 2435 1263 2473 BK:
1294 2449 1375 2484 que
1397 2435 1553 2474 lamnia
1583 2436 1620 2473 T
1735 2439 1761 2474 6
1789 2437 1849 2474 bi-

106 2493 227 2542 spida
248 2492 316 2530 K:
347 2493 467 2541 spida
486 2490 592 2529 BlT
756 2491 928 2528 imbrem
951 2488 1096 2528 BCT:
1126 2490 1282 2528 imbres
1303 2489 1346 2526 K
1527 2492 1552 2528 8
1583 2497 1751 2540 reptant
1773 2491 1858 2528 BT

105 2559 248 2596 germa
270 2546 326 2584 Β1
515 2559 541 2594 9
572 2552 717 2594 tegant
738 2546 791 2582 Β1
996 2558 1044 2582 10
1074 2544 1265 2595 flumine]
1287 2545 1411 2582 ssuvio
1435 2543 1469 2582 C
1635 2545 1853 2594 Mastruga

106 2600 275 2639 BTUV
437 2614 479 2638 11
514 2600 751 2650 germanica
767 2599 980 2638 BCFUV:
1014 2599 1232 2648 germania
1252 2597 1312 2638 T:
1342 2601 1466 2637 sarda
1482 2600 1528 2637 K
1661 2612 1784 2638 sauro
1803 2600 1850 2639 Cl

110 2668 158 2693 12
189 2661 403 2705 mastruga
428 2655 488 2694 T:
518 2668 630 2704 —gam
648 2655 687 2692 Β
827 2667 874 2703 13
906 2654 1078 2692 mutabit
1095 2653 1404 2704 (etcommobit)
1426 2653 1468 2691 U
1545 2655 1852 2703 mastrugaBT

106 2710 173 2760 ea]
197 2709 247 2748 Β1
271 2724 309 2749 n.
331 2710 355 2749 l.
544 2721 590 2758 14
621 2709 846 2748 induantur
867 2708 902 2746 C
1047 2708 1189 2746 habitu
1210 2707 1320 2747 codd.
1521 2711 1569 2746 16
1599 2708 1850 2747 liniamentis

105 2763 188 2802 BT
343 2777 386 2813 17
421 2765 664 2802 horrentem
686 2769 728 2802 et
748 2762 794 2800 K
810 2763 911 2814 (non
939 2763 994 2814 U)
1151 2763 1281 2800 tecuti
1303 2762 1364 2800 Κ2
1523 2765 1570 2801 18
1600 2770 1742 2802 sacata
1762 2762 1820 2800 Κ1
1842 2778 1850 2802 :

106 2819 256 2857 sacrati
278 2819 318 2856 Β
549 2818 758 2856 alemanni
782 2817 818 2857 C
1049 2817 1181 2855 liniati
1203 2816 1248 2854 K
1265 2816 1368 2868 (non
1395 2817 1449 2867 U)
1688 2817 1791 2856 indii
1820 2817 1857 2855 T

108 2873 210 2923 (non
237 2873 292 2923 U)
410 2886 456 2923 19
487 2873 669 2911 sasetrati
694 2871 743 2910 C¹
765 2887 773 2911 ε
804 2872 1018 2911 fasetracti
1035 2871 1075 2908 Β
1184 2883 1232 2909 21
1267 2871 1366 2910 circi
1386 2871 1526 2910 Germ.
1545 2871 1652 2909 B¹K
1667 2872 1770 2923 (non
1793 2872 1850 2922 U)

108 2939 159 2965 22
190 2928 427 2975 gotinorum
455 2927 519 2965 B:
548 2928 787 2976 gonitorum
809 2926 853 2964 K
979 2927 1173 2975 stigmate
1194 2925 1234 2963 B
1441 2940 1492 2976 23
1521 2939 1687 2976 quoque
1709 2940 1792 2965 om.
1822 2926 1858 2964 T

109 2983 419 3031 pertunduntur
444 2980 506 3020 T:
538 2981 748 3031 perforant
773 2981 807 3019 C
913 2995 963 3029 24
996 2981 1171 3019 intextis
1192 2978 1295 3018 B¹K
1314 2985 1381 3031 <ex
1400 2981 1502 3031 -tae)
1616 2980 1726 3019 alani
1751 2981 1787 3019 C
