<?xml version="1.0" encoding="UTF-8"?>
<!DOCTYPE html PUBLIC "-//W3C//DTD XHTML 1.0 Transitional//EN"
    "http://www.w3.org/TR/xhtml1/DTD/xhtml1-transitional.dtd">
<html xmlns="http://www.w3.org/1999/xhtml" xml:lang="en" lang="en">
 <head>
  <title>
</title>
<meta http-equiv="Content-Type" content="text/html;charset=utf-8" />
  <meta name='ocr-system' content='tesseract 3.04.00' />
  <meta name='ocr-capabilities' content='ocr_page ocr_carea ocr_par ocr_line ocrx_word'/>
</head>
<body>
  <div class='ocr_page' id='page_1' title='image "./isidori01isiduoft/isidori01isiduoft_0290.png"; bbox 0 0 2228 3444; ppageno 0'>
   <div class='ocr_carea' id='block_1_1' title="bbox 1106 179 1379 230">
    <p class='ocr_par' dir='ltr' id='par_1_1' title="bbox 1106 179 1379 230">
     <span class='ocr_line' id='line_1_1' title="bbox 1106 179 1379 230; baseline -0.007 0"><span class='ocrx_word' id='word_1_1' title='bbox 1106 179 1379 230; x_wconf 89' lang='lat' dir='ltr'>ISIDORI</span> 
     </span>
    </p>
   </div>
   <div class='ocr_carea' id='block_1_2' title="bbox 265 306 2197 2431">
    <p class='ocr_par' dir='ltr' id='par_1_2' title="bbox 265 306 2197 2431">
     <span class='ocr_line' id='line_1_2' title="bbox 371 306 2116 373; baseline 0.005 -19"><span class='ocrx_word' id='word_1_2' title='bbox 371 322 498 369; x_wconf 85' lang='lat' dir='ltr'><strong>quae</strong></span> <span class='ocrx_word' id='word_1_3' title='bbox 534 306 702 356; x_wconf 89' lang='lat' dir='ltr'><strong>relicta</strong></span> <span class='ocrx_word' id='word_1_4' title='bbox 738 306 893 371; x_wconf 85' lang='lat' dir='ltr'><strong>patria</strong></span> <span class='ocrx_word' id='word_1_5' title='bbox 930 307 1174 356; x_wconf 84' lang='lat' dir='ltr'><strong>festinavit</strong></span> <span class='ocrx_word' id='word_1_6' title='bbox 1207 309 1411 359; x_wconf 90' lang='lat' dir='ltr'><strong>transire</strong></span> <span class='ocrx_word' id='word_1_7' title='bbox 1447 309 1496 358; x_wconf 90' lang='lat' dir='ltr'><strong>in</strong></span> <span class='ocrx_word' id='word_1_8' title='bbox 1534 319 1709 360; x_wconf 88' lang='lat' dir='ltr'><strong>terram</strong></span> <span class='ocrx_word' id='word_1_9' title='bbox 1750 313 1914 373; x_wconf 90' lang='lat' dir='ltr'><strong>Israel,</strong></span> <span class='ocrx_word' id='word_1_10' title='bbox 1946 313 2116 363; x_wconf 89' lang='lat' dir='ltr'><strong>dicens</strong></span> 
     </span>
     <span class='ocr_line' id='line_1_3' title="bbox 372 388 2117 459; baseline 0.005 -23"><span class='ocrx_word' id='word_1_11' title='bbox 372 388 532 437; x_wconf 91' lang='lat' dir='ltr'><strong>socrui</strong></span> <span class='ocrx_word' id='word_1_12' title='bbox 581 406 698 438; x_wconf 92' lang='lat' dir='ltr'><strong>suae</strong></span> <span class='ocrx_word' id='word_1_13' title='bbox 748 389 911 455; x_wconf 84' lang='lat' dir='ltr'><strong>(Ruth</strong></span> <span class='ocrx_word' id='word_1_14' title='bbox 934 408 972 450; x_wconf 93' lang='lat'><strong>1,</strong></span> <span class='ocrx_word' id='word_1_15' title='bbox 999 389 1110 455; x_wconf 85' lang='lat'><strong>16):</strong></span> <span class='ocrx_word' id='word_1_16' title='bbox 1168 391 1515 455; x_wconf 85' lang='lat' dir='ltr'>‘Quocunque</span> <span class='ocrx_word' id='word_1_17' title='bbox 1563 393 1842 456; x_wconf 82' lang='lat' dir='ltr'><strong>perrexeris,</strong></span> <span class='ocrx_word' id='word_1_18' title='bbox 1887 397 2117 459; x_wconf 86' lang='lat' dir='ltr'><strong>pergam.&#39;</strong></span> 
     </span>
     <span class='ocr_line' id='line_1_4' title="bbox 276 471 2115 538; baseline 0.004 -19"><span class='ocrx_word' id='word_1_19' title='bbox 276 483 347 533; x_wconf 88' lang='lat'><strong>59</strong></span> <span class='ocrx_word' id='word_1_20' title='bbox 370 473 519 520; x_wconf 90' lang='lat' dir='ltr'><strong>Anna</strong></span> <span class='ocrx_word' id='word_1_21' title='bbox 554 471 706 535; x_wconf 85' lang='lat' dir='ltr'><strong>gratia</strong></span> <span class='ocrx_word' id='word_1_22' title='bbox 743 471 847 521; x_wconf 93' lang='lat' dir='ltr'><strong>eius</strong></span> <span class='ocrx_word' id='word_1_23' title='bbox 885 471 1240 536; x_wconf 86' lang='lat' dir='ltr'><strong>interpretatur,</strong></span> <span class='ocrx_word' id='word_1_24' title='bbox 1281 474 1408 537; x_wconf 86' lang='lat' dir='ltr'><strong>quia,</strong></span> <span class='ocrx_word' id='word_1_25' title='bbox 1449 476 1569 524; x_wconf 91' lang='lat' dir='ltr'><strong>dum</strong></span> <span class='ocrx_word' id='word_1_26' title='bbox 1606 474 1739 538; x_wconf 92' lang='lat' dir='ltr'><strong>prius</strong></span> <span class='ocrx_word' id='word_1_27' title='bbox 1776 486 1904 525; x_wconf 89' lang='lat' dir='ltr'><strong>esset</strong></span> <span class='ocrx_word' id='word_1_28' title='bbox 1941 477 2115 526; x_wconf 88' lang='lat' dir='ltr'><strong>sterilis</strong></span> 
     </span>
     <span class='ocr_line' id='line_1_5' title="bbox 370 554 2112 617; baseline 0.004 -16"><span class='ocrx_word' id='word_1_29' title='bbox 370 562 557 613; x_wconf 90' lang='lat' dir='ltr'><strong>natura,</strong></span> <span class='ocrx_word' id='word_1_30' title='bbox 590 564 842 617; x_wconf 89' lang='lat' dir='ltr'><strong>postremo</strong></span> <span class='ocrx_word' id='word_1_31' title='bbox 875 554 969 603; x_wconf 92' lang='lat' dir='ltr'><strong>Dei</strong></span> <span class='ocrx_word' id='word_1_32' title='bbox 1003 554 1155 617; x_wconf 86' lang='lat' dir='ltr'><strong>gratia</strong></span> <span class='ocrx_word' id='word_1_33' title='bbox 1185 557 1449 605; x_wconf 88' lang='lat' dir='ltr'><strong>fecundata</strong></span> <span class='ocrx_word' id='word_1_34' title='bbox 1482 565 1569 605; x_wconf 89' lang='lat' dir='ltr'><strong>est.</strong></span> <span class='ocrx_word' id='word_1_35' title='bbox 1644 557 1763 606; x_wconf 92' lang='lat' dir='ltr'><strong>Heli</strong></span> <span class='ocrx_word' id='word_1_36' title='bbox 1790 560 1928 607; x_wconf 93' lang='lat' dir='ltr'><strong>Deus</strong></span> <span class='ocrx_word' id='word_1_37' title='bbox 1959 575 2112 608; x_wconf 93' lang='lat' dir='ltr'><strong>meus.</strong></span> 
     </span>
     <span class='ocr_line' id='line_1_6' title="bbox 270 636 2160 699; baseline 0.003 -14"><span class='ocrx_word' id='word_1_38' title='bbox 270 639 345 686; x_wconf 89' lang='lat'><strong>60</strong></span> <span class='ocrx_word' id='word_1_39' title='bbox 370 636 541 699; x_wconf 91' lang='lat' dir='ltr'><strong>Ophni</strong></span> <span class='ocrx_word' id='word_1_40' title='bbox 561 636 889 686; x_wconf 83' lang='lat' dir='ltr'><strong>discalciatus.</strong></span> <span class='ocrx_word' id='word_1_41' title='bbox 947 636 1097 686; x_wconf 90' lang='lat' dir='ltr'><strong>Filius</strong></span> <span class='ocrx_word' id='word_1_42' title='bbox 1118 637 1250 687; x_wconf 91' lang='lat' dir='ltr'><strong>enim</strong></span> <span class='ocrx_word' id='word_1_43' title='bbox 1268 638 1358 687; x_wconf 91' lang='lat' dir='ltr'><strong>fuit</strong></span> <span class='ocrx_word' id='word_1_44' title='bbox 1376 638 1495 687; x_wconf 92' lang='lat' dir='ltr'><strong>Heli</strong></span> <span class='ocrx_word' id='word_1_45' title='bbox 1514 641 1699 689; x_wconf 90' lang='lat' dir='ltr'><strong>electus</strong></span> <span class='ocrx_word' id='word_1_46' title='bbox 1719 639 1770 687; x_wconf 92' lang='lat' dir='ltr'><strong>in</strong></span> <span class='ocrx_word' id='word_1_47' title='bbox 1789 640 2114 690; x_wconf 87' lang='lat' dir='ltr'><strong>ministerium</strong></span> <span class='ocrx_word' id='word_1_48' title='bbox 2139 659 2160 698; x_wconf 87' lang='lat'>5</span> 
     </span>
     <span class='ocr_line' id='line_1_7' title="bbox 369 718 2115 786; baseline 0.003 -20"><span class='ocrx_word' id='word_1_49' title='bbox 369 718 643 779; x_wconf 89' lang='lat' dir='ltr'><strong>sacerdotii,</strong></span> <span class='ocrx_word' id='word_1_50' title='bbox 666 718 805 767; x_wconf 91' lang='lat' dir='ltr'><strong>cuius</strong></span> <span class='ocrx_word' id='word_1_51' title='bbox 824 719 1143 768; x_wconf 89' lang='lat' dir='ltr'><strong>amissionem</strong></span> <span class='ocrx_word' id='word_1_52' title='bbox 1165 737 1255 769; x_wconf 93' lang='lat' dir='ltr'><strong>suo</strong></span> <span class='ocrx_word' id='word_1_53' title='bbox 1272 721 1506 784; x_wconf 86' lang='lat' dir='ltr'><strong>expressit</strong></span> <span class='ocrx_word' id='word_1_54' title='bbox 1525 722 1785 771; x_wconf 90' lang='lat' dir='ltr'><strong>vocabulo.</strong></span> <span class='ocrx_word' id='word_1_55' title='bbox 1844 725 2115 786; x_wconf 87' lang='lat' dir='ltr'><strong>Apostolus</strong></span> 
     </span>
     <span class='ocr_line' id='line_1_8' title="bbox 369 800 2113 867; baseline 0.002 -18"><span class='ocrx_word' id='word_1_56' title='bbox 369 800 502 849; x_wconf 91' lang='lat' dir='ltr'><strong>enim</strong></span> <span class='ocrx_word' id='word_1_57' title='bbox 544 800 610 849; x_wconf 92' lang='lat' dir='ltr'><strong>ait</strong></span> <span class='ocrx_word' id='word_1_58' title='bbox 655 800 862 865; x_wconf 89' lang='lat' dir='ltr'><strong>(Ephes.</strong></span> <span class='ocrx_word' id='word_1_59' title='bbox 881 804 925 862; x_wconf 86' lang='lat'><strong>6,</strong></span> <span class='ocrx_word' id='word_1_60' title='bbox 950 800 1061 865; x_wconf 83' lang='lat'><strong>15):</strong></span> <span class='ocrx_word' id='word_1_61' title='bbox 1114 801 1349 852; x_wconf 88' lang='lat' dir='ltr'><strong>‘Calciati</strong></span> <span class='ocrx_word' id='word_1_62' title='bbox 1392 805 1545 866; x_wconf 91' lang='lat' dir='ltr'><strong>pedes</strong></span> <span class='ocrx_word' id='word_1_63' title='bbox 1588 803 1637 851; x_wconf 90' lang='lat' dir='ltr'><strong>in</strong></span> <span class='ocrx_word' id='word_1_64' title='bbox 1691 804 2113 867; x_wconf 84' lang='lat' dir='ltr'><strong>praeparationem</strong></span> 
     </span>
     <span class='ocr_line' id='line_1_9' title="bbox 285 883 2112 952; baseline 0.003 -21"><span class='ocrx_word' id='word_1_65' title='bbox 285 890 346 937; x_wconf 87' lang='lat'><strong>61</strong></span> <span class='ocrx_word' id='word_1_66' title='bbox 371 883 625 946; x_wconf 84' lang='lat' dir='ltr'><strong>Evangelii</strong></span> <span class='ocrx_word' id='word_1_67' title='bbox 668 883 832 946; x_wconf 89' lang='lat' dir='ltr'><strong>pacis.’</strong></span> <span class='ocrx_word' id='word_1_68' title='bbox 906 886 968 932; x_wconf 89' lang='lat' dir='ltr'><strong>Et</strong></span> <span class='ocrx_word' id='word_1_69' title='bbox 1002 886 1251 948; x_wconf 89' lang='lat' dir='ltr'><strong>Propheta</strong></span> <span class='ocrx_word' id='word_1_70' title='bbox 1286 884 1420 950; x_wconf 90' lang='lat' dir='ltr'><strong>(Isai.</strong></span> <span class='ocrx_word' id='word_1_71' title='bbox 1443 901 1518 949; x_wconf 88' lang='lat'><strong>52,</strong></span> <span class='ocrx_word' id='word_1_72' title='bbox 1542 886 1618 952; x_wconf 90' lang='lat'><strong>7):</strong></span> <span class='ocrx_word' id='word_1_73' title='bbox 1671 891 1682 912; x_wconf 87' lang='lat'>‘</span> <span class='ocrx_word' id='word_1_74' title='bbox 1704 889 1869 949; x_wconf 83' lang='lat' dir='ltr'><strong>Quam</strong></span> <span class='ocrx_word' id='word_1_75' title='bbox 1904 887 2112 950; x_wconf 85' lang='lat' dir='ltr'><strong>speciosi</strong></span> 
     </span>
     <span class='ocr_line' id='line_1_10' title="bbox 369 965 2117 1034; baseline 0.002 -19"><span class='ocrx_word' id='word_1_76' title='bbox 369 967 523 1029; x_wconf 90' lang='lat' dir='ltr'><strong>pedes</strong></span> <span class='ocrx_word' id='word_1_77' title='bbox 550 965 633 1028; x_wconf 86' lang='lat' dir='ltr'><strong>qui</strong></span> <span class='ocrx_word' id='word_1_78' title='bbox 659 966 958 1015; x_wconf 88' lang='lat' dir='ltr'><strong>adnuntiant</strong></span> <span class='ocrx_word' id='word_1_79' title='bbox 984 984 1158 1030; x_wconf 91' lang='lat' dir='ltr'><strong>pacem</strong></span> <span class='ocrx_word' id='word_1_80' title='bbox 1180 969 1215 1016; x_wconf 74' lang='lat'><strong>1⁷</strong></span> <span class='ocrx_word' id='word_1_81' title='bbox 1287 969 1389 1017; x_wconf 90' lang='lat' dir='ltr'><strong>Iste</strong></span> <span class='ocrx_word' id='word_1_82' title='bbox 1415 985 1530 1032; x_wconf 86' lang='lat' dir='ltr'><strong>ergo</strong></span> <span class='ocrx_word' id='word_1_83' title='bbox 1555 968 1867 1019; x_wconf 87' lang='lat' dir='ltr'><strong>discalciatus</strong></span> <span class='ocrx_word' id='word_1_84' title='bbox 1887 969 2117 1034; x_wconf 91' lang='lat' dir='ltr'><strong>interpre-</strong></span> 
     </span>
     <span class='ocr_line' id='line_1_11' title="bbox 370 1047 2194 1107; baseline 0.003 -12"><span class='ocrx_word' id='word_1_85' title='bbox 370 1056 511 1107; x_wconf 85' lang='lat' dir='ltr'><strong>tatur,</strong></span> <span class='ocrx_word' id='word_1_86' title='bbox 541 1057 593 1096; x_wconf 92' lang='lat' dir='ltr'><strong>ut</strong></span> <span class='ocrx_word' id='word_1_87' title='bbox 624 1047 728 1096; x_wconf 93' lang='lat' dir='ltr'><strong>eius</strong></span> <span class='ocrx_word' id='word_1_88' title='bbox 758 1048 961 1097; x_wconf 90' lang='lat' dir='ltr'><strong>nomine</strong></span> <span class='ocrx_word' id='word_1_89' title='bbox 995 1049 1187 1098; x_wconf 89' lang='lat' dir='ltr'><strong>Veteris</strong></span> <span class='ocrx_word' id='word_1_90' title='bbox 1214 1051 1522 1100; x_wconf 85' lang='lat' dir='ltr'><strong>Testamenti</strong></span> <span class='ocrx_word' id='word_1_91' title='bbox 1552 1051 1882 1100; x_wconf 89' lang='lat' dir='ltr'><strong>sacerdotium</strong></span> <span class='ocrx_word' id='word_1_92' title='bbox 1907 1069 1936 1100; x_wconf 88' lang='lat' dir='ltr'><strong>a</strong></span> <span class='ocrx_word' id='word_1_93' title='bbox 1965 1052 2115 1101; x_wconf 86' lang='lat' dir='ltr'><strong>veteri</strong></span> <span class='ocrx_word' id='word_1_94' title='bbox 2142 1066 2194 1094; x_wconf 50' lang='lat'><strong>10*</strong></span> 
     </span>
     <span class='ocr_line' id='line_1_12' title="bbox 275 1130 2114 1196; baseline 0.002 -17"><span class='ocrx_word' id='word_1_95' title='bbox 275 1141 345 1188; x_wconf 87' lang='lat'><strong>62</strong></span> <span class='ocrx_word' id='word_1_96' title='bbox 368 1132 552 1194; x_wconf 94' lang='lat' dir='ltr'><strong>populo</strong></span> <span class='ocrx_word' id='word_1_97' title='bbox 573 1130 926 1194; x_wconf 87' lang='lat' dir='ltr'><strong>significaretur</strong></span> <span class='ocrx_word' id='word_1_98' title='bbox 950 1131 1186 1180; x_wconf 90' lang='lat' dir='ltr'><strong>ablatum.</strong></span> <span class='ocrx_word' id='word_1_99' title='bbox 1260 1131 1472 1182; x_wconf 90' lang='lat' dir='ltr'><strong>Phinees</strong></span> <span class='ocrx_word' id='word_1_100' title='bbox 1493 1134 1636 1182; x_wconf 90' lang='lat' dir='ltr'><strong>frater</strong></span> <span class='ocrx_word' id='word_1_101' title='bbox 1656 1133 1825 1196; x_wconf 90' lang='lat' dir='ltr'><strong>Ophni</strong></span> <span class='ocrx_word' id='word_1_102' title='bbox 1846 1150 1900 1182; x_wconf 91' lang='lat' dir='ltr'><strong>os</strong></span> <span class='ocrx_word' id='word_1_103' title='bbox 1922 1143 2114 1183; x_wconf 92' lang='lat' dir='ltr'><strong>mutum</strong></span> 
     </span>
     <span class='ocr_line' id='line_1_13' title="bbox 368 1213 2115 1277; baseline 0.003 -16"><span class='ocrx_word' id='word_1_104' title='bbox 368 1213 727 1276; x_wconf 90' lang='lat' dir='ltr'><strong>interpretatur,</strong></span> <span class='ocrx_word' id='word_1_105' title='bbox 769 1229 868 1276; x_wconf 83' lang='lat' dir='ltr'><strong>quo</strong></span> <span class='ocrx_word' id='word_1_106' title='bbox 909 1213 1210 1277; x_wconf 84' lang='lat' dir='ltr'><strong>significatur</strong></span> <span class='ocrx_word' id='word_1_107' title='bbox 1250 1214 1510 1264; x_wconf 86' lang='lat' dir='ltr'><strong>sacerdotii</strong></span> <span class='ocrx_word' id='word_1_108' title='bbox 1554 1216 1728 1264; x_wconf 85' lang='lat' dir='ltr'><strong>veteris</strong></span> <span class='ocrx_word' id='word_1_109' title='bbox 1772 1226 1819 1265; x_wconf 91' lang='lat' dir='ltr'><strong>et</strong></span> <span class='ocrx_word' id='word_1_110' title='bbox 1861 1217 2115 1267; x_wconf 90' lang='lat' dir='ltr'><strong>doctrinae</strong></span> 
     </span>
     <span class='ocr_line' id='line_1_14' title="bbox 368 1295 2117 1348; baseline 0.003 -5"><span class='ocrx_word' id='word_1_111' title='bbox 368 1295 633 1345; x_wconf 90' lang='lat' dir='ltr'><strong>silentium.</strong></span> <span class='ocrx_word' id='word_1_112' title='bbox 707 1298 905 1345; x_wconf 90' lang='lat' dir='ltr'><strong>Samuel</strong></span> <span class='ocrx_word' id='word_1_113' title='bbox 943 1313 1128 1345; x_wconf 92' lang='lat' dir='ltr'><strong>nomen</strong></span> <span class='ocrx_word' id='word_1_114' title='bbox 1166 1296 1269 1346; x_wconf 91' lang='lat' dir='ltr'><strong>eius</strong></span> <span class='ocrx_word' id='word_1_115' title='bbox 1310 1299 1460 1346; x_wconf 88' lang='lat' dir='ltr'><strong>Deus.</strong></span> <span class='ocrx_word' id='word_1_116' title='bbox 1538 1298 1689 1347; x_wconf 87' lang='lat' dir='ltr'><strong>Iessai</strong></span> <span class='ocrx_word' id='word_1_117' title='bbox 1722 1298 1909 1348; x_wconf 88' lang='lat' dir='ltr'><strong>insulae</strong></span> <span class='ocrx_word' id='word_1_118' title='bbox 1942 1299 2117 1348; x_wconf 89' lang='lat' dir='ltr'><strong>sacrifi-</strong></span> 
     </span>
     <span class='ocr_line' id='line_1_15' title="bbox 272 1378 2116 1447; baseline 0.002 -20"><span class='ocrx_word' id='word_1_119' title='bbox 272 1380 343 1437; x_wconf 88' lang='lat'><strong>63</strong></span> <span class='ocrx_word' id='word_1_120' title='bbox 367 1378 517 1439; x_wconf 85' lang='lat' dir='ltr'><strong>cium,</strong></span> <span class='ocrx_word' id='word_1_121' title='bbox 542 1380 619 1427; x_wconf 91' lang='lat' dir='ltr'><strong>vel</strong></span> <span class='ocrx_word' id='word_1_122' title='bbox 645 1378 920 1427; x_wconf 90' lang='lat' dir='ltr'><strong>incensum.</strong></span> <span class='ocrx_word' id='word_1_123' title='bbox 996 1380 1110 1428; x_wconf 88' lang='lat' dir='ltr'><strong>Saul</strong></span> <span class='ocrx_word' id='word_1_124' title='bbox 1145 1379 1318 1443; x_wconf 89' lang='lat' dir='ltr'><strong>petitio</strong></span> <span class='ocrx_word' id='word_1_125' title='bbox 1347 1378 1751 1447; x_wconf 66' lang='lat' dir='ltr'><strong>[interpretatur]</strong></span> <span class='ocrx_word' id='word_1_126' title='bbox 1828 1383 2016 1431; x_wconf 91' lang='lat' dir='ltr'><strong>Notum</strong></span> <span class='ocrx_word' id='word_1_127' title='bbox 2043 1391 2116 1431; x_wconf 91' lang='lat' dir='ltr'><strong>est</strong></span> 
     </span>
     <span class='ocr_line' id='line_1_16' title="bbox 368 1460 2197 1527; baseline 0.001 -19"><span class='ocrx_word' id='word_1_128' title='bbox 368 1460 501 1509; x_wconf 90' lang='lat' dir='ltr'><strong>enim</strong></span> <span class='ocrx_word' id='word_1_129' title='bbox 529 1462 785 1523; x_wconf 87' lang='lat' dir='ltr'><strong>quomodo</strong></span> <span class='ocrx_word' id='word_1_130' title='bbox 817 1461 1166 1510; x_wconf 91' lang='lat' dir='ltr'><strong>Hebraeorum</strong></span> <span class='ocrx_word' id='word_1_131' title='bbox 1197 1464 1410 1526; x_wconf 87' lang='lat' dir='ltr'><strong>populus</strong></span> <span class='ocrx_word' id='word_1_132' title='bbox 1442 1479 1555 1512; x_wconf 89' lang='lat' dir='ltr'><strong>eum</strong></span> <span class='ocrx_word' id='word_1_133' title='bbox 1590 1463 1683 1512; x_wconf 91' lang='lat' dir='ltr'><strong>sibi</strong></span> <span class='ocrx_word' id='word_1_134' title='bbox 1717 1480 1879 1527; x_wconf 84' lang='lat' dir='ltr'><strong>regem</strong></span> <span class='ocrx_word' id='word_1_135' title='bbox 1906 1463 2112 1526; x_wconf 89' lang='lat' dir='ltr'><strong>petierit,</strong></span> <span class='ocrx_word' id='word_1_136' title='bbox 2143 1482 2197 1523; x_wconf 58' lang='lat'><strong>15‘</strong></span> 
     </span>
     <span class='ocr_line' id='line_1_17' title="bbox 369 1542 2113 1607; baseline 0.001 -15"><span class='ocrx_word' id='word_1_137' title='bbox 369 1552 417 1592; x_wconf 91' lang='lat' dir='ltr'><strong>et</strong></span> <span class='ocrx_word' id='word_1_138' title='bbox 442 1542 634 1607; x_wconf 90' lang='lat' dir='ltr'><strong>accepit</strong></span> <span class='ocrx_word' id='word_1_139' title='bbox 660 1560 763 1591; x_wconf 92' lang='lat' dir='ltr'><strong>non</strong></span> <span class='ocrx_word' id='word_1_140' title='bbox 789 1544 1067 1592; x_wconf 89' lang='lat' dir='ltr'><strong>secundum</strong></span> <span class='ocrx_word' id='word_1_141' title='bbox 1096 1545 1276 1604; x_wconf 92' lang='lat' dir='ltr'><strong>Deum,</strong></span> <span class='ocrx_word' id='word_1_142' title='bbox 1306 1546 1394 1593; x_wconf 89' lang='lat' dir='ltr'><strong>sed</strong></span> <span class='ocrx_word' id='word_1_143' title='bbox 1425 1546 1698 1594; x_wconf 88' lang='lat' dir='ltr'><strong>secundum</strong></span> <span class='ocrx_word' id='word_1_144' title='bbox 1731 1562 1868 1594; x_wconf 88' lang='lat' dir='ltr'><strong>suam</strong></span> <span class='ocrx_word' id='word_1_145' title='bbox 1896 1547 2113 1594; x_wconf 89' lang='lat' dir='ltr'><strong>volunta-</strong></span> 
     </span>
     <span class='ocr_line' id='line_1_18' title="bbox 272 1625 2113 1691; baseline -0.001 -14"><span class='ocrx_word' id='word_1_146' title='bbox 272 1631 342 1689; x_wconf 89' lang='lat'><strong>64</strong></span> <span class='ocrx_word' id='word_1_147' title='bbox 367 1634 481 1675; x_wconf 90' lang='lat' dir='ltr'><strong>tem.</strong></span> <span class='ocrx_word' id='word_1_148' title='bbox 557 1625 719 1675; x_wconf 89' lang='lat' dir='ltr'><strong>David</strong></span> <span class='ocrx_word' id='word_1_149' title='bbox 740 1625 875 1674; x_wconf 89' lang='lat' dir='ltr'><strong>fortis</strong></span> <span class='ocrx_word' id='word_1_150' title='bbox 895 1642 1059 1685; x_wconf 87' lang='lat' dir='ltr'><strong>manu,</strong></span> <span class='ocrx_word' id='word_1_151' title='bbox 1081 1625 1252 1689; x_wconf 83' lang='lat' dir='ltr'><strong>utique</strong></span> <span class='ocrx_word' id='word_1_152' title='bbox 1272 1628 1387 1690; x_wconf 86' lang='lat' dir='ltr'><strong>quia</strong></span> <span class='ocrx_word' id='word_1_153' title='bbox 1406 1627 1698 1676; x_wconf 88' lang='lat' dir='ltr'><strong>fortissimus</strong></span> <span class='ocrx_word' id='word_1_154' title='bbox 1719 1627 1767 1675; x_wconf 91' lang='lat' dir='ltr'><strong>in</strong></span> <span class='ocrx_word' id='word_1_155' title='bbox 1787 1627 1984 1691; x_wconf 91' lang='lat' dir='ltr'><strong>proeliis</strong></span> <span class='ocrx_word' id='word_1_156' title='bbox 2009 1627 2113 1677; x_wconf 89' lang='lat' dir='ltr'><strong>fuit.</strong></span> 
     </span>
     <span class='ocr_line' id='line_1_19' title="bbox 369 1707 2114 1774; baseline 0.001 -18"><span class='ocrx_word' id='word_1_157' title='bbox 369 1710 485 1771; x_wconf 90' lang='lat' dir='ltr'><strong>Ipse</strong></span> <span class='ocrx_word' id='word_1_158' title='bbox 517 1716 564 1756; x_wconf 95' lang='lat' dir='ltr'><strong>et</strong></span> <span class='ocrx_word' id='word_1_159' title='bbox 595 1707 950 1767; x_wconf 91' lang='lat' dir='ltr'><strong>desiderabilis,</strong></span> <span class='ocrx_word' id='word_1_160' title='bbox 983 1707 1033 1755; x_wconf 91' lang='lat' dir='ltr'><strong>in</strong></span> <span class='ocrx_word' id='word_1_161' title='bbox 1064 1707 1214 1772; x_wconf 92' lang='lat' dir='ltr'><strong>stirpe</strong></span> <span class='ocrx_word' id='word_1_162' title='bbox 1249 1708 1436 1758; x_wconf 88' lang='lat' dir='ltr'><strong>scilicet</strong></span> <span class='ocrx_word' id='word_1_163' title='bbox 1467 1726 1567 1770; x_wconf 90' lang='lat' dir='ltr'><strong>sua,</strong></span> <span class='ocrx_word' id='word_1_164' title='bbox 1597 1711 1659 1759; x_wconf 93' lang='lat' dir='ltr'><strong>de</strong></span> <span class='ocrx_word' id='word_1_165' title='bbox 1688 1727 1786 1773; x_wconf 86' lang='lat' dir='ltr'><strong>qua</strong></span> <span class='ocrx_word' id='word_1_166' title='bbox 1811 1709 2114 1774; x_wconf 87' lang='lat' dir='ltr'><strong>praedixerat</strong></span> 
     </span>
     <span class='ocr_line' id='line_1_20' title="bbox 369 1789 2115 1856; baseline 0.001 -18"><span class='ocrx_word' id='word_1_167' title='bbox 369 1791 618 1853; x_wconf 90' lang='lat' dir='ltr'><strong>Propheta</strong></span> <span class='ocrx_word' id='word_1_168' title='bbox 655 1790 800 1854; x_wconf 83' lang='lat' dir='ltr'><em>(Agg.</em></span> <span class='ocrx_word' id='word_1_169' title='bbox 829 1808 868 1838; x_wconf 92' lang='lat'><strong>2.</strong></span> <span class='ocrx_word' id='word_1_170' title='bbox 899 1789 980 1854; x_wconf 88' lang='lat'><strong>7):</strong></span> <span class='ocrx_word' id='word_1_171' title='bbox 1033 1790 1241 1839; x_wconf 91' lang='lat' dir='ltr'><strong>‘Veniet</strong></span> <span class='ocrx_word' id='word_1_172' title='bbox 1282 1790 1589 1841; x_wconf 88' lang='lat' dir='ltr'><strong>desideratus</strong></span> <span class='ocrx_word' id='word_1_173' title='bbox 1626 1792 1816 1841; x_wconf 88' lang='lat' dir='ltr'><strong>cunctis</strong></span> <span class='ocrx_word' id='word_1_174' title='bbox 1854 1791 2115 1856; x_wconf 83' lang='lat' dir='ltr'><strong>gentibus.’</strong></span> 
     </span>
     <span class='ocr_line' id='line_1_21' title="bbox 276 1871 2190 1940; baseline 0.001 -18"><span class='ocrx_word' id='word_1_175' title='bbox 276 1882 343 1940; x_wconf 90' lang='lat'><strong>65</strong></span> <span class='ocrx_word' id='word_1_176' title='bbox 366 1874 603 1922; x_wconf 87' lang='lat' dir='ltr'><strong>Salomon</strong></span> <span class='ocrx_word' id='word_1_177' title='bbox 628 1872 783 1921; x_wconf 88' lang='lat' dir='ltr'><strong>tribus</strong></span> <span class='ocrx_word' id='word_1_178' title='bbox 809 1871 1097 1920; x_wconf 90' lang='lat' dir='ltr'><strong>nominibus</strong></span> <span class='ocrx_word' id='word_1_179' title='bbox 1124 1873 1272 1921; x_wconf 87' lang='lat' dir='ltr'><strong>fuisse</strong></span> <span class='ocrx_word' id='word_1_180' title='bbox 1297 1873 1596 1936; x_wconf 90' lang='lat' dir='ltr'><strong>perhibetur.</strong></span> <span class='ocrx_word' id='word_1_181' title='bbox 1660 1874 1878 1922; x_wconf 90' lang='lat' dir='ltr'><strong>Primum</strong></span> <span class='ocrx_word' id='word_1_182' title='bbox 1906 1874 2113 1923; x_wconf 91' lang='lat' dir='ltr'><strong>vocabu·</strong></span> <span class='ocrx_word' id='word_1_183' title='bbox 2140 1897 2190 1925; x_wconf 89' lang='lat'><strong>20</strong></span> 
     </span>
     <span class='ocr_line' id='line_1_22' title="bbox 365 1953 2114 2019; baseline 0.001 -17"><span class='ocrx_word' id='word_1_184' title='bbox 365 1957 468 2003; x_wconf 90' lang='lat' dir='ltr'><strong>lum</strong></span> <span class='ocrx_word' id='word_1_185' title='bbox 502 1954 607 2004; x_wconf 91' lang='lat' dir='ltr'><strong>eius</strong></span> <span class='ocrx_word' id='word_1_186' title='bbox 638 1956 874 2004; x_wconf 89' lang='lat' dir='ltr'><strong>Salomon</strong></span> <span class='ocrx_word' id='word_1_187' title='bbox 911 1953 1103 2014; x_wconf 89' lang='lat' dir='ltr'><strong>dicitur,</strong></span> <span class='ocrx_word' id='word_1_188' title='bbox 1130 1955 1182 2003; x_wconf 93' lang='lat' dir='ltr'><strong>id</strong></span> <span class='ocrx_word' id='word_1_189' title='bbox 1219 1964 1291 2003; x_wconf 93' lang='lat' dir='ltr'><strong>est</strong></span> <span class='ocrx_word' id='word_1_190' title='bbox 1327 1954 1577 2018; x_wconf 70' lang='lat' dir='ltr'><strong>pacificus,‚</strong></span> <span class='ocrx_word' id='word_1_191' title='bbox 1605 1972 1665 2005; x_wconf 90' lang='lat' dir='ltr'><strong>eo</strong></span> <span class='ocrx_word' id='word_1_192' title='bbox 1703 1957 1838 2019; x_wconf 90' lang='lat' dir='ltr'><strong>quod</strong></span> <span class='ocrx_word' id='word_1_193' title='bbox 1875 1955 1926 2004; x_wconf 91' lang='lat' dir='ltr'><strong>in</strong></span> <span class='ocrx_word' id='word_1_194' title='bbox 1962 1973 2114 2019; x_wconf 86' lang='lat' dir='ltr'><strong>regno</strong></span> 
     </span>
     <span class='ocr_line' id='line_1_23' title="bbox 367 2037 2113 2102; baseline 0.001 -16"><span class='ocrx_word' id='word_1_195' title='bbox 367 2039 471 2086; x_wconf 94' lang='lat' dir='ltr'><strong>eius</strong></span> <span class='ocrx_word' id='word_1_196' title='bbox 496 2055 590 2102; x_wconf 91' lang='lat' dir='ltr'><strong>pax</strong></span> <span class='ocrx_word' id='word_1_197' title='bbox 617 2037 773 2087; x_wconf 87' lang='lat' dir='ltr'><strong>fuerit.</strong></span> <span class='ocrx_word' id='word_1_198' title='bbox 837 2038 1125 2086; x_wconf 89' lang='lat' dir='ltr'><strong>Secundum</strong></span> <span class='ocrx_word' id='word_1_199' title='bbox 1152 2054 1338 2086; x_wconf 90' lang='lat' dir='ltr'><strong>nornen</strong></span> <span class='ocrx_word' id='word_1_200' title='bbox 1366 2037 1543 2099; x_wconf 90' lang='lat' dir='ltr'><strong>Ididia,</strong></span> <span class='ocrx_word' id='word_1_201' title='bbox 1573 2054 1633 2086; x_wconf 94' lang='lat' dir='ltr'><strong>eo</strong></span> <span class='ocrx_word' id='word_1_202' title='bbox 1668 2040 1805 2101; x_wconf 91' lang='lat' dir='ltr'><strong>quod</strong></span> <span class='ocrx_word' id='word_1_203' title='bbox 1830 2039 1973 2087; x_wconf 90' lang='lat' dir='ltr'><strong>fuerit</strong></span> <span class='ocrx_word' id='word_1_204' title='bbox 1997 2038 2113 2087; x_wconf 91' lang='lat' dir='ltr'><strong>dile-</strong></span> 
     </span>
     <span class='ocr_line' id='line_1_24' title="bbox 366 2119 2108 2180; baseline 0 -12"><span class='ocrx_word' id='word_1_205' title='bbox 366 2130 473 2168; x_wconf 89' lang='lat' dir='ltr'><strong>ctus</strong></span> <span class='ocrx_word' id='word_1_206' title='bbox 500 2129 548 2168; x_wconf 95' lang='lat' dir='ltr'><strong>et</strong></span> <span class='ocrx_word' id='word_1_207' title='bbox 573 2119 798 2168; x_wconf 87' lang='lat' dir='ltr'><strong>amabilis</strong></span> <span class='ocrx_word' id='word_1_208' title='bbox 827 2120 1065 2168; x_wconf 91' lang='lat' dir='ltr'><strong>Domino.</strong></span> <span class='ocrx_word' id='word_1_209' title='bbox 1139 2119 1364 2168; x_wconf 91' lang='lat' dir='ltr'><strong>Tertium</strong></span> <span class='ocrx_word' id='word_1_210' title='bbox 1392 2120 1689 2169; x_wconf 89' lang='lat' dir='ltr'><strong>vocabulum</strong></span> <span class='ocrx_word' id='word_1_211' title='bbox 1715 2119 1819 2169; x_wconf 92' lang='lat' dir='ltr'><strong>eius</strong></span> <span class='ocrx_word' id='word_1_212' title='bbox 1849 2121 2108 2180; x_wconf 90' lang='lat' dir='ltr'><strong>Coheleth‚</strong></span> 
     </span>
     <span class='ocr_line' id='line_1_25' title="bbox 367 2200 2109 2264; baseline 0 -14"><span class='ocrx_word' id='word_1_213' title='bbox 367 2204 503 2264; x_wconf 87' lang='lat' dir='ltr'><strong>quod</strong></span> <span class='ocrx_word' id='word_1_214' title='bbox 563 2203 753 2251; x_wconf 88' lang='lat' dir='ltr'><strong>Graece</strong></span> <span class='ocrx_word' id='word_1_215' title='bbox 811 2202 1085 2264; x_wconf 89' lang='lat' dir='ltr'><strong>appellatur</strong></span> <span class='ocrx_word' id='word_1_216' title='bbox 1145 2200 1483 2262; x_wconf 88' lang='lat' dir='ltr'><strong>Ecclesiastes‚</strong></span> <span class='ocrx_word' id='word_1_217' title='bbox 1547 2201 1720 2251; x_wconf 89' lang='lat' dir='ltr'><strong>Latine</strong></span> <span class='ocrx_word' id='word_1_218' title='bbox 1769 2201 2109 2261; x_wconf 84' lang='lat' dir='ltr'><strong>Contionator‚</strong></span> 
     </span>
     <span class='ocr_line' id='line_1_26' title="bbox 265 2284 2187 2346; baseline -0.001 -14"><span class='ocrx_word' id='word_1_219' title='bbox 265 2295 340 2342; x_wconf 85' lang='lat'><strong>66</strong></span> <span class='ocrx_word' id='word_1_220' title='bbox 366 2285 503 2346; x_wconf 87' lang='lat' dir='ltr'><strong>quod</strong></span> <span class='ocrx_word' id='word_1_221' title='bbox 538 2285 602 2332; x_wconf 88' lang='lat' dir='ltr'><strong>ad</strong></span> <span class='ocrx_word' id='word_1_222' title='bbox 640 2285 883 2346; x_wconf 89' lang='lat' dir='ltr'><strong>populum</strong></span> <span class='ocrx_word' id='word_1_223' title='bbox 923 2286 1220 2345; x_wconf 85' lang='lat' dir='ltr'><strong>loqueretur.</strong></span> <span class='ocrx_word' id='word_1_224' title='bbox 1310 2285 1557 2332; x_wconf 88' lang='lat' dir='ltr'><strong>Ionathan</strong></span> <span class='ocrx_word' id='word_1_225' title='bbox 1597 2284 1860 2333; x_wconf 90' lang='lat' dir='ltr'><strong>columbae</strong></span> <span class='ocrx_word' id='word_1_226' title='bbox 1903 2286 2108 2333; x_wconf 91' lang='lat' dir='ltr'><strong>donum.</strong></span> <span class='ocrx_word' id='word_1_227' title='bbox 2139 2304 2187 2344; x_wconf 84' lang='lat'><strong>25</strong></span> 
     </span>
     <span class='ocr_line' id='line_1_27' title="bbox 271 2364 2111 2431; baseline -0.002 -14"><span class='ocrx_word' id='word_1_228' title='bbox 271 2371 339 2431; x_wconf 90' lang='lat'><strong>67</strong></span> <span class='ocrx_word' id='word_1_229' title='bbox 365 2366 589 2414; x_wconf 90' lang='lat' dir='ltr'><strong>Absalon</strong></span> <span class='ocrx_word' id='word_1_230' title='bbox 614 2364 762 2428; x_wconf 87' lang='lat' dir='ltr'><strong>patris</strong></span> <span class='ocrx_word' id='word_1_231' title='bbox 796 2381 891 2428; x_wconf 86' lang='lat' dir='ltr'><strong>pax</strong></span> <span class='ocrx_word' id='word_1_232' title='bbox 927 2381 1012 2427; x_wconf 91' lang='lat' dir='ltr'><strong>per</strong></span> <span class='ocrx_word' id='word_1_233' title='bbox 1045 2364 1363 2427; x_wconf 89' lang='lat' dir='ltr'><strong>antiphrasin,</strong></span> <span class='ocrx_word' id='word_1_234' title='bbox 1393 2381 1453 2414; x_wconf 94' lang='lat' dir='ltr'><strong>eo</strong></span> <span class='ocrx_word' id='word_1_235' title='bbox 1487 2366 1623 2427; x_wconf 87' lang='lat' dir='ltr'><strong>quod</strong></span> <span class='ocrx_word' id='word_1_236' title='bbox 1656 2365 1842 2414; x_wconf 91' lang='lat' dir='ltr'><strong>bellum</strong></span> <span class='ocrx_word' id='word_1_237' title='bbox 1878 2367 2111 2415; x_wconf 90' lang='lat' dir='ltr'><strong>adversus</strong></span> 
     </span>
    </p>
   </div>
   <div class='ocr_carea' id='block_1_3' title="bbox 364 2493 2115 3136">
    <p class='ocr_par' dir='ltr' id='par_1_3' title="bbox 364 2493 2115 3136">
     <span class='ocr_line' id='line_1_28' title="bbox 424 2493 2110 2547; baseline -0.001 -13"><span class='ocrx_word' id='word_1_238' title='bbox 424 2509 440 2534; x_wconf 93' lang='lat'>1</span> <span class='ocrx_word' id='word_1_239' title='bbox 476 2496 549 2535; x_wconf 92' lang='lat' dir='ltr'><strong>rel.</strong></span> <span class='ocrx_word' id='word_1_240' title='bbox 573 2502 680 2546; x_wconf 86' lang='lat' dir='ltr'><strong>patr.</strong></span> <span class='ocrx_word' id='word_1_241' title='bbox 704 2507 780 2534; x_wconf 84' lang='lat' dir='ltr'><strong>sua</strong></span> <span class='ocrx_word' id='word_1_242' title='bbox 801 2494 886 2533; x_wconf 90' lang='lat' dir='ltr'><strong>AC</strong></span> <span class='ocrx_word' id='word_1_243' title='bbox 904 2510 912 2534; x_wconf 91' lang='lat'>:</span> <span class='ocrx_word' id='word_1_244' title='bbox 942 2494 1090 2533; x_wconf 90' lang='lat' dir='ltr'><strong>relicto</strong></span> <span class='ocrx_word' id='word_1_245' title='bbox 1112 2499 1230 2543; x_wconf 87' lang='lat' dir='ltr'><strong>patre</strong></span> <span class='ocrx_word' id='word_1_246' title='bbox 1253 2493 1298 2532; x_wconf 91' lang='lat' dir='ltr'><em>K</em></span> <span class='ocrx_word' id='word_1_247' title='bbox 1550 2495 1732 2533; x_wconf 88' lang='lat' dir='ltr'><strong>transire</strong></span> <span class='ocrx_word' id='word_1_248' title='bbox 1752 2508 1834 2535; x_wconf 84' lang='lat' dir='ltr'><strong>om.</strong></span> <span class='ocrx_word' id='word_1_249' title='bbox 1860 2494 1906 2532; x_wconf 92' lang='lat' dir='ltr'><em>K</em></span> <span class='ocrx_word' id='word_1_250' title='bbox 1923 2495 2027 2547; x_wconf 85' lang='lat' dir='ltr'><strong>(non</strong></span> <span class='ocrx_word' id='word_1_251' title='bbox 2046 2496 2110 2541; x_wconf 89' lang='lat' dir='ltr'><strong>A)</strong></span> 
     </span>
     <span class='ocr_line' id='line_1_29' title="bbox 366 2548 2115 2600; baseline -0.001 -10"><span class='ocrx_word' id='word_1_252' title='bbox 366 2565 390 2590; x_wconf 88' lang='lat'><em>2</em></span> <span class='ocrx_word' id='word_1_253' title='bbox 421 2563 570 2590; x_wconf 86' lang='lat' dir='ltr'><strong>socrus</strong></span> <span class='ocrx_word' id='word_1_254' title='bbox 599 2550 650 2588; x_wconf 91' lang='lat' dir='ltr'><strong>T:</strong></span> <span class='ocrx_word' id='word_1_255' title='bbox 686 2562 862 2590; x_wconf 83' lang='lat' dir='ltr'><strong>socerae</strong></span> <span class='ocrx_word' id='word_1_256' title='bbox 882 2548 929 2587; x_wconf 89' lang='lat' dir='ltr'><em>K</em></span> <span class='ocrx_word' id='word_1_257' title='bbox 948 2550 1053 2599; x_wconf 83' lang='lat' dir='ltr'><strong>(non</strong></span> <span class='ocrx_word' id='word_1_258' title='bbox 1071 2550 1136 2600; x_wconf 95' lang='lat' dir='ltr'><strong>A)</strong></span> <span class='ocrx_word' id='word_1_259' title='bbox 1269 2563 1294 2598; x_wconf 93' lang='lat'>4</span> <span class='ocrx_word' id='word_1_260' title='bbox 1323 2555 1586 2599; x_wconf 88' lang='lat' dir='ltr'><strong>postremum</strong></span> <span class='ocrx_word' id='word_1_261' title='bbox 1607 2548 1648 2586; x_wconf 94' lang='grc' dir='ltr'><em>Β</em></span> <span class='ocrx_word' id='word_1_262' title='bbox 1795 2562 1819 2598; x_wconf 87' lang='lat'>5</span> <span class='ocrx_word' id='word_1_263' title='bbox 1851 2549 1950 2588; x_wconf 90' lang='lat' dir='ltr'><strong>Heli</strong></span> <span class='ocrx_word' id='word_1_264' title='bbox 1971 2549 2049 2588; x_wconf 87' lang='lat' dir='ltr'><strong>fuit</strong></span> <span class='ocrx_word' id='word_1_265' title='bbox 2069 2549 2115 2588; x_wconf 89' lang='lat' dir='ltr'><em>K</em></span> 
     </span>
     <span class='ocr_line' id='line_1_30' title="bbox 366 2603 2111 2658; baseline -0.001 -13"><span class='ocrx_word' id='word_1_266' title='bbox 366 2610 469 2658; x_wconf 79' lang='lat' dir='ltr'><strong>(non</strong></span> <span class='ocrx_word' id='word_1_267' title='bbox 489 2606 552 2657; x_wconf 88' lang='lat' dir='ltr'><strong>A)</strong></span> <span class='ocrx_word' id='word_1_268' title='bbox 667 2604 901 2644; x_wconf 87' lang='lat' dir='ltr'><strong>ministerio</strong></span> <span class='ocrx_word' id='word_1_269' title='bbox 919 2603 966 2641; x_wconf 92' lang='lat' dir='ltr'><em>K</em></span> <span class='ocrx_word' id='word_1_270' title='bbox 1072 2606 1099 2642; x_wconf 92' lang='lat'><strong>6</strong></span> <span class='ocrx_word' id='word_1_271' title='bbox 1118 2604 1353 2643; x_wconf 88' lang='lat' dir='ltr'><strong>sacerdotis</strong></span> <span class='ocrx_word' id='word_1_272' title='bbox 1375 2603 1411 2642; x_wconf 88' lang='lat' dir='ltr'>C</span> <span class='ocrx_word' id='word_1_273' title='bbox 1515 2604 1804 2654; x_wconf 85' lang='lat' dir='ltr'><strong>apostolorum</strong></span> <span class='ocrx_word' id='word_1_274' title='bbox 1822 2603 1863 2640; x_wconf 88' lang='grc' dir='ltr'><em>Β</em></span> <span class='ocrx_word' id='word_1_275' title='bbox 1974 2618 1996 2654; x_wconf 87' lang='lat'><strong>7</strong></span> <span class='ocrx_word' id='word_1_276' title='bbox 2018 2617 2111 2654; x_wconf 85' lang='lat' dir='ltr'><strong>pre-</strong></span> 
     </span>
     <span class='ocr_line' id='line_1_31' title="bbox 365 2657 2111 2711; baseline -0.001 -11"><span class='ocrx_word' id='word_1_277' title='bbox 365 2660 585 2711; x_wconf 86' lang='lat' dir='ltr'><strong>paratione</strong></span> <span class='ocrx_word' id='word_1_278' title='bbox 606 2658 695 2697; x_wconf 89' lang='lat' dir='ltr'><strong>BK</strong></span> <span class='ocrx_word' id='word_1_279' title='bbox 873 2673 900 2709; x_wconf 89' lang='grc'>9</span> <span class='ocrx_word' id='word_1_280' title='bbox 929 2659 1185 2698; x_wconf 86' lang='lat' dir='ltr'><strong>adnuntient</strong></span> <span class='ocrx_word' id='word_1_281' title='bbox 1207 2657 1242 2697; x_wconf 88' lang='lat' dir='ltr'><em>C</em></span> <span class='ocrx_word' id='word_1_282' title='bbox 1397 2659 1521 2711; x_wconf 89' lang='lat' dir='ltr'><strong>ergo]</strong></span> <span class='ocrx_word' id='word_1_283' title='bbox 1544 2659 1655 2698; x_wconf 90' lang='lat' dir='ltr'><strong>enim</strong></span> <span class='ocrx_word' id='word_1_284' title='bbox 1677 2657 1757 2697; x_wconf 86' lang='lat' dir='ltr'><strong>BC</strong></span> <span class='ocrx_word' id='word_1_285' title='bbox 1906 2671 1948 2696; x_wconf 91' lang='lat'><strong>11</strong></span> <span class='ocrx_word' id='word_1_286' title='bbox 1981 2660 2111 2698; x_wconf 87' lang='lat' dir='ltr'><strong>fratre</strong></span> 
     </span>
     <span class='ocr_line' id='line_1_32' title="bbox 367 2712 2108 2765; baseline 0 -12"><span class='ocrx_word' id='word_1_287' title='bbox 367 2715 464 2754; x_wconf 84' lang='lat' dir='ltr'><strong>ClT</strong></span> <span class='ocrx_word' id='word_1_288' title='bbox 567 2720 726 2753; x_wconf 84' lang='lat' dir='ltr'><strong>motum</strong></span> <span class='ocrx_word' id='word_1_289' title='bbox 749 2714 800 2752; x_wconf 83' lang='lat' dir='ltr'><strong>Cl</strong></span> <span class='ocrx_word' id='word_1_290' title='bbox 972 2727 1020 2752; x_wconf 87' lang='lat'><strong>12</strong></span> <span class='ocrx_word' id='word_1_291' title='bbox 1049 2714 1163 2763; x_wconf 90' lang='lat' dir='ltr'><strong>quod</strong></span> <span class='ocrx_word' id='word_1_292' title='bbox 1185 2712 1324 2751; x_wconf 87' lang='lat' dir='ltr'><strong>C¹TK</strong></span> <span class='ocrx_word' id='word_1_293' title='bbox 1343 2713 1444 2765; x_wconf 79' lang='lat' dir='ltr'><strong>(non</strong></span> <span class='ocrx_word' id='word_1_294' title='bbox 1464 2714 1530 2764; x_wconf 82' lang='lat' dir='ltr'><strong>A)</strong></span> <span class='ocrx_word' id='word_1_295' title='bbox 1642 2713 1852 2762; x_wconf 85' lang='lat' dir='ltr'><strong>significat</strong></span> <span class='ocrx_word' id='word_1_296' title='bbox 1872 2712 1919 2751; x_wconf 92' lang='lat' dir='ltr'><em>K</em></span> <span class='ocrx_word' id='word_1_297' title='bbox 2023 2720 2108 2754; x_wconf 88' lang='lat' dir='ltr'><strong>vet.</strong></span> 
     </span>
     <span class='ocr_line' id='line_1_33' title="bbox 365 2767 2109 2820; baseline -0.002 -10"><span class='ocrx_word' id='word_1_298' title='bbox 365 2768 607 2810; x_wconf 86' lang='lat' dir='ltr'><strong>testamenti</strong></span> <span class='ocrx_word' id='word_1_299' title='bbox 627 2776 669 2808; x_wconf 89' lang='lat' dir='ltr'><strong>et</strong></span> <span class='ocrx_word' id='word_1_300' title='bbox 691 2768 731 2805; x_wconf 93' lang='grc' dir='ltr'><em>Β</em></span> <span class='ocrx_word' id='word_1_301' title='bbox 845 2781 893 2818; x_wconf 86' lang='lat'><strong>13</strong></span> <span class='ocrx_word' id='word_1_302' title='bbox 925 2768 1094 2808; x_wconf 85' lang='lat' dir='ltr'><strong>Samuel</strong></span> <span class='ocrx_word' id='word_1_303' title='bbox 1115 2799 1125 2808; x_wconf 86' lang='lat'><strong>.</strong></span> <span class='ocrx_word' id='word_1_304' title='bbox 1151 2799 1160 2808; x_wconf 89' lang='lat'><strong>.</strong></span> <span class='ocrx_word' id='word_1_305' title='bbox 1187 2800 1194 2807; x_wconf 93' lang='lat'>.</span> <span class='ocrx_word' id='word_1_306' title='bbox 1220 2768 1335 2807; x_wconf 89' lang='lat' dir='ltr'><strong>Deus</strong></span> <span class='ocrx_word' id='word_1_307' title='bbox 1355 2781 1437 2808; x_wconf 85' lang='lat' dir='ltr'><strong>om.</strong></span> <span class='ocrx_word' id='word_1_308' title='bbox 1460 2767 1506 2806; x_wconf 90' lang='lat' dir='ltr'><em>K</em></span> <span class='ocrx_word' id='word_1_309' title='bbox 1522 2767 1628 2820; x_wconf 88' lang='lat' dir='ltr'><strong>(non</strong></span> <span class='ocrx_word' id='word_1_310' title='bbox 1642 2769 1704 2820; x_wconf 91' lang='lat' dir='ltr'><strong>A)</strong></span> <span class='ocrx_word' id='word_1_311' title='bbox 1818 2768 1956 2807; x_wconf 88' lang='lat' dir='ltr'><strong>insule</strong></span> <span class='ocrx_word' id='word_1_312' title='bbox 1977 2767 2045 2806; x_wconf 85' lang='lat' dir='ltr'><strong>K:</strong></span> <span class='ocrx_word' id='word_1_313' title='bbox 2065 2769 2109 2806; x_wconf 89' lang='lat' dir='ltr'><strong>in</strong></span> 
     </span>
     <span class='ocr_line' id='line_1_34' title="bbox 365 2822 2109 2875; baseline -0.002 -11"><span class='ocrx_word' id='word_1_314' title='bbox 365 2826 458 2864; x_wconf 86' lang='lat' dir='ltr'><strong>sole</strong></span> <span class='ocrx_word' id='word_1_315' title='bbox 478 2822 647 2862; x_wconf 90' lang='lat' dir='ltr'><em>ABCT</em></span> <span class='ocrx_word' id='word_1_316' title='bbox 757 2836 803 2872; x_wconf 88' lang='lat'><strong>14</strong></span> <span class='ocrx_word' id='word_1_317' title='bbox 835 2823 991 2875; x_wconf 89' lang='lat' dir='ltr'><strong>interp.</strong></span> <span class='ocrx_word' id='word_1_318' title='bbox 1012 2836 1097 2863; x_wconf 81' lang='lat' dir='ltr'><strong>om.</strong></span> <span class='ocrx_word' id='word_1_319' title='bbox 1122 2822 1167 2859; x_wconf 90' lang='lat' dir='ltr'><em>K</em></span> <span class='ocrx_word' id='word_1_320' title='bbox 1186 2823 1290 2871; x_wconf 83' lang='lat' dir='ltr'><strong>(non</strong></span> <span class='ocrx_word' id='word_1_321' title='bbox 1309 2823 1375 2869; x_wconf 88' lang='lat' dir='ltr'><strong>A)</strong></span> <span class='ocrx_word' id='word_1_322' title='bbox 1487 2823 1642 2872; x_wconf 84' lang='lat' dir='ltr'><strong>interp.</strong></span> <span class='ocrx_word' id='word_1_323' title='bbox 1664 2828 1750 2872; x_wconf 85' lang='lat' dir='ltr'><strong>pet.</strong></span> <span class='ocrx_word' id='word_1_324' title='bbox 1778 2822 1816 2860; x_wconf 92' lang='lat' dir='ltr'><em>T</em></span> <span class='ocrx_word' id='word_1_325' title='bbox 1923 2834 1970 2871; x_wconf 90' lang='lat'><strong>15</strong></span> <span class='ocrx_word' id='word_1_326' title='bbox 2007 2835 2109 2872; x_wconf 90' lang='lat' dir='ltr'><strong>quo-</strong></span> 
     </span>
     <span class='ocr_line' id='line_1_35' title="bbox 366 2876 2111 2930; baseline -0.003 -11"><span class='ocrx_word' id='word_1_327' title='bbox 366 2878 513 2930; x_wconf 91' lang='lat' dir='ltr'><strong>modo]</strong></span> <span class='ocrx_word' id='word_1_328' title='bbox 530 2878 728 2928; x_wconf 86' lang='lat' dir='ltr'><strong>quoniam</strong></span> <span class='ocrx_word' id='word_1_329' title='bbox 750 2877 795 2915; x_wconf 92' lang='lat' dir='ltr'><em>K</em></span> <span class='ocrx_word' id='word_1_330' title='bbox 814 2879 917 2929; x_wconf 78' lang='lat' dir='ltr'><strong>&lt;non</strong></span> <span class='ocrx_word' id='word_1_331' title='bbox 929 2878 992 2926; x_wconf 93' lang='lat' dir='ltr'><strong>A)</strong></span> <span class='ocrx_word' id='word_1_332' title='bbox 1196 2877 1320 2927; x_wconf 86' lang='lat' dir='ltr'><strong>petiit</strong></span> <span class='ocrx_word' id='word_1_333' title='bbox 1335 2876 1382 2914; x_wconf 91' lang='lat' dir='ltr'><em>K</em></span> <span class='ocrx_word' id='word_1_334' title='bbox 1589 2879 1638 2916; x_wconf 90' lang='lat'><strong>16</strong></span> <span class='ocrx_word' id='word_1_335' title='bbox 1667 2876 1776 2928; x_wconf 91' lang='lat' dir='ltr'><strong>non]</strong></span> <span class='ocrx_word' id='word_1_336' title='bbox 1794 2889 1950 2916; x_wconf 89' lang='lat' dir='ltr'><strong>nomen</strong></span> <span class='ocrx_word' id='word_1_337' title='bbox 1966 2889 2052 2915; x_wconf 90' lang='lat' dir='ltr'><strong>non</strong></span> <span class='ocrx_word' id='word_1_338' title='bbox 2069 2877 2111 2914; x_wconf 91' lang='grc' dir='ltr'><em>Β</em></span> 
     </span>
     <span class='ocr_line' id='line_1_36' title="bbox 370 2930 2110 2985; baseline -0.001 -13"><span class='ocrx_word' id='word_1_339' title='bbox 370 2948 416 2984; x_wconf 92' lang='lat'><strong>17</strong></span> <span class='ocrx_word' id='word_1_340' title='bbox 440 2934 516 2973; x_wconf 85' lang='lat' dir='ltr'><strong>for.</strong></span> <span class='ocrx_word' id='word_1_341' title='bbox 535 2932 638 2985; x_wconf 59' lang='grc' dir='ltr'>τηεμ]</span> <span class='ocrx_word' id='word_1_342' title='bbox 660 2932 932 2972; x_wconf 79' lang='lat' dir='ltr'><strong>fortissimum</strong></span> <span class='ocrx_word' id='word_1_343' title='bbox 959 2931 998 2970; x_wconf 90' lang='lat' dir='ltr'><em>T</em></span> <span class='ocrx_word' id='word_1_344' title='bbox 1074 2931 1193 2983; x_wconf 89' lang='lat' dir='ltr'><strong>quia]</strong></span> <span class='ocrx_word' id='word_1_345' title='bbox 1215 2932 1327 2981; x_wconf 92' lang='lat' dir='ltr'><strong>quod</strong></span> <span class='ocrx_word' id='word_1_346' title='bbox 1347 2930 1390 2968; x_wconf 88' lang='lat' dir='ltr'><em>B</em></span> <span class='ocrx_word' id='word_1_347' title='bbox 1472 2932 1593 2972; x_wconf 83' lang='lat' dir='ltr'><strong>sortis</strong></span> <span class='ocrx_word' id='word_1_348' title='bbox 1605 2944 1716 2970; x_wconf 91' lang='lat' dir='ltr'><strong>mum</strong></span> <span class='ocrx_word' id='word_1_349' title='bbox 1745 2931 1782 2968; x_wconf 92' lang='lat' dir='ltr'><em>T</em></span> <span class='ocrx_word' id='word_1_350' title='bbox 1889 2945 1938 2981; x_wconf 92' lang='lat'><strong>19</strong></span> <span class='ocrx_word' id='word_1_351' title='bbox 1967 2931 2110 2970; x_wconf 88' lang='lat' dir='ltr'><strong>veniat</strong></span> 
     </span>
     <span class='ocr_line' id='line_1_37' title="bbox 366 2985 2110 3039; baseline -0.001 -13"><span class='ocrx_word' id='word_1_352' title='bbox 366 2989 412 3026; x_wconf 92' lang='lat' dir='ltr'><em>K</em></span> <span class='ocrx_word' id='word_1_353' title='bbox 577 3001 630 3028; x_wconf 91' lang='grc' dir='ltr'><strong>2ο</strong></span> <span class='ocrx_word' id='word_1_354' title='bbox 659 2987 752 3026; x_wconf 87' lang='lat' dir='ltr'><strong>trib.</strong></span> <span class='ocrx_word' id='word_1_355' title='bbox 776 2987 912 3039; x_wconf 89' lang='lat' dir='ltr'><strong>nom.]</strong></span> <span class='ocrx_word' id='word_1_356' title='bbox 934 2988 1156 3027; x_wconf 88' lang='lat' dir='ltr'><strong>trinomius</strong></span> <span class='ocrx_word' id='word_1_357' title='bbox 1175 2985 1222 3024; x_wconf 94' lang='lat' dir='ltr'><em>K</em></span> <span class='ocrx_word' id='word_1_358' title='bbox 1240 2989 1339 3037; x_wconf 82' lang='lat' dir='ltr'><strong>(non</strong></span> <span class='ocrx_word' id='word_1_359' title='bbox 1362 2986 1422 3035; x_wconf 84' lang='lat' dir='ltr'><strong>A)</strong></span> <span class='ocrx_word' id='word_1_360' title='bbox 1537 2999 1588 3036; x_wconf 84' lang='lat'><strong>23</strong></span> <span class='ocrx_word' id='word_1_361' title='bbox 1612 2999 1703 3024; x_wconf 92' lang='lat' dir='ltr'><strong>voc.</strong></span> <span class='ocrx_word' id='word_1_362' title='bbox 1727 2985 1818 3024; x_wconf 89' lang='lat' dir='ltr'><strong>eius</strong></span> <span class='ocrx_word' id='word_1_363' title='bbox 1837 2998 1918 3026; x_wconf 87' lang='lat' dir='ltr'><strong>om.</strong></span> <span class='ocrx_word' id='word_1_364' title='bbox 1943 2985 1989 3023; x_wconf 92' lang='lat' dir='ltr'><em>K</em></span> <span class='ocrx_word' id='word_1_365' title='bbox 2008 2987 2110 3038; x_wconf 82' lang='lat' dir='ltr'><strong>(non</strong></span> 
     </span>
     <span class='ocr_line' id='line_1_38' title="bbox 365 3038 2109 3094; baseline -0.001 -14"><span class='ocrx_word' id='word_1_366' title='bbox 365 3045 428 3094; x_wconf 91' lang='lat' dir='ltr'><strong>A)</strong></span> <span class='ocrx_word' id='word_1_367' title='bbox 597 3055 648 3092; x_wconf 86' lang='lat'><strong>25</strong></span> <span class='ocrx_word' id='word_1_368' title='bbox 679 3056 702 3080; x_wconf 89' lang='lat' dir='ltr'><strong>a</strong></span> <span class='ocrx_word' id='word_1_369' title='bbox 724 3042 883 3092; x_wconf 92' lang='lat' dir='ltr'><strong>populo</strong></span> <span class='ocrx_word' id='word_1_370' title='bbox 905 3041 961 3079; x_wconf 80' lang='grc' dir='ltr'><strong>Β1</strong></span> <span class='ocrx_word' id='word_1_371' title='bbox 1156 3044 1208 3080; x_wconf 89' lang='grc'><strong>26</strong></span> <span class='ocrx_word' id='word_1_372' title='bbox 1236 3041 1372 3091; x_wconf 88' lang='lat' dir='ltr'><strong>patrie</strong></span> <span class='ocrx_word' id='word_1_373' title='bbox 1395 3040 1443 3078; x_wconf 83' lang='lat' dir='ltr'><strong>Cl</strong></span> <span class='ocrx_word' id='word_1_374' title='bbox 1623 3039 1725 3091; x_wconf 86' lang='lat' dir='ltr'><strong>pax]</strong></span> <span class='ocrx_word' id='word_1_375' title='bbox 1746 3052 1831 3078; x_wconf 85' lang='lat' dir='ltr'><strong>vox</strong></span> <span class='ocrx_word' id='word_1_376' title='bbox 1850 3038 1896 3077; x_wconf 91' lang='lat' dir='ltr'><em>K</em></span> <span class='ocrx_word' id='word_1_377' title='bbox 2039 3041 2109 3079; x_wconf 88' lang='lat' dir='ltr'><strong>ad-</strong></span> 
     </span>
     <span class='ocr_line' id='line_1_39' title="bbox 364 3097 598 3136; baseline 0.004 -1"><span class='ocrx_word' id='word_1_378' title='bbox 364 3110 532 3136; x_wconf 86' lang='lat' dir='ltr'><strong>versum</strong></span> <span class='ocrx_word' id='word_1_379' title='bbox 562 3097 598 3136; x_wconf 94' lang='lat' dir='ltr'><em>T</em></span> 
     </span>
    </p>
   </div>
  </div>
 </body>
</html>
