<?xml version="1.0" encoding="UTF-8"?>
<!DOCTYPE html PUBLIC "-//W3C//DTD XHTML 1.0 Transitional//EN"
    "http://www.w3.org/TR/xhtml1/DTD/xhtml1-transitional.dtd">
<html xmlns="http://www.w3.org/1999/xhtml" xml:lang="en" lang="en">
 <head>
  <title>
</title>
<meta http-equiv="Content-Type" content="text/html;charset=utf-8" />
  <meta name='ocr-system' content='tesseract 3.04.00' />
  <meta name='ocr-capabilities' content='ocr_page ocr_carea ocr_par ocr_line ocrx_word'/>
</head>
<body>
  <div class='ocr_page' id='page_1' title='image "./isidori01isiduoft/isidori01isiduoft_0704.png"; bbox 0 0 2176 3424; ppageno 0'>
   <div class='ocr_carea' id='block_1_1' title="bbox 1050 118 1324 168">
    <p class='ocr_par' dir='ltr' id='par_1_1' title="bbox 1050 118 1324 168">
     <span class='ocr_line' id='line_1_1' title="bbox 1050 118 1324 168; baseline -0.004 0"><span class='ocrx_word' id='word_1_1' title='bbox 1050 118 1324 168; x_wconf 87' lang='lat' dir='ltr'><strong>ISIDORI</strong></span> 
     </span>
    </p>
   </div>
   <div class='ocr_carea' id='block_1_2' title="bbox 228 246 2149 2361">
    <p class='ocr_par' dir='ltr' id='par_1_2' title="bbox 228 246 2149 2361">
     <span class='ocr_line' id='line_1_2' title="bbox 311 246 2054 311; baseline -0.001 -16"><span class='ocrx_word' id='word_1_2' title='bbox 311 264 444 311; x_wconf 92' lang='lat' dir='ltr'><strong>napo</strong></span> <span class='ocrx_word' id='word_1_3' title='bbox 470 248 656 308; x_wconf 89' lang='lat' dir='ltr'><strong>similis,</strong></span> <span class='ocrx_word' id='word_1_4' title='bbox 684 265 786 297; x_wconf 91' lang='lat' dir='ltr'><strong>non</strong></span> <span class='ocrx_word' id='word_1_5' title='bbox 812 248 862 296; x_wconf 92' lang='lat' dir='ltr'><strong>in</strong></span> <span class='ocrx_word' id='word_1_6' title='bbox 888 247 1066 307; x_wconf 80' lang='lat' dir='ltr'><strong>radice,</strong></span> <span class='ocrx_word' id='word_1_7' title='bbox 1095 248 1183 296; x_wconf 89' lang='lat' dir='ltr'><strong>sed</strong></span> <span class='ocrx_word' id='word_1_8' title='bbox 1210 246 1258 294; x_wconf 89' lang='lat' dir='ltr'><strong>in</strong></span> <span class='ocrx_word' id='word_1_9' title='bbox 1286 248 1453 309; x_wconf 91' lang='lat' dir='ltr'><strong>thyrso</strong></span> <span class='ocrx_word' id='word_1_10' title='bbox 1479 249 1782 307; x_wconf 80' lang='lat' dir='ltr'><strong>conscendit,</strong></span> <span class='ocrx_word' id='word_1_11' title='bbox 1812 257 1864 295; x_wconf 93' lang='lat' dir='ltr'><strong>ut</strong></span> <span class='ocrx_word' id='word_1_12' title='bbox 1889 247 2054 296; x_wconf 87' lang='lat' dir='ltr'><strong>caulis.</strong></span> 
     </span>
     <span class='ocr_line' id='line_1_3' title="bbox 228 328 2056 394; baseline -0.001 -16"><span class='ocrx_word' id='word_1_13' title='bbox 228 337 285 373; x_wconf 89' lang='lat'><strong>10</strong></span> <span class='ocrx_word' id='word_1_14' title='bbox 310 330 505 393; x_wconf 90' lang='lat' dir='ltr'><strong>Sinapis</strong></span> <span class='ocrx_word' id='word_1_15' title='bbox 541 331 827 394; x_wconf 90' lang='lat' dir='ltr'><strong>appellatur,</strong></span> <span class='ocrx_word' id='word_1_16' title='bbox 868 330 1005 392; x_wconf 89' lang='lat' dir='ltr'><strong>quod</strong></span> <span class='ocrx_word' id='word_1_17' title='bbox 1041 328 1169 377; x_wconf 87' lang='lat' dir='ltr'><strong>foliis</strong></span> <span class='ocrx_word' id='word_1_18' title='bbox 1209 328 1269 377; x_wconf 91' lang='lat' dir='ltr'><strong>sit</strong></span> <span class='ocrx_word' id='word_1_19' title='bbox 1312 328 1483 377; x_wconf 87' lang='lat' dir='ltr'><strong>similis</strong></span> <span class='ocrx_word' id='word_1_20' title='bbox 1527 331 1680 392; x_wconf 86' lang='lat' dir='ltr'><strong>napis.</strong></span> <span class='ocrx_word' id='word_1_21' title='bbox 1758 331 2056 393; x_wconf 87' lang='lat' dir='ltr'><strong>Raphanum</strong></span> 
     </span>
     <span class='ocr_line' id='line_1_4' title="bbox 311 411 2057 474; baseline -0.002 -13"><span class='ocrx_word' id='word_1_22' title='bbox 311 412 502 472; x_wconf 90' lang='lat' dir='ltr'><strong>Graeci,</strong></span> <span class='ocrx_word' id='word_1_23' title='bbox 531 429 621 461; x_wconf 88' lang='lat' dir='ltr'><strong>nos</strong></span> <span class='ocrx_word' id='word_1_24' title='bbox 646 411 863 462; x_wconf 90' lang='lat' dir='ltr'><strong>radicem</strong></span> <span class='ocrx_word' id='word_1_25' title='bbox 898 427 1133 460; x_wconf 89' lang='lat' dir='ltr'><strong>vocamus</strong></span> <span class='ocrx_word' id='word_1_26' title='bbox 1168 427 1228 460; x_wconf 93' lang='lat' dir='ltr'><strong>eo</strong></span> <span class='ocrx_word' id='word_1_27' title='bbox 1265 411 1402 474; x_wconf 87' lang='lat' dir='ltr'><strong>quod</strong></span> <span class='ocrx_word' id='word_1_28' title='bbox 1439 419 1570 460; x_wconf 90' lang='lat' dir='ltr'><strong>totus</strong></span> <span class='ocrx_word' id='word_1_29' title='bbox 1607 412 1838 460; x_wconf 89' lang='lat' dir='ltr'><strong>deorsum</strong></span> <span class='ocrx_word' id='word_1_30' title='bbox 1875 411 2057 470; x_wconf 88' lang='lat' dir='ltr'><strong>nititur,</strong></span> 
     </span>
     <span class='ocr_line' id='line_1_5' title="bbox 310 492 2061 558; baseline -0.002 -15"><span class='ocrx_word' id='word_1_31' title='bbox 310 495 429 543; x_wconf 91' lang='lat' dir='ltr'><strong>dum</strong></span> <span class='ocrx_word' id='word_1_32' title='bbox 468 495 655 558; x_wconf 87' lang='lat' dir='ltr'><strong>reliqua</strong></span> <span class='ocrx_word' id='word_1_33' title='bbox 693 496 826 544; x_wconf 91' lang='lat' dir='ltr'><strong>olera</strong></span> <span class='ocrx_word' id='word_1_34' title='bbox 862 493 911 542; x_wconf 94' lang='lat' dir='ltr'><strong>in</strong></span> <span class='ocrx_word' id='word_1_35' title='bbox 951 509 1144 541; x_wconf 91' lang='lat' dir='ltr'><strong>summa</strong></span> <span class='ocrx_word' id='word_1_36' title='bbox 1180 492 1333 556; x_wconf 88' lang='lat' dir='ltr'><strong>magis</strong></span> <span class='ocrx_word' id='word_1_37' title='bbox 1370 493 1652 555; x_wconf 82' lang='lat' dir='ltr'>prosiliant:</span> <span class='ocrx_word' id='word_1_38' title='bbox 1701 492 1839 542; x_wconf 89' lang='lat' dir='ltr'><strong>cuius</strong></span> <span class='ocrx_word' id='word_1_39' title='bbox 1874 494 2061 541; x_wconf 90' lang='lat' dir='ltr'><strong>semine</strong></span> 
     </span>
     <span class='ocr_line' id='line_1_6' title="bbox 311 573 2107 639; baseline -0.002 -12"><span class='ocrx_word' id='word_1_40' title='bbox 311 586 558 627; x_wconf 90' lang='lat' dir='ltr'><strong>macerato</strong></span> <span class='ocrx_word' id='word_1_41' title='bbox 606 575 829 639; x_wconf 88' lang='lat' dir='ltr'><strong>quisquis</strong></span> <span class='ocrx_word' id='word_1_42' title='bbox 879 591 990 624; x_wconf 90' lang='lat' dir='ltr'><strong>suas</strong></span> <span class='ocrx_word' id='word_1_43' title='bbox 1040 591 1215 623; x_wconf 89' lang='lat' dir='ltr'><strong>manus</strong></span> <span class='ocrx_word' id='word_1_44' title='bbox 1272 574 1507 634; x_wconf 80' lang='lat' dir='ltr'><strong>infecerit,</strong></span> <span class='ocrx_word' id='word_1_45' title='bbox 1567 583 1816 637; x_wconf 86' lang='lat' dir='ltr'><strong>serpentes</strong></span> <span class='ocrx_word' id='word_1_46' title='bbox 1876 573 2062 638; x_wconf 90' lang='lat' dir='ltr'><strong>inpune</strong></span> <span class='ocrx_word' id='word_1_47' title='bbox 2087 589 2107 629; x_wconf 91' lang='lat'>5</span> 
     </span>
     <span class='ocr_line' id='line_1_7' title="bbox 309 655 2062 722; baseline -0.003 -12"><span class='ocrx_word' id='word_1_48' title='bbox 309 659 551 710; x_wconf 82' lang='lat' dir='ltr'><strong>tractabit.</strong></span> <span class='ocrx_word' id='word_1_49' title='bbox 625 659 882 722; x_wconf 89' lang='lat' dir='ltr'><strong>Siquidem</strong></span> <span class='ocrx_word' id='word_1_50' title='bbox 917 675 976 708; x_wconf 87' lang='lat' dir='ltr'><strong>ex</strong></span> <span class='ocrx_word' id='word_1_51' title='bbox 1009 656 1160 720; x_wconf 90' lang='lat' dir='ltr'><strong>ipsius</strong></span> <span class='ocrx_word' id='word_1_52' title='bbox 1186 655 1350 706; x_wconf 82' lang='lat' dir='ltr'><strong>radice</strong></span> <span class='ocrx_word' id='word_1_53' title='bbox 1376 655 1522 705; x_wconf 89' lang='lat' dir='ltr'><strong>etiam</strong></span> <span class='ocrx_word' id='word_1_54' title='bbox 1550 655 1671 706; x_wconf 89' lang='lat' dir='ltr'><strong>ebur</strong></span> <span class='ocrx_word' id='word_1_55' title='bbox 1695 655 1926 705; x_wconf 87' lang='lat' dir='ltr'><strong>albescat.</strong></span> <span class='ocrx_word' id='word_1_56' title='bbox 2001 658 2062 706; x_wconf 92' lang='lat' dir='ltr'><strong>In</strong></span> 
     </span>
     <span class='ocr_line' id='line_1_8' title="bbox 309 737 2060 805; baseline -0.003 -13"><span class='ocrx_word' id='word_1_57' title='bbox 309 742 424 792; x_wconf 91' lang='lat' dir='ltr'><strong>cibo</strong></span> <span class='ocrx_word' id='word_1_58' title='bbox 467 758 669 805; x_wconf 89' lang='lat' dir='ltr'><strong>quoque</strong></span> <span class='ocrx_word' id='word_1_59' title='bbox 711 739 915 790; x_wconf 90' lang='lat' dir='ltr'><strong>venenis</strong></span> <span class='ocrx_word' id='word_1_60' title='bbox 958 738 1166 789; x_wconf 88' lang='lat' dir='ltr'><strong>obsistit.</strong></span> <span class='ocrx_word' id='word_1_61' title='bbox 1255 740 1385 788; x_wconf 90' lang='lat' dir='ltr'><strong>Nam</strong></span> <span class='ocrx_word' id='word_1_62' title='bbox 1424 748 1595 787; x_wconf 91' lang='lat' dir='ltr'><strong>contra</strong></span> <span class='ocrx_word' id='word_1_63' title='bbox 1631 755 1823 788; x_wconf 90' lang='lat' dir='ltr'><strong>venena</strong></span> <span class='ocrx_word' id='word_1_64' title='bbox 1858 737 2060 797; x_wconf 89' lang='lat' dir='ltr'><strong>radices,</strong></span> 
     </span>
     <span class='ocr_line' id='line_1_9' title="bbox 310 822 2062 887; baseline -0.003 -14"><span class='ocrx_word' id='word_1_65' title='bbox 310 841 476 885; x_wconf 89' lang='lat' dir='ltr'><strong>nuces,</strong></span> <span class='ocrx_word' id='word_1_66' title='bbox 506 822 676 887; x_wconf 90' lang='lat' dir='ltr'><strong>lupini,</strong></span> <span class='ocrx_word' id='word_1_67' title='bbox 706 824 895 882; x_wconf 91' lang='lat' dir='ltr'><strong>citrum,</strong></span> <span class='ocrx_word' id='word_1_68' title='bbox 933 822 1100 885; x_wconf 91' lang='lat' dir='ltr'><strong>apium</strong></span> <span class='ocrx_word' id='word_1_69' title='bbox 1127 830 1333 885; x_wconf 89' lang='lat' dir='ltr'><strong>prosunt</strong></span> <span class='ocrx_word' id='word_1_70' title='bbox 1350 839 1363 882; x_wconf 78' lang='lat'>3</span> <span class='ocrx_word' id='word_1_71' title='bbox 1400 822 1488 871; x_wconf 88' lang='lat' dir='ltr'><strong>sed</strong></span> <span class='ocrx_word' id='word_1_72' title='bbox 1507 829 1678 869; x_wconf 87' lang='lat' dir='ltr'><strong>contra</strong></span> <span class='ocrx_word' id='word_1_73' title='bbox 1702 822 1933 880; x_wconf 91' lang='lat' dir='ltr'><strong>futurum,</strong></span> <span class='ocrx_word' id='word_1_74' title='bbox 1961 836 2062 869; x_wconf 91' lang='lat' dir='ltr'><strong>non</strong></span> 
     </span>
     <span class='ocr_line' id='line_1_10' title="bbox 311 901 2064 970; baseline -0.003 -14"><span class='ocrx_word' id='word_1_75' title='bbox 311 915 483 956; x_wconf 90' lang='lat' dir='ltr'><strong>contra</strong></span> <span class='ocrx_word' id='word_1_76' title='bbox 519 914 781 970; x_wconf 89' lang='lat' dir='ltr'><strong>acceptum</strong></span> <span class='ocrx_word' id='word_1_77' title='bbox 815 920 1078 954; x_wconf 89' lang='lat' dir='ltr'><strong>venenum.</strong></span> <span class='ocrx_word' id='word_1_78' title='bbox 1153 904 1301 952; x_wconf 88' lang='lat' dir='ltr'><strong>Vnde</strong></span> <span class='ocrx_word' id='word_1_79' title='bbox 1331 910 1379 951; x_wconf 88' lang='lat' dir='ltr'><strong>et</strong></span> <span class='ocrx_word' id='word_1_80' title='bbox 1412 903 1546 966; x_wconf 92' lang='lat' dir='ltr'><strong>apud</strong></span> <span class='ocrx_word' id='word_1_81' title='bbox 1580 911 1766 951; x_wconf 90' lang='lat' dir='ltr'><strong>veteres</strong></span> <span class='ocrx_word' id='word_1_82' title='bbox 1800 911 1914 952; x_wconf 91' lang='lat' dir='ltr'><strong>ante</strong></span> <span class='ocrx_word' id='word_1_83' title='bbox 1947 901 2064 951; x_wconf 90' lang='lat' dir='ltr'><strong>alias</strong></span> 
     </span>
     <span class='ocr_line' id='line_1_11' title="bbox 242 983 2141 1052; baseline -0.002 -15"><span class='ocrx_word' id='word_1_84' title='bbox 242 1010 288 1044; x_wconf 92' lang='lat'><strong>11</strong></span> <span class='ocrx_word' id='word_1_85' title='bbox 313 989 483 1052; x_wconf 90' lang='lat' dir='ltr'><strong>epulas</strong></span> <span class='ocrx_word' id='word_1_86' title='bbox 532 988 655 1036; x_wconf 88' lang='lat' dir='ltr'><strong>haec</strong></span> <span class='ocrx_word' id='word_1_87' title='bbox 705 986 931 1036; x_wconf 89' lang='lat' dir='ltr'><strong>solebant</strong></span> <span class='ocrx_word' id='word_1_88' title='bbox 979 986 1163 1034; x_wconf 89' lang='lat' dir='ltr'><strong>mensis</strong></span> <span class='ocrx_word' id='word_1_89' title='bbox 1211 986 1477 1048; x_wconf 88' lang='lat' dir='ltr'><strong>adponere.</strong></span> <span class='ocrx_word' id='word_1_90' title='bbox 1554 986 1771 1034; x_wconf 89' lang='lat' dir='ltr'><strong>Lactuca</strong></span> <span class='ocrx_word' id='word_1_91' title='bbox 1814 983 1946 1033; x_wconf 89' lang='lat' dir='ltr'><strong>dicta</strong></span> <span class='ocrx_word' id='word_1_92' title='bbox 1992 993 2065 1033; x_wconf 87' lang='lat' dir='ltr'><strong>est</strong></span> <span class='ocrx_word' id='word_1_93' title='bbox 2093 1005 2141 1033; x_wconf 92' lang='lat'><strong>10</strong></span> 
     </span>
     <span class='ocr_line' id='line_1_12' title="bbox 313 1066 2066 1134; baseline -0.003 -15"><span class='ocrx_word' id='word_1_94' title='bbox 313 1072 450 1134; x_wconf 87' lang='lat' dir='ltr'><strong>quod</strong></span> <span class='ocrx_word' id='word_1_95' title='bbox 498 1070 807 1118; x_wconf 88' lang='lat' dir='ltr'><strong>abundantia</strong></span> <span class='ocrx_word' id='word_1_96' title='bbox 854 1067 992 1117; x_wconf 88' lang='lat' dir='ltr'><strong>lactis</strong></span> <span class='ocrx_word' id='word_1_97' title='bbox 1036 1067 1284 1127; x_wconf 88' lang='lat' dir='ltr'><strong>exuberet,</strong></span> <span class='ocrx_word' id='word_1_98' title='bbox 1329 1083 1415 1115; x_wconf 93' lang='lat' dir='ltr'><strong>seu</strong></span> <span class='ocrx_word' id='word_1_99' title='bbox 1459 1066 1574 1129; x_wconf 89' lang='lat' dir='ltr'><strong>quia</strong></span> <span class='ocrx_word' id='word_1_100' title='bbox 1622 1068 1747 1116; x_wconf 87' lang='lat' dir='ltr'><strong>lacte</strong></span> <span class='ocrx_word' id='word_1_101' title='bbox 1795 1067 2066 1116; x_wconf 89' lang='lat' dir='ltr'><strong>nutrientes</strong></span> 
     </span>
     <span class='ocr_line' id='line_1_13' title="bbox 312 1148 2062 1214; baseline -0.002 -14"><span class='ocrx_word' id='word_1_102' title='bbox 312 1151 521 1201; x_wconf 90' lang='lat' dir='ltr'><strong>feminas</strong></span> <span class='ocrx_word' id='word_1_103' title='bbox 579 1151 747 1214; x_wconf 90' lang='lat' dir='ltr'><strong>inplet.</strong></span> <span class='ocrx_word' id='word_1_104' title='bbox 848 1153 992 1199; x_wconf 90' lang='lat' dir='ltr'><strong>Haec</strong></span> <span class='ocrx_word' id='word_1_105' title='bbox 1041 1158 1089 1199; x_wconf 92' lang='lat' dir='ltr'><strong>et</strong></span> <span class='ocrx_word' id='word_1_106' title='bbox 1138 1148 1187 1198; x_wconf 92' lang='lat' dir='ltr'><strong>in</strong></span> <span class='ocrx_word' id='word_1_107' title='bbox 1236 1148 1349 1199; x_wconf 88' lang='lat' dir='ltr'><strong>viris</strong></span> <span class='ocrx_word' id='word_1_108' title='bbox 1397 1149 1605 1199; x_wconf 90' lang='lat' dir='ltr'><strong>Veneris</strong></span> <span class='ocrx_word' id='word_1_109' title='bbox 1658 1165 1802 1197; x_wconf 90' lang='lat' dir='ltr'><strong>usum</strong></span> <span class='ocrx_word' id='word_1_110' title='bbox 1856 1156 2062 1198; x_wconf 86' lang='lat' dir='ltr'><strong>coercet.</strong></span> 
     </span>
     <span class='ocr_line' id='line_1_14' title="bbox 316 1229 2066 1297; baseline -0.003 -14"><span class='ocrx_word' id='word_1_111' title='bbox 316 1236 534 1283; x_wconf 92' lang='lat' dir='ltr'><strong>Lactuca</strong></span> <span class='ocrx_word' id='word_1_112' title='bbox 559 1234 760 1297; x_wconf 87' lang='lat' dir='ltr'><strong>agrestis</strong></span> <span class='ocrx_word' id='word_1_113' title='bbox 787 1242 859 1281; x_wconf 89' lang='lat' dir='ltr'><strong>est</strong></span> <span class='ocrx_word' id='word_1_114' title='bbox 885 1249 1035 1296; x_wconf 89' lang='lat' dir='ltr'><strong>quam</strong></span> <span class='ocrx_word' id='word_1_115' title='bbox 1069 1233 1318 1285; x_wconf 84' lang='lat' dir='ltr'><strong>serraliam</strong></span> <span class='ocrx_word' id='word_1_116' title='bbox 1344 1229 1675 1290; x_wconf 89' lang='lat' dir='ltr'><strong>nominamus,</strong></span> <span class='ocrx_word' id='word_1_117' title='bbox 1704 1233 1838 1294; x_wconf 88' lang='lat' dir='ltr'><strong>quod</strong></span> <span class='ocrx_word' id='word_1_118' title='bbox 1865 1232 2066 1280; x_wconf 91' lang='lat' dir='ltr'><strong>dorsum</strong></span> 
     </span>
     <span class='ocr_line' id='line_1_15' title="bbox 236 1314 2068 1368; baseline -0.004 0"><span class='ocrx_word' id='word_1_119' title='bbox 236 1332 290 1368; x_wconf 87' lang='lat'><strong>12</strong></span> <span class='ocrx_word' id='word_1_120' title='bbox 314 1315 418 1365; x_wconf 88' lang='lat' dir='ltr'><strong>eius</strong></span> <span class='ocrx_word' id='word_1_121' title='bbox 452 1315 502 1363; x_wconf 92' lang='lat' dir='ltr'><strong>in</strong></span> <span class='ocrx_word' id='word_1_122' title='bbox 538 1316 745 1365; x_wconf 90' lang='lat' dir='ltr'><strong>modum</strong></span> <span class='ocrx_word' id='word_1_123' title='bbox 781 1331 939 1364; x_wconf 89' lang='lat' dir='ltr'><strong>serrae</strong></span> <span class='ocrx_word' id='word_1_124' title='bbox 973 1322 1059 1363; x_wconf 89' lang='lat' dir='ltr'><strong>est.</strong></span> <span class='ocrx_word' id='word_1_125' title='bbox 1137 1314 1350 1362; x_wconf 90' lang='lat' dir='ltr'><strong>Intubus</strong></span> <span class='ocrx_word' id='word_1_126' title='bbox 1385 1314 1630 1363; x_wconf 90' lang='lat' dir='ltr'><strong>Graecum</strong></span> <span class='ocrx_word' id='word_1_127' title='bbox 1662 1329 1846 1362; x_wconf 91' lang='lat' dir='ltr'><strong>nomen</strong></span> <span class='ocrx_word' id='word_1_128' title='bbox 1881 1322 1983 1362; x_wconf 78' lang='lat' dir='ltr'><strong>est:</strong></span> <span class='ocrx_word' id='word_1_129' title='bbox 2020 1321 2068 1361; x_wconf 89' lang='lat' dir='ltr'><strong>et</strong></span> 
     </span>
     <span class='ocr_line' id='line_1_16' title="bbox 315 1394 2141 1461; baseline -0.004 -14"><span class='ocrx_word' id='word_1_130' title='bbox 315 1398 533 1458; x_wconf 77' lang='lat' dir='ltr'><strong>intubUS‚</strong></span> <span class='ocrx_word' id='word_1_131' title='bbox 561 1399 698 1461; x_wconf 90' lang='lat' dir='ltr'><strong>quod</strong></span> <span class='ocrx_word' id='word_1_132' title='bbox 733 1396 793 1446; x_wconf 89' lang='lat' dir='ltr'><strong>sit</strong></span> <span class='ocrx_word' id='word_1_133' title='bbox 826 1396 958 1446; x_wconf 91' lang='lat' dir='ltr'><strong>intus</strong></span> <span class='ocrx_word' id='word_1_134' title='bbox 996 1397 1157 1447; x_wconf 88' lang='lat' dir='ltr'><strong>tobus.</strong></span> <span class='ocrx_word' id='word_1_135' title='bbox 1232 1395 1370 1458; x_wconf 89' lang='lat' dir='ltr'><strong>Cepa</strong></span> <span class='ocrx_word' id='word_1_136' title='bbox 1403 1404 1621 1456; x_wconf 86' lang='lat' dir='ltr'><strong>vocatur,</strong></span> <span class='ocrx_word' id='word_1_137' title='bbox 1647 1394 1763 1459; x_wconf 85' lang='lat' dir='ltr'><strong>quia</strong></span> <span class='ocrx_word' id='word_1_138' title='bbox 1797 1411 1898 1444; x_wconf 91' lang='lat' dir='ltr'><strong>non</strong></span> <span class='ocrx_word' id='word_1_139' title='bbox 1932 1394 2067 1444; x_wconf 90' lang='lat' dir='ltr'><strong>aliud</strong></span> <span class='ocrx_word' id='word_1_140' title='bbox 2095 1413 2141 1452; x_wconf 87' lang='lat'><strong>15</strong></span> 
     </span>
     <span class='ocr_line' id='line_1_17' title="bbox 236 1476 2068 1544; baseline -0.002 -15"><span class='ocrx_word' id='word_1_141' title='bbox 236 1498 289 1544; x_wconf 88' lang='lat'><strong>13</strong></span> <span class='ocrx_word' id='word_1_142' title='bbox 315 1488 389 1529; x_wconf 89' lang='lat' dir='ltr'><strong>est</strong></span> <span class='ocrx_word' id='word_1_143' title='bbox 426 1478 519 1528; x_wconf 89' lang='lat' dir='ltr'><strong>nisi</strong></span> <span class='ocrx_word' id='word_1_144' title='bbox 557 1487 750 1528; x_wconf 91' lang='lat' dir='ltr'><strong>tantum</strong></span> <span class='ocrx_word' id='word_1_145' title='bbox 788 1487 950 1542; x_wconf 92' lang='lat' dir='ltr'><strong>caput.</strong></span> <span class='ocrx_word' id='word_1_146' title='bbox 1026 1476 1293 1527; x_wconf 88' lang='lat' dir='ltr'><strong>Ascalonia</strong></span> <span class='ocrx_word' id='word_1_147' title='bbox 1329 1487 1615 1541; x_wconf 90' lang='lat' dir='ltr'><strong>nuncupata</strong></span> <span class='ocrx_word' id='word_1_148' title='bbox 1641 1494 1699 1526; x_wconf 89' lang='lat' dir='ltr'><strong>ex</strong></span> <span class='ocrx_word' id='word_1_149' title='bbox 1735 1494 1835 1526; x_wconf 90' lang='lat' dir='ltr'><strong>una</strong></span> <span class='ocrx_word' id='word_1_150' title='bbox 1871 1476 2068 1526; x_wconf 91' lang='lat' dir='ltr'><strong>urbium</strong></span> 
     </span>
     <span class='ocr_line' id='line_1_18' title="bbox 318 1558 2066 1624; baseline -0.002 -13"><span class='ocrx_word' id='word_1_151' title='bbox 318 1560 627 1611; x_wconf 88' lang='lat' dir='ltr'><strong>Palaestinae</strong></span> <span class='ocrx_word' id='word_1_152' title='bbox 674 1576 803 1624; x_wconf 85' lang='lat' dir='ltr'><strong>quae</strong></span> <span class='ocrx_word' id='word_1_153' title='bbox 851 1561 1069 1610; x_wconf 88' lang='lat' dir='ltr'><strong>Ascalon</strong></span> <span class='ocrx_word' id='word_1_154' title='bbox 1118 1559 1310 1619; x_wconf 90' lang='lat' dir='ltr'><strong>dicitur,</strong></span> <span class='ocrx_word' id='word_1_155' title='bbox 1363 1561 1495 1609; x_wconf 90' lang='lat' dir='ltr'><strong>unde</strong></span> <span class='ocrx_word' id='word_1_156' title='bbox 1545 1558 1677 1624; x_wconf 91' lang='lat' dir='ltr'><strong>prius</strong></span> <span class='ocrx_word' id='word_1_157' title='bbox 1726 1560 1932 1609; x_wconf 91' lang='lat' dir='ltr'><strong>advecta</strong></span> <span class='ocrx_word' id='word_1_158' title='bbox 1980 1568 2066 1608; x_wconf 90' lang='lat' dir='ltr'><strong>est.</strong></span> 
     </span>
     <span class='ocr_line' id='line_1_19' title="bbox 236 1640 2068 1712; baseline -0.002 -20"><span class='ocrx_word' id='word_1_159' title='bbox 236 1665 292 1712; x_wconf 90' lang='lat'><strong>14</strong></span> <span class='ocrx_word' id='word_1_160' title='bbox 316 1643 484 1692; x_wconf 92' lang='lat' dir='ltr'><strong>Alium</strong></span> <span class='ocrx_word' id='word_1_161' title='bbox 534 1642 724 1692; x_wconf 90' lang='lat' dir='ltr'><strong>dictum</strong></span> <span class='ocrx_word' id='word_1_162' title='bbox 773 1644 911 1706; x_wconf 89' lang='lat' dir='ltr'><strong>quod</strong></span> <span class='ocrx_word' id='word_1_163' title='bbox 959 1644 1104 1692; x_wconf 91' lang='lat' dir='ltr'><strong>oleat.</strong></span> <span class='ocrx_word' id='word_1_164' title='bbox 1175 1642 1407 1704; x_wconf 91' lang='lat' dir='ltr'><strong>leicum</strong></span> <span class='ocrx_word' id='word_1_165' title='bbox 1456 1642 1756 1705; x_wconf 89' lang='lat' dir='ltr'><strong>appellatum</strong></span> <span class='ocrx_word' id='word_1_166' title='bbox 1806 1642 1941 1704; x_wconf 89' lang='lat' dir='ltr'><strong>quod</strong></span> <span class='ocrx_word' id='word_1_167' title='bbox 1989 1640 2068 1689; x_wconf 90' lang='lat' dir='ltr'><strong>alii</strong></span> 
     </span>
     <span class='ocr_line' id='line_1_20' title="bbox 317 1723 2072 1775; baseline -0.001 -1"><span class='ocrx_word' id='word_1_168' title='bbox 317 1727 521 1775; x_wconf 89' lang='lat' dir='ltr'><strong>odorem</strong></span> <span class='ocrx_word' id='word_1_169' title='bbox 557 1725 750 1774; x_wconf 89' lang='lat' dir='ltr'><strong>habeat.</strong></span> <span class='ocrx_word' id='word_1_170' title='bbox 827 1726 1063 1774; x_wconf 89' lang='lat' dir='ltr'><strong>Phaselos</strong></span> <span class='ocrx_word' id='word_1_171' title='bbox 1097 1723 1259 1774; x_wconf 90' lang='lat' dir='ltr'><strong>vocari</strong></span> <span class='ocrx_word' id='word_1_172' title='bbox 1289 1725 1427 1773; x_wconf 90' lang='lat' dir='ltr'><strong>aiunt</strong></span> <span class='ocrx_word' id='word_1_173' title='bbox 1451 1740 1479 1772; x_wconf 89' lang='lat' dir='ltr'><strong>a</strong></span> <span class='ocrx_word' id='word_1_174' title='bbox 1505 1725 1715 1773; x_wconf 91' lang='lat' dir='ltr'><strong>Phaselo</strong></span> <span class='ocrx_word' id='word_1_175' title='bbox 1741 1725 1899 1772; x_wconf 90' lang='lat' dir='ltr'><strong>insula</strong></span> <span class='ocrx_word' id='word_1_176' title='bbox 1924 1724 2072 1773; x_wconf 87' lang='lat' dir='ltr'><strong>Grae-</strong></span> 
     </span>
     <span class='ocr_line' id='line_1_21' title="bbox 240 1804 2149 1878; baseline -0.002 -23"><span class='ocrx_word' id='word_1_177' title='bbox 240 1830 295 1878; x_wconf 85' lang='lat'><strong>15</strong></span> <span class='ocrx_word' id='word_1_178' title='bbox 317 1806 435 1867; x_wconf 89' lang='lat' dir='ltr'><strong>ciae,</strong></span> <span class='ocrx_word' id='word_1_179' title='bbox 464 1806 551 1855; x_wconf 89' lang='lat' dir='ltr'><strong>ubi</strong></span> <span class='ocrx_word' id='word_1_180' title='bbox 584 1823 684 1855; x_wconf 90' lang='lat' dir='ltr'><strong>non</strong></span> <span class='ocrx_word' id='word_1_181' title='bbox 718 1808 890 1870; x_wconf 90' lang='lat' dir='ltr'><strong>procul</strong></span> <span class='ocrx_word' id='word_1_182' title='bbox 928 1823 1071 1855; x_wconf 92' lang='lat' dir='ltr'><strong>mons</strong></span> <span class='ocrx_word' id='word_1_183' title='bbox 1104 1807 1347 1869; x_wconf 90' lang='lat' dir='ltr'><strong>Olympus</strong></span> <span class='ocrx_word' id='word_1_184' title='bbox 1383 1815 1470 1855; x_wconf 87' lang='lat' dir='ltr'><strong>est.</strong></span> <span class='ocrx_word' id='word_1_185' title='bbox 1545 1808 1764 1865; x_wconf 91' lang='lat' dir='ltr'><strong>Porrum,</strong></span> <span class='ocrx_word' id='word_1_186' title='bbox 1798 1804 1936 1854; x_wconf 90' lang='lat' dir='ltr'><strong>cuius</strong></span> <span class='ocrx_word' id='word_1_187' title='bbox 1970 1807 2071 1854; x_wconf 92' lang='lat' dir='ltr'><strong>duo</strong></span> <span class='ocrx_word' id='word_1_188' title='bbox 2099 1823 2149 1852; x_wconf 91' lang='lat'><strong>20</strong></span> 
     </span>
     <span class='ocr_line' id='line_1_22' title="bbox 319 1886 2068 1953; baseline -0.002 -15"><span class='ocrx_word' id='word_1_189' title='bbox 319 1905 510 1952; x_wconf 81' lang='lat' dir='ltr'><strong>genera,</strong></span> <span class='ocrx_word' id='word_1_190' title='bbox 550 1887 793 1953; x_wconf 92' lang='lat' dir='ltr'><strong>capitatus</strong></span> <span class='ocrx_word' id='word_1_191' title='bbox 831 1897 878 1937; x_wconf 91' lang='lat' dir='ltr'><strong>et</strong></span> <span class='ocrx_word' id='word_1_192' title='bbox 916 1887 1097 1937; x_wconf 88' lang='lat' dir='ltr'><strong>sectilis</strong></span> <span class='ocrx_word' id='word_1_193' title='bbox 1115 1906 1128 1949; x_wconf 81' lang='lat'><em>3</em></span> <span class='ocrx_word' id='word_1_194' title='bbox 1175 1887 1356 1937; x_wconf 89' lang='lat' dir='ltr'><strong>sectilis</strong></span> <span class='ocrx_word' id='word_1_195' title='bbox 1395 1903 1586 1951; x_wconf 91' lang='lat' dir='ltr'><strong>parvus,</strong></span> <span class='ocrx_word' id='word_1_196' title='bbox 1624 1886 1864 1950; x_wconf 89' lang='lat' dir='ltr'><strong>capitatus</strong></span> <span class='ocrx_word' id='word_1_197' title='bbox 1901 1886 2068 1936; x_wconf 91' lang='lat' dir='ltr'><strong>maior.</strong></span> 
     </span>
     <span class='ocr_line' id='line_1_23' title="bbox 321 1969 2071 2034; baseline 0 -16"><span class='ocrx_word' id='word_1_198' title='bbox 321 1973 442 2019; x_wconf 89' lang='lat' dir='ltr'><strong>Beta</strong></span> <span class='ocrx_word' id='word_1_199' title='bbox 485 1971 619 2034; x_wconf 92' lang='lat' dir='ltr'><strong>apud</strong></span> <span class='ocrx_word' id='word_1_200' title='bbox 662 1986 754 2019; x_wconf 92' lang='lat' dir='ltr'><strong>nos</strong></span> <span class='ocrx_word' id='word_1_201' title='bbox 797 1969 941 2019; x_wconf 91' lang='lat' dir='ltr'><strong>oleris</strong></span> <span class='ocrx_word' id='word_1_202' title='bbox 981 1986 1168 2033; x_wconf 72' lang='lat' dir='ltr'><strong>genus,</strong></span> <span class='ocrx_word' id='word_1_203' title='bbox 1215 1971 1349 2032; x_wconf 89' lang='lat' dir='ltr'><strong>apud</strong></span> <span class='ocrx_word' id='word_1_204' title='bbox 1387 1969 1604 2018; x_wconf 88' lang='lat' dir='ltr'><strong>Graecos</strong></span> <span class='ocrx_word' id='word_1_205' title='bbox 1640 1970 1812 2019; x_wconf 92' lang='lat' dir='ltr'><strong>littera.</strong></span> <span class='ocrx_word' id='word_1_206' title='bbox 1887 1971 2071 2018; x_wconf 90' lang='lat' dir='ltr'><strong>Blitum</strong></span> 
     </span>
     <span class='ocr_line' id='line_1_24' title="bbox 235 2050 2070 2117; baseline -0.001 -15"><span class='ocrx_word' id='word_1_207' title='bbox 235 2063 296 2109; x_wconf 87' lang='lat'><strong>16</strong></span> <span class='ocrx_word' id='word_1_208' title='bbox 319 2069 475 2117; x_wconf 88' lang='lat' dir='ltr'><strong>genus</strong></span> <span class='ocrx_word' id='word_1_209' title='bbox 518 2052 675 2114; x_wconf 90' lang='lat' dir='ltr'><strong>oleris,</strong></span> <span class='ocrx_word' id='word_1_210' title='bbox 719 2054 906 2116; x_wconf 88' lang='lat' dir='ltr'><strong>saporis</strong></span> <span class='ocrx_word' id='word_1_211' title='bbox 949 2051 1159 2113; x_wconf 88' lang='lat' dir='ltr'><strong>evanidi,</strong></span> <span class='ocrx_word' id='word_1_212' title='bbox 1202 2051 1343 2114; x_wconf 90' lang='lat' dir='ltr'><strong>quasi</strong></span> <span class='ocrx_word' id='word_1_213' title='bbox 1386 2050 1491 2098; x_wconf 93' lang='lat' dir='ltr'><strong>vilis</strong></span> <span class='ocrx_word' id='word_1_214' title='bbox 1541 2052 1666 2100; x_wconf 90' lang='lat' dir='ltr'><strong>beta.</strong></span> <span class='ocrx_word' id='word_1_215' title='bbox 1754 2052 2070 2111; x_wconf 90' lang='lat' dir='ltr'><strong>Cucumeres,</strong></span> 
     </span>
     <span class='ocr_line' id='line_1_25' title="bbox 321 2132 2074 2198; baseline -0.001 -15"><span class='ocrx_word' id='word_1_216' title='bbox 321 2136 458 2198; x_wconf 89' lang='lat' dir='ltr'><strong>quod</strong></span> <span class='ocrx_word' id='word_1_217' title='bbox 495 2133 592 2183; x_wconf 92' lang='lat' dir='ltr'><strong>sint</strong></span> <span class='ocrx_word' id='word_1_218' title='bbox 629 2134 877 2183; x_wconf 91' lang='lat' dir='ltr'><strong>interdum</strong></span> <span class='ocrx_word' id='word_1_219' title='bbox 915 2133 1065 2183; x_wconf 90' lang='lat' dir='ltr'><strong>amari</strong></span> <span class='ocrx_word' id='word_1_220' title='bbox 1084 2153 1097 2195; x_wconf 79' lang='lat'><em>3</em></span> <span class='ocrx_word' id='word_1_221' title='bbox 1152 2134 1236 2196; x_wconf 89' lang='lat' dir='ltr'><strong>qui</strong></span> <span class='ocrx_word' id='word_1_222' title='bbox 1274 2134 1445 2182; x_wconf 91' lang='lat' dir='ltr'><strong>dulces</strong></span> <span class='ocrx_word' id='word_1_223' title='bbox 1488 2132 1625 2181; x_wconf 91' lang='lat' dir='ltr'><strong>nasci</strong></span> <span class='ocrx_word' id='word_1_224' title='bbox 1661 2133 1994 2196; x_wconf 89' lang='lat' dir='ltr'><strong>perhibentur,</strong></span> <span class='ocrx_word' id='word_1_225' title='bbox 2034 2134 2074 2182; x_wconf 92' lang='lat' dir='ltr'><strong>si</strong></span> 
     </span>
     <span class='ocr_line' id='line_1_26' title="bbox 320 2214 2147 2279; baseline -0.001 -15"><span class='ocrx_word' id='word_1_226' title='bbox 320 2218 446 2266; x_wconf 91' lang='lat' dir='ltr'><strong>lacte</strong></span> <span class='ocrx_word' id='word_1_227' title='bbox 472 2216 660 2265; x_wconf 88' lang='lat' dir='ltr'><strong>mellito</strong></span> <span class='ocrx_word' id='word_1_228' title='bbox 687 2233 857 2265; x_wconf 90' lang='lat' dir='ltr'><strong>eorum</strong></span> <span class='ocrx_word' id='word_1_229' title='bbox 886 2233 1056 2264; x_wconf 89' lang='lat' dir='ltr'><strong>semen</strong></span> <span class='ocrx_word' id='word_1_230' title='bbox 1082 2215 1382 2264; x_wconf 88' lang='lat' dir='ltr'><strong>infundatur.</strong></span> <span class='ocrx_word' id='word_1_231' title='bbox 1443 2214 1731 2264; x_wconf 90' lang='lat' dir='ltr'><strong>Cucurbita.</strong></span> <span class='ocrx_word' id='word_1_232' title='bbox 1802 2217 2072 2279; x_wconf 89' lang='lat' dir='ltr'><strong>Apoperes.</strong></span> <span class='ocrx_word' id='word_1_233' title='bbox 2101 2234 2147 2274; x_wconf 85' lang='lat'><strong>25</strong></span> 
     </span>
     <span class='ocr_line' id='line_1_27' title="bbox 323 2295 2075 2361; baseline -0.001 -14"><span class='ocrx_word' id='word_1_234' title='bbox 323 2300 453 2347; x_wconf 87' lang='lat' dir='ltr'><strong>Sane</strong></span> <span class='ocrx_word' id='word_1_235' title='bbox 490 2314 634 2361; x_wconf 88' lang='lat' dir='ltr'><strong>pepo,</strong></span> <span class='ocrx_word' id='word_1_236' title='bbox 672 2297 935 2361; x_wconf 88' lang='lat' dir='ltr'><strong>melipepo,</strong></span> <span class='ocrx_word' id='word_1_237' title='bbox 971 2296 1188 2346; x_wconf 90' lang='lat' dir='ltr'><strong>ocimum</strong></span> <span class='ocrx_word' id='word_1_238' title='bbox 1225 2298 1416 2346; x_wconf 89' lang='lat' dir='ltr'><strong>Graeca</strong></span> <span class='ocrx_word' id='word_1_239' title='bbox 1448 2295 1652 2344; x_wconf 90' lang='lat' dir='ltr'><strong>nomina</strong></span> <span class='ocrx_word' id='word_1_240' title='bbox 1692 2304 1819 2355; x_wconf 90' lang='lat' dir='ltr'><strong>sunt,</strong></span> <span class='ocrx_word' id='word_1_241' title='bbox 1859 2305 1906 2345; x_wconf 88' lang='lat' dir='ltr'><strong>et</strong></span> <span class='ocrx_word' id='word_1_242' title='bbox 1940 2296 2075 2360; x_wconf 88' lang='lat' dir='ltr'><strong>origo</strong></span> 
     </span>
    </p>
   </div>
   <div class='ocr_carea' id='block_1_3' title="bbox 323 2423 2083 2803">
    <p class='ocr_par' dir='ltr' id='par_1_3' title="bbox 323 2423 2083 2803">
     <span class='ocr_line' id='line_1_28' title="bbox 383 2423 2078 2478; baseline -0.003 -12"><span class='ocrx_word' id='word_1_243' title='bbox 383 2441 399 2465; x_wconf 95' lang='lat'>1</span> <span class='ocrx_word' id='word_1_244' title='bbox 433 2428 580 2466; x_wconf 89' lang='lat' dir='ltr'><strong>tirsum</strong></span> <span class='ocrx_word' id='word_1_245' title='bbox 602 2426 646 2464; x_wconf 92' lang='lat' dir='ltr'><em>D</em></span> <span class='ocrx_word' id='word_1_246' title='bbox 805 2440 828 2465; x_wconf 86' lang='lat'><strong>2</strong></span> <span class='ocrx_word' id='word_1_247' title='bbox 858 2426 934 2478; x_wconf 92' lang='lat' dir='ltr'><strong>sit]</strong></span> <span class='ocrx_word' id='word_1_248' title='bbox 955 2425 1116 2475; x_wconf 90' lang='lat' dir='ltr'><strong>sinapis</strong></span> <span class='ocrx_word' id='word_1_249' title='bbox 1136 2424 1179 2462; x_wconf 91' lang='lat' dir='ltr'><em>D</em></span> <span class='ocrx_word' id='word_1_250' title='bbox 1319 2423 1530 2463; x_wconf 82' lang='lat' dir='ltr'><strong>Rasanum</strong></span> <span class='ocrx_word' id='word_1_251' title='bbox 1555 2424 1667 2464; x_wconf 89' lang='lat' dir='ltr'><strong>codd.</strong></span> <span class='ocrx_word' id='word_1_252' title='bbox 1834 2437 1859 2473; x_wconf 87' lang='lat'><strong>3</strong></span> <span class='ocrx_word' id='word_1_253' title='bbox 1888 2436 2016 2473; x_wconf 87' lang='lat' dir='ltr'><strong>grece</strong></span> <span class='ocrx_word' id='word_1_254' title='bbox 2035 2423 2078 2461; x_wconf 91' lang='lat' dir='ltr'><em>D</em></span> 
     </span>
     <span class='ocr_line' id='line_1_29' title="bbox 323 2478 2081 2533; baseline -0.003 -12"><span class='ocrx_word' id='word_1_255' title='bbox 323 2498 347 2533; x_wconf 90' lang='lat'>4</span> <span class='ocrx_word' id='word_1_256' title='bbox 379 2483 582 2521; x_wconf 86' lang='lat' dir='ltr'><strong>seminem</strong></span> <span class='ocrx_word' id='word_1_257' title='bbox 604 2487 796 2521; x_wconf 89' lang='lat' dir='ltr'><strong>arcerato</strong></span> <span class='ocrx_word' id='word_1_258' title='bbox 817 2481 861 2519; x_wconf 92' lang='lat' dir='ltr'><em>D</em></span> <span class='ocrx_word' id='word_1_259' title='bbox 998 2492 1022 2529; x_wconf 90' lang='lat'>5</span> <span class='ocrx_word' id='word_1_260' title='bbox 1053 2480 1230 2530; x_wconf 88' lang='lat' dir='ltr'><strong>quisque</strong></span> <span class='ocrx_word' id='word_1_261' title='bbox 1259 2478 1296 2516; x_wconf 94' lang='lat' dir='ltr'><em>T</em></span> <span class='ocrx_word' id='word_1_262' title='bbox 1429 2481 1455 2517; x_wconf 89' lang='lat'>6</span> <span class='ocrx_word' id='word_1_263' title='bbox 1484 2479 1609 2518; x_wconf 89' lang='lat' dir='ltr'><strong>etiam</strong></span> <span class='ocrx_word' id='word_1_264' title='bbox 1630 2485 1674 2518; x_wconf 92' lang='lat' dir='ltr'><strong>ut</strong></span> <span class='ocrx_word' id='word_1_265' title='bbox 1696 2479 1799 2518; x_wconf 91' lang='lat' dir='ltr'><strong>ebur</strong></span> <span class='ocrx_word' id='word_1_266' title='bbox 1817 2478 1992 2518; x_wconf 88' lang='lat' dir='ltr'><strong>albiscat</strong></span> <span class='ocrx_word' id='word_1_267' title='bbox 2013 2479 2081 2530; x_wconf 89' lang='lat' dir='ltr'><strong>(ex</strong></span> 
     </span>
     <span class='ocr_line' id='line_1_30' title="bbox 324 2531 2081 2589; baseline -0.003 -14"><span class='ocrx_word' id='word_1_268' title='bbox 324 2537 434 2589; x_wconf 84' lang='lat' dir='ltr'><strong>alli-)</strong></span> <span class='ocrx_word' id='word_1_269' title='bbox 458 2536 504 2574; x_wconf 93' lang='lat' dir='ltr'><em>K</em></span> <span class='ocrx_word' id='word_1_270' title='bbox 692 2550 713 2586; x_wconf 96' lang='lat'><strong>7</strong></span> <span class='ocrx_word' id='word_1_271' title='bbox 745 2535 901 2575; x_wconf 90' lang='lat' dir='ltr'><strong>veneni</strong></span> <span class='ocrx_word' id='word_1_272' title='bbox 922 2535 1112 2575; x_wconf 88' lang='lat' dir='ltr'><strong>subsistit</strong></span> <span class='ocrx_word' id='word_1_273' title='bbox 1140 2534 1197 2573; x_wconf 92' lang='lat' dir='ltr'><strong>T:</strong></span> <span class='ocrx_word' id='word_1_274' title='bbox 1227 2534 1408 2573; x_wconf 89' lang='lat' dir='ltr'><strong>venenis</strong></span> <span class='ocrx_word' id='word_1_275' title='bbox 1427 2533 1617 2573; x_wconf 87' lang='lat' dir='ltr'><strong>subsistit</strong></span> <span class='ocrx_word' id='word_1_276' title='bbox 1637 2533 1707 2573; x_wconf 90' lang='lat' dir='ltr'><strong>D:</strong></span> <span class='ocrx_word' id='word_1_277' title='bbox 1736 2534 1880 2572; x_wconf 87' lang='lat' dir='ltr'><strong>veneri</strong></span> <span class='ocrx_word' id='word_1_278' title='bbox 1900 2533 2011 2573; x_wconf 88' lang='lat' dir='ltr'><strong>subs.</strong></span> <span class='ocrx_word' id='word_1_279' title='bbox 2035 2531 2081 2570; x_wconf 89' lang='lat' dir='ltr'><em>K</em></span> 
     </span>
     <span class='ocr_line' id='line_1_31' title="bbox 324 2586 2083 2633; baseline -0.003 -3"><span class='ocrx_word' id='word_1_280' title='bbox 324 2604 422 2631; x_wconf 90' lang='lat' dir='ltr'><strong>ven.</strong></span> <span class='ocrx_word' id='word_1_281' title='bbox 447 2592 570 2630; x_wconf 90' lang='lat' dir='ltr'><strong>huius</strong></span> <span class='ocrx_word' id='word_1_282' title='bbox 592 2592 682 2633; x_wconf 87' lang='lat' dir='ltr'><strong>rad.</strong></span> <span class='ocrx_word' id='word_1_283' title='bbox 707 2591 746 2630; x_wconf 90' lang='lat' dir='ltr'><em>T</em></span> <span class='ocrx_word' id='word_1_284' title='bbox 932 2591 957 2627; x_wconf 91' lang='lat'>8</span> <span class='ocrx_word' id='word_1_285' title='bbox 987 2590 1159 2629; x_wconf 91' lang='lat' dir='ltr'><strong>cedrum</strong></span> <span class='ocrx_word' id='word_1_286' title='bbox 1177 2587 1223 2626; x_wconf 90' lang='lat' dir='ltr'><em>K</em></span> <span class='ocrx_word' id='word_1_287' title='bbox 1358 2590 1433 2628; x_wconf 90' lang='lat' dir='ltr'><strong>sed</strong></span> <span class='ocrx_word' id='word_1_288' title='bbox 1456 2595 1601 2627; x_wconf 86' lang='lat' dir='ltr'><strong>contra</strong></span> <span class='ocrx_word' id='word_1_289' title='bbox 1620 2618 1653 2628; x_wconf 92' lang='lat'><strong>..</strong></span> <span class='ocrx_word' id='word_1_290' title='bbox 1676 2618 1685 2628; x_wconf 96' lang='lat'><strong>.</strong></span> <span class='ocrx_word' id='word_1_291' title='bbox 1705 2601 1914 2627; x_wconf 88' lang='lat' dir='ltr'><strong>venenum</strong></span> <span class='ocrx_word' id='word_1_292' title='bbox 1937 2601 2017 2626; x_wconf 86' lang='lat' dir='ltr'><strong>om.</strong></span> <span class='ocrx_word' id='word_1_293' title='bbox 2045 2586 2083 2624; x_wconf 91' lang='lat' dir='ltr'><em>T</em></span> 
     </span>
     <span class='ocr_line' id='line_1_32' title="bbox 325 2641 2081 2697; baseline -0.003 -12"><span class='ocrx_word' id='word_1_294' title='bbox 325 2661 351 2697; x_wconf 95' lang='lat'><strong>9</strong></span> <span class='ocrx_word' id='word_1_295' title='bbox 381 2652 423 2685; x_wconf 91' lang='lat' dir='ltr'><strong>et</strong></span> <span class='ocrx_word' id='word_1_296' title='bbox 443 2659 524 2685; x_wconf 85' lang='lat' dir='ltr'><strong>om.</strong></span> <span class='ocrx_word' id='word_1_297' title='bbox 551 2645 598 2683; x_wconf 90' lang='lat' dir='ltr'><em>K</em></span> <span class='ocrx_word' id='word_1_298' title='bbox 755 2659 804 2685; x_wconf 93' lang='lat'><strong>10</strong></span> <span class='ocrx_word' id='word_1_299' title='bbox 835 2645 933 2684; x_wconf 88' lang='lat' dir='ltr'><strong>Lac.</strong></span> <span class='ocrx_word' id='word_1_300' title='bbox 957 2674 967 2683; x_wconf 89' lang='lat'><strong>.</strong></span> <span class='ocrx_word' id='word_1_301' title='bbox 990 2674 1000 2684; x_wconf 88' lang='lat'><strong>.</strong></span> <span class='ocrx_word' id='word_1_302' title='bbox 1024 2674 1033 2683; x_wconf 90' lang='lat'><strong>.</strong></span> <span class='ocrx_word' id='word_1_303' title='bbox 1059 2644 1192 2694; x_wconf 88' lang='lat' dir='ltr'><strong>inplet</strong></span> <span class='ocrx_word' id='word_1_304' title='bbox 1205 2645 1340 2694; x_wconf 76' lang='lat' dir='ltr'><strong>post§</strong></span> <span class='ocrx_word' id='word_1_305' title='bbox 1367 2655 1414 2681; x_wconf 88' lang='lat'><strong>12</strong></span> <span class='ocrx_word' id='word_1_306' title='bbox 1435 2643 1478 2681; x_wconf 85' lang='lat' dir='ltr'><strong>in</strong></span> <span class='ocrx_word' id='word_1_307' title='bbox 1500 2642 1547 2680; x_wconf 93' lang='lat' dir='ltr'><em>K</em></span> <span class='ocrx_word' id='word_1_308' title='bbox 1710 2655 1755 2681; x_wconf 93' lang='lat'><strong>11</strong></span> <span class='ocrx_word' id='word_1_309' title='bbox 1787 2643 2014 2692; x_wconf 90' lang='lat' dir='ltr'><strong>quodquod</strong></span> <span class='ocrx_word' id='word_1_310' title='bbox 2035 2641 2081 2679; x_wconf 92' lang='lat' dir='ltr'><em>K</em></span> 
     </span>
     <span class='ocr_line' id='line_1_33' title="bbox 326 2697 2076 2751; baseline -0.003 -10"><span class='ocrx_word' id='word_1_311' title='bbox 326 2707 534 2751; x_wconf 88' lang='lat' dir='ltr'><strong>exuperet</strong></span> <span class='ocrx_word' id='word_1_312' title='bbox 555 2699 601 2737; x_wconf 93' lang='lat' dir='ltr'><em>K</em></span> <span class='ocrx_word' id='word_1_313' title='bbox 795 2712 843 2739; x_wconf 91' lang='lat'><strong>12</strong></span> <span class='ocrx_word' id='word_1_314' title='bbox 874 2700 1034 2750; x_wconf 87' lang='lat' dir='ltr'><strong>inpleat</strong></span> <span class='ocrx_word' id='word_1_315' title='bbox 1064 2698 1102 2738; x_wconf 94' lang='lat' dir='ltr'><em>T</em></span> <span class='ocrx_word' id='word_1_316' title='bbox 1258 2697 1365 2736; x_wconf 88' lang='lat' dir='ltr'><strong>haec</strong></span> <span class='ocrx_word' id='word_1_317' title='bbox 1388 2729 1397 2737; x_wconf 91' lang='lat'><strong>.</strong></span> <span class='ocrx_word' id='word_1_318' title='bbox 1420 2728 1429 2737; x_wconf 91' lang='lat'><strong>.</strong></span> <span class='ocrx_word' id='word_1_319' title='bbox 1453 2727 1463 2737; x_wconf 89' lang='lat'><strong>.</strong></span> <span class='ocrx_word' id='word_1_320' title='bbox 1486 2703 1658 2737; x_wconf 90' lang='lat' dir='ltr'><strong>coercet</strong></span> <span class='ocrx_word' id='word_1_321' title='bbox 1686 2710 1767 2737; x_wconf 86' lang='lat' dir='ltr'><strong>om.</strong></span> <span class='ocrx_word' id='word_1_322' title='bbox 1792 2697 1840 2735; x_wconf 94' lang='lat' dir='ltr'><em>K</em></span> <span class='ocrx_word' id='word_1_323' title='bbox 1971 2697 2076 2735; x_wconf 90' lang='lat' dir='ltr'><strong>haec</strong></span> 
     </span>
     <span class='ocr_line' id='line_1_34' title="bbox 326 2751 2074 2803; baseline -0.003 -9"><span class='ocrx_word' id='word_1_324' title='bbox 326 2769 408 2797; x_wconf 85' lang='lat' dir='ltr'><strong>om.</strong></span> <span class='ocrx_word' id='word_1_325' title='bbox 441 2754 479 2793; x_wconf 95' lang='lat' dir='ltr'><em>T</em></span> <span class='ocrx_word' id='word_1_326' title='bbox 679 2767 728 2803; x_wconf 85' lang='lat'><strong>13</strong></span> <span class='ocrx_word' id='word_1_327' title='bbox 757 2759 823 2793; x_wconf 87' lang='lat' dir='ltr'><strong>est</strong></span> <span class='ocrx_word' id='word_1_328' title='bbox 842 2767 922 2792; x_wconf 83' lang='lat' dir='ltr'><strong>om.</strong></span> <span class='ocrx_word' id='word_1_329' title='bbox 946 2753 989 2791; x_wconf 91' lang='lat' dir='ltr'><em>D</em></span> <span class='ocrx_word' id='word_1_330' title='bbox 1156 2752 1369 2792; x_wconf 87' lang='lat' dir='ltr'><strong>sarraliam</strong></span> <span class='ocrx_word' id='word_1_331' title='bbox 1391 2752 1502 2792; x_wconf 87' lang='lat' dir='ltr'><strong>codd.</strong></span> <span class='ocrx_word' id='word_1_332' title='bbox 1679 2753 1828 2791; x_wconf 87' lang='lat' dir='ltr'><strong>dorsus</strong></span> <span class='ocrx_word' id='word_1_333' title='bbox 1855 2751 1907 2789; x_wconf 90' lang='lat' dir='ltr'><strong>Tl</strong></span> <span class='ocrx_word' id='word_1_334' title='bbox 1930 2755 1979 2790; x_wconf 82' lang='lat' dir='ltr'><strong>ut</strong></span> <span class='ocrx_word' id='word_1_335' title='bbox 1994 2751 2074 2789; x_wconf 85' lang='lat' dir='ltr'><strong>vid.</strong></span> 
     </span>
    </p>
   </div>
   <div class='ocr_carea' id='block_1_4' title="bbox 326 2804 2082 2912">
    <p class='ocr_par' dir='ltr' id='par_1_4' title="bbox 326 2804 2082 2912">
     <span class='ocr_line' id='line_1_35' title="bbox 326 2804 2078 2860; baseline -0.003 -12"><span class='ocrx_word' id='word_1_336' title='bbox 326 2810 392 2850; x_wconf 91' lang='lat' dir='ltr'><strong>D:</strong></span> <span class='ocrx_word' id='word_1_337' title='bbox 423 2809 571 2849; x_wconf 88' lang='lat' dir='ltr'><strong>tirsum</strong></span> <span class='ocrx_word' id='word_1_338' title='bbox 593 2808 639 2847; x_wconf 92' lang='lat' dir='ltr'><em>K</em></span> <span class='ocrx_word' id='word_1_339' title='bbox 657 2808 703 2860; x_wconf 80' lang='lat' dir='ltr'><strong>(i.</strong></span> <span class='ocrx_word' id='word_1_340' title='bbox 717 2822 746 2849; x_wconf 84' lang='lat' dir='ltr'><strong>e.</strong></span> <span class='ocrx_word' id='word_1_341' title='bbox 768 2809 981 2859; x_wconf 83' lang='lat' dir='ltr'><strong>thyrsum)</strong></span> <span class='ocrx_word' id='word_1_342' title='bbox 1061 2821 1109 2857; x_wconf 94' lang='lat'><strong>14</strong></span> <span class='ocrx_word' id='word_1_343' title='bbox 1139 2813 1180 2846; x_wconf 90' lang='lat' dir='ltr'><strong>et</strong></span> <span class='ocrx_word' id='word_1_344' title='bbox 1201 2807 1272 2845; x_wconf 88' lang='lat' dir='ltr'><strong>int.</strong></span> <span class='ocrx_word' id='word_1_345' title='bbox 1299 2820 1381 2845; x_wconf 87' lang='lat' dir='ltr'><strong>om.</strong></span> <span class='ocrx_word' id='word_1_346' title='bbox 1405 2806 1451 2844; x_wconf 93' lang='lat' dir='ltr'><em>K</em></span> <span class='ocrx_word' id='word_1_347' title='bbox 1536 2819 1583 2856; x_wconf 89' lang='lat'><strong>15</strong></span> <span class='ocrx_word' id='word_1_348' title='bbox 1613 2807 1738 2846; x_wconf 91' lang='lat' dir='ltr'><strong>tobus</strong></span> <span class='ocrx_word' id='word_1_349' title='bbox 1765 2805 1860 2856; x_wconf 82' lang='lat' dir='ltr'><strong>T(i.</strong></span> <span class='ocrx_word' id='word_1_350' title='bbox 1875 2819 1904 2846; x_wconf 88' lang='lat' dir='ltr'><strong>e.</strong></span> <span class='ocrx_word' id='word_1_351' title='bbox 1927 2804 2078 2856; x_wconf 83' lang='lat' dir='ltr'><strong>tofus):</strong></span> 
     </span>
     <span class='ocr_line' id='line_1_36' title="bbox 327 2859 2082 2912; baseline -0.003 -9"><span class='ocrx_word' id='word_1_352' title='bbox 327 2864 437 2903; x_wconf 91' lang='lat' dir='ltr'><strong>tofus</strong></span> <span class='ocrx_word' id='word_1_353' title='bbox 476 2864 545 2903; x_wconf 92' lang='lat' dir='ltr'><strong>D:</strong></span> <span class='ocrx_word' id='word_1_354' title='bbox 593 2868 729 2903; x_wconf 86' lang='lat' dir='ltr'><strong>tostus</strong></span> <span class='ocrx_word' id='word_1_355' title='bbox 768 2863 814 2900; x_wconf 92' lang='lat' dir='ltr'><em>K</em></span> <span class='ocrx_word' id='word_1_356' title='bbox 942 2876 986 2911; x_wconf 83' lang='lat'><strong>17</strong></span> <span class='ocrx_word' id='word_1_357' title='bbox 1019 2862 1136 2912; x_wconf 89' lang='lat' dir='ltr'><strong>prius</strong></span> <span class='ocrx_word' id='word_1_358' title='bbox 1171 2861 1282 2900; x_wconf 88' lang='lat' dir='ltr'><strong>DT:</strong></span> <span class='ocrx_word' id='word_1_359' title='bbox 1325 2861 1506 2911; x_wconf 88' lang='lat' dir='ltr'><strong>primum</strong></span> <span class='ocrx_word' id='word_1_360' title='bbox 1547 2860 1593 2898; x_wconf 94' lang='lat' dir='ltr'><em>K</em></span> <span class='ocrx_word' id='word_1_361' title='bbox 1718 2862 1766 2899; x_wconf 90' lang='lat'><strong>18</strong></span> <span class='ocrx_word' id='word_1_362' title='bbox 1797 2860 1995 2910; x_wconf 88' lang='lat' dir='ltr'><strong>Olpicum</strong></span> <span class='ocrx_word' id='word_1_363' title='bbox 2037 2859 2082 2897; x_wconf 93' lang='lat' dir='ltr'><em>K</em></span> 
     </span>
    </p>
   </div>
   <div class='ocr_carea' id='block_1_5' title="bbox 329 2913 2085 3075">
    <p class='ocr_par' dir='ltr' id='par_1_5' title="bbox 329 2913 2085 3075">
     <span class='ocr_line' id='line_1_37' title="bbox 332 2913 2085 2969; baseline -0.003 -12"><span class='ocrx_word' id='word_1_364' title='bbox 332 2932 381 2969; x_wconf 90' lang='lat'><strong>19</strong></span> <span class='ocrx_word' id='word_1_365' title='bbox 412 2918 586 2958; x_wconf 89' lang='lat' dir='ltr'><strong>Faselos</strong></span> <span class='ocrx_word' id='word_1_366' title='bbox 625 2917 671 2956; x_wconf 92' lang='lat' dir='ltr'><em>K</em></span> <span class='ocrx_word' id='word_1_367' title='bbox 686 2932 695 2957; x_wconf 70' lang='grc' dir='ltr'><strong><em>ε</em></strong></span> <span class='ocrx_word' id='word_1_368' title='bbox 744 2918 918 2957; x_wconf 88' lang='lat' dir='ltr'><strong>Faselus</strong></span> <span class='ocrx_word' id='word_1_369' title='bbox 956 2915 1046 2955; x_wconf 92' lang='lat' dir='ltr'><strong>DT</strong></span> <span class='ocrx_word' id='word_1_370' title='bbox 1288 2915 1420 2954; x_wconf 90' lang='lat' dir='ltr'><strong>faselo</strong></span> <span class='ocrx_word' id='word_1_371' title='bbox 1458 2915 1529 2954; x_wconf 90' lang='lat' dir='ltr'><strong>D:</strong></span> <span class='ocrx_word' id='word_1_372' title='bbox 1577 2915 1711 2955; x_wconf 86' lang='lat' dir='ltr'><strong>foselo</strong></span> <span class='ocrx_word' id='word_1_373' title='bbox 1749 2914 1796 2952; x_wconf 94' lang='lat' dir='ltr'><em>K</em></span> <span class='ocrx_word' id='word_1_374' title='bbox 1811 2929 1820 2954; x_wconf 70' lang='grc' dir='ltr'><strong><em>ι</em></strong></span> <span class='ocrx_word' id='word_1_375' title='bbox 1868 2914 2001 2954; x_wconf 87' lang='lat' dir='ltr'><strong>sesolo</strong></span> <span class='ocrx_word' id='word_1_376' title='bbox 2047 2913 2085 2952; x_wconf 94' lang='lat' dir='ltr'><em>T</em></span> 
     </span>
     <span class='ocr_line' id='line_1_38' title="bbox 329 2967 2078 3024; baseline -0.003 -12"><span class='ocrx_word' id='word_1_377' title='bbox 329 2986 377 3011; x_wconf 84' lang='lat'><strong>21</strong></span> <span class='ocrx_word' id='word_1_378' title='bbox 410 2973 546 3012; x_wconf 88' lang='lat' dir='ltr'><strong>sectili</strong></span> <span class='ocrx_word' id='word_1_379' title='bbox 567 2973 724 3024; x_wconf 89' lang='lat' dir='ltr'><strong>parbus</strong></span> <span class='ocrx_word' id='word_1_380' title='bbox 751 2972 789 3011; x_wconf 92' lang='lat' dir='ltr'><em>T</em></span> <span class='ocrx_word' id='word_1_381' title='bbox 919 2985 971 3010; x_wconf 87' lang='lat'><strong>22</strong></span> <span class='ocrx_word' id='word_1_382' title='bbox 1003 2971 1086 3010; x_wconf 89' lang='lat' dir='ltr'><strong>Bet</strong></span> <span class='ocrx_word' id='word_1_383' title='bbox 1105 2969 1152 3008; x_wconf 93' lang='lat' dir='ltr'><em>K</em></span> <span class='ocrx_word' id='word_1_384' title='bbox 1290 2970 1452 3009; x_wconf 88' lang='lat' dir='ltr'><strong>Pleturn</strong></span> <span class='ocrx_word' id='word_1_385' title='bbox 1474 2968 1521 3007; x_wconf 95' lang='lat' dir='ltr'><em>K</em></span> <span class='ocrx_word' id='word_1_386' title='bbox 1654 2981 1705 3018; x_wconf 88' lang='lat'><strong>23</strong></span> <span class='ocrx_word' id='word_1_387' title='bbox 1736 2970 1985 3008; x_wconf 86' lang='lat' dir='ltr'><strong>Cucumeris</strong></span> <span class='ocrx_word' id='word_1_388' title='bbox 2013 2967 2078 3006; x_wconf 93' lang='lat' dir='ltr'><strong>K:</strong></span> 
     </span>
     <span class='ocr_line' id='line_1_39' title="bbox 330 3023 2079 3075; baseline -0.003 -8"><span class='ocrx_word' id='word_1_389' title='bbox 330 3027 586 3067; x_wconf 90' lang='lat' dir='ltr'><strong>Cocumeres</strong></span> <span class='ocrx_word' id='word_1_390' title='bbox 607 3027 697 3067; x_wconf 91' lang='lat' dir='ltr'><strong>DT</strong></span> <span class='ocrx_word' id='word_1_391' title='bbox 827 3039 879 3075; x_wconf 89' lang='lat'><strong>24</strong></span> <span class='ocrx_word' id='word_1_392' title='bbox 911 3027 996 3064; x_wconf 89' lang='lat' dir='ltr'><strong>sint</strong></span> <span class='ocrx_word' id='word_1_393' title='bbox 1015 3039 1065 3065; x_wconf 86' lang='lat' dir='ltr'><strong>ex</strong></span> <span class='ocrx_word' id='word_1_394' title='bbox 1082 3030 1181 3065; x_wconf 87' lang='lat' dir='ltr'><strong>sunt</strong></span> <span class='ocrx_word' id='word_1_395' title='bbox 1203 3024 1244 3063; x_wconf 94' lang='lat' dir='ltr'><strong>D</strong></span> <span class='ocrx_word' id='word_1_396' title='bbox 1383 3024 1418 3063; x_wconf 90' lang='lat' dir='ltr'><strong>si</strong></span> <span class='ocrx_word' id='word_1_397' title='bbox 1440 3055 1450 3065; x_wconf 88' lang='lat'><strong>.</strong></span> <span class='ocrx_word' id='word_1_398' title='bbox 1477 3055 1486 3064; x_wconf 94' lang='lat'><strong>.</strong></span> <span class='ocrx_word' id='word_1_399' title='bbox 1509 3054 1519 3064; x_wconf 96' lang='lat'><strong>.</strong></span> <span class='ocrx_word' id='word_1_400' title='bbox 1543 3023 1617 3063; x_wconf 87' lang='lat' dir='ltr'><strong>inf.</strong></span> <span class='ocrx_word' id='word_1_401' title='bbox 1638 3037 1718 3064; x_wconf 84' lang='lat' dir='ltr'><strong>om.</strong></span> <span class='ocrx_word' id='word_1_402' title='bbox 1743 3023 1787 3062; x_wconf 95' lang='lat' dir='ltr'><strong>D</strong></span> <span class='ocrx_word' id='word_1_403' title='bbox 1937 3034 1988 3073; x_wconf 85' lang='lat'><strong>25</strong></span> <span class='ocrx_word' id='word_1_404' title='bbox 2018 3024 2079 3061; x_wconf 89' lang='lat' dir='ltr'><strong>in-</strong></span> 
     </span>
    </p>
   </div>
   <div class='ocr_carea' id='block_1_6' title="bbox 329 3080 1012 3121">
    <p class='ocr_par' dir='ltr' id='par_1_6' title="bbox 329 3080 1012 3121">
     <span class='ocr_line' id='line_1_40' title="bbox 329 3080 1012 3121; baseline -0.003 -1"><span class='ocrx_word' id='word_1_405' title='bbox 329 3081 523 3121; x_wconf 82' lang='lat' dir='ltr'><strong>funditur</strong></span> <span class='ocrx_word' id='word_1_406' title='bbox 548 3081 585 3120; x_wconf 87' lang='lat' dir='ltr'><em>T</em></span> <span class='ocrx_word' id='word_1_407' title='bbox 718 3080 948 3120; x_wconf 87' lang='lat' dir='ltr'><strong>Cocurbita</strong></span> <span class='ocrx_word' id='word_1_408' title='bbox 969 3080 1012 3118; x_wconf 92' lang='lat' dir='ltr'><em>K</em></span> 
     </span>
    </p>
   </div>
  </div>
 </body>
</html>
