2176 3424
1087 149 1357 198 ISIDORI

354 273 416 320 de
442 273 645 321 nomine
672 273 810 322 bovis
847 274 1107 324 Boeotiam
1137 276 1410 325 nominavit
1427 295 1441 338 3
1478 277 1564 326 ubi
1598 288 1646 328 et
1680 280 1882 329 Thebas
1922 282 2097 330 urbem

354 354 640 415 construxit,
668 354 718 403 in
747 373 845 419 qua
881 358 998 405 olim
1035 357 1196 406 civilia
1232 358 1363 408 bella
1400 360 1748 422 detonuerunt,
1789 372 1837 411 et
1875 363 1958 412 ubi
1996 363 2099 412 nati

356 446 469 485 sunt
496 439 685 501 »Apollo
737 448 785 487 et
826 441 1068 489 Hercules
1111 439 1267 490 maior
1315 442 1396 491 ille
1439 443 1725 493 Thebanus.
1802 446 1992 493 Eadem
2026 453 2100 494 est

355 517 518 568 Aonia
544 529 730 581 vocata,
765 538 794 569 a
826 522 964 571 fonte
1000 523 1219 585 quodam
1257 522 1477 587 Apollini
1513 534 1562 574 et
1600 524 1760 575 Musis
1797 535 2098 587 consecrato,

357 603 440 665 qui
467 601 518 650 in
542 604 716 653 eadem
737 603 944 653 Boeotia
969 614 1054 654 est.
1129 606 1524 669 Peloponnensis
1551 610 1771 658 secunda
1796 626 1906 673 pars
1934 611 2102 659 Hella·
2125 630 2148 672 5

279 702 334 737 12
357 684 433 734 dis
451 703 480 733 a
506 688 690 750 Pelope
716 696 916 750 regnata
940 697 1091 752 atque
1116 698 1304 738 vocata.
1378 690 1636 740 Thessalia
1669 709 1699 740 a
1722 692 1964 742 Thessalo
1989 709 2101 757 rege

357 768 719 832 cognominata,
759 786 885 833 quae
932 771 997 820 ad
1034 770 1356 821 meridianam
1394 775 1587 838 plagam
1624 774 1954 825 Macedoniae
1990 792 2104 825 con-

356 850 523 900 iuncta
543 860 632 913 est,
652 850 791 901 cuius
816 870 845 901 a
870 863 1005 917 tergo
1023 854 1182 903 Pieria
1207 865 1293 904 est.
1370 857 1532 905 Multa
1558 856 1607 905 in
1626 856 1883 906 Thessalia
1899 858 2102 906 flumina

358 929 428 999 [et
454 931 698 1001 civitates]
726 943 774 983 et
800 935 997 999 oppida,
1027 935 1153 986 inter
1179 954 1306 1001 quae
1331 940 1593 1002 praecipue
1611 939 1966 989 Thessalonica
1989 958 1998 988 :
2034 939 2102 988 ibi

357 1024 431 1063 est
451 1024 498 1064 et
518 1033 662 1065 mons
683 1019 925 1067 Parnasus
951 1020 1205 1081 quondam
1224 1020 1442 1083 Apollini
1465 1031 1793 1071 consecratus.
1849 1021 2106 1071 Thessalia
2132 1040 2176 1070 ιε

359 1097 514 1161 patria
539 1098 746 1148 Achillis
776 1108 824 1149 et
851 1099 986 1164 origo
1014 1100 1334 1166 Lapitharum
1361 1102 1464 1162 fuit,
1491 1105 1555 1152 de
1579 1103 1761 1167 quibus
1795 1106 1944 1153 fertur
1969 1104 2105 1168 quod

359 1180 409 1228 hi
447 1180 607 1244 primo
633 1199 787 1245 equos
813 1182 960 1232 frenis
997 1185 1311 1245 domuerunt,
1336 1187 1469 1235 unde
1494 1195 1542 1235 et
1573 1186 1808 1236 Centauri
1834 1185 1951 1236 dicti
1978 1194 2106 1234 sunt.

361 1265 420 1311 In
448 1263 704 1312 Thessalia
728 1266 943 1328 primum
971 1266 1115 1316 solidi
1140 1266 1273 1317 aurei
1301 1269 1414 1317 facti
1442 1278 1569 1330 sunt,
1598 1269 1963 1318 domandorum
1989 1286 2108 1332 quo-

279 1365 333 1411 13
359 1362 455 1409 que
475 1361 717 1409 equorum
738 1363 854 1396 usus
871 1347 1084 1411 primum
1106 1359 1324 1413 repertus
1346 1360 1435 1400 est.
1487 1352 1818 1400 Macedoniae
1835 1351 1886 1399 in
1906 1350 2107 1400 exordio

359 1428 422 1476 ab
450 1427 685 1478 Emathio
710 1446 822 1492 rege
849 1430 1110 1481 Emathiae
1130 1422 1313 1482 nomen
1342 1442 1455 1492 erat,
1485 1434 1573 1482 sed
1600 1434 1817 1482 Macedo
1845 1434 2107 1482 Deucalio-
2135 1451 2176 1492 ιε

360 1511 435 1558 nis
461 1519 710 1560 maternus
736 1528 907 1575 nepos,
927 1522 1190 1577 postquam
1218 1514 1285 1564 ibi
1311 1516 1503 1579 accepit
1529 1515 1873 1579 principatum,
1903 1513 2110 1564 mutavit

359 1592 658 1641 vocabulum
687 1595 1140 1660 Macedoniamque
1172 1613 1200 1645 a
1240 1614 1330 1646 suo
1369 1597 1571 1646 nomine
1609 1597 1745 1647 dixit.
1820 1601 1908 1647 Est
1942 1606 2109 1647 autem

361 1674 570 1724 confinis
595 1675 659 1724 ab
687 1675 875 1726 oriente
901 1679 1071 1741 Aegeo
1104 1680 1239 1739 mari,
1267 1696 1295 1727 a
1325 1677 1530 1729 meridie
1566 1681 1799 1740 Achaiae,
1829 1681 1892 1729 ab
1926 1696 2108 1729 occasu

364 1757 657 1817 Dalmatiae,
693 1775 722 1806 a
751 1760 1085 1823 septentrione
1123 1760 1348 1811 Moesiae
1369 1780 1382 1823 3
1419 1763 1575 1825 patria
1614 1764 1880 1812 Alexandri
1918 1764 2107 1827 Magni,

363 1849 411 1890 et
440 1840 572 1904 regio
596 1841 755 1891 aureis
781 1842 918 1891 venis
950 1843 1239 1907 argentique
1265 1842 1448 1907 opima.
1523 1843 1765 1907 Lapidem
1793 1861 1942 1908 quem
1967 1862 2111 1908 paea·
2136 1866 2176 1894 2:-

364 1922 499 1972 niten
525 1932 705 1972 vocant
741 1923 833 1973 ista
856 1924 1022 1989 gignit.
1113 1928 1265 1974 Mons
1293 1927 1538 1990 Olympus
1563 1926 1614 1975 in
1639 1944 1697 1976 ea
1722 1936 1809 1988 est,
1837 1926 1920 1991 qui
1937 1930 2108 1977 ¹'excel—

363 2007 483 2055 lenti
503 2005 683 2056 vertice
703 2015 868 2056 tantus
893 2007 1149 2058 adtollitur
1169 2018 1222 2057 ut
1243 2010 1293 2056 in
1317 2008 1576 2058 cacumine
1598 2008 1701 2058 eius
1722 2026 1814 2058 nec
1839 2009 1997 2058 nubes
2017 2026 2110 2059 nec

285 2106 341 2154 14
364 2089 497 2139 venti
523 2091 809 2139 sentiantur.
884 2091 1074 2140 Achaia
1098 2092 1163 2141 ab
1188 2093 1393 2142 Achaeo
1419 2109 1530 2154 rege
1557 2101 1605 2142 et
1639 2093 1754 2142 urbs
1788 2101 1837 2141 et
1861 2092 2114 2156 provincia

363 2173 622 2236 appellata.
699 2175 842 2222 Haec
868 2190 996 2237 pene
1033 2173 1193 2223 insula
1219 2182 1327 2235 est3
1363 2190 1477 2223 nam
1515 2175 1706 2239 absque
1743 2174 2112 2240 septentrionali

365 2264 515 2318 parte,
545 2271 643 2318 qua
669 2255 1000 2304 Macedoniae
1026 2254 1253 2320 iungitur,
1282 2257 1505 2319 undique
1541 2265 1677 2319 septa
1712 2266 1786 2306 est
1821 2255 1955 2304 mari.
2031 2256 2113 2306 Ab
2139 2272 2176 2312 πρ

367 2335 555 2385 oriente
581 2335 714 2385 enim
741 2336 891 2386 habet
918 2339 1170 2400 Myrteum
1197 2354 1345 2398 mare,
1374 2338 1438 2387 ab
1465 2340 1600 2387 Euro
1627 2339 1892 2400 Creticum,
1923 2357 1952 2388 a
1977 2338 2115 2388 meri-

369 2420 450 2469 die
488 2418 703 2479 Ionium,
748 2419 811 2468 ab
851 2419 1021 2469 Africo
1065 2429 1113 2470 et
1156 2437 1335 2471 occasu
1378 2420 1641 2484 Cassiopas
1692 2422 1889 2481 insulas,
1935 2438 1964 2470 a
2012 2422 2116 2470 sola

429 2565 444 2590 1
470 2551 525 2590 ub
541 2550 587 2589 K
708 2565 732 2590 2
753 2557 907 2592 constr.
930 2565 1014 2602 qua
1028 2550 1074 2591 K
1180 2552 1221 2591 in
1242 2565 1322 2603 qua
1344 2581 1353 2591 .
1377 2581 1387 2591 .
1414 2579 1424 2590 .
1445 2551 1674 2590 Thebanus
1693 2564 1775 2591 om.
1795 2548 1913 2602 T(cf.
1930 2549 1988 2589 ad
2007 2550 2026 2597 5
2049 2548 2115 2600 12)

370 2620 393 2655 4
424 2607 605 2657 quadam
622 2606 679 2646 Β1
809 2620 834 2657 5
864 2607 1037 2659 eadem]
1060 2620 1154 2647 eam
1175 2607 1220 2645 K
1332 2605 1419 2646 Pel.
1441 2619 1546 2645 vero
1570 2604 1606 2644 C
1729 2606 1756 2642 6
1785 2610 1988 2655 regenata
2007 2602 2095 2643 ΒΚ
2105 2618 2115 2644 :

370 2675 471 2712 rege
494 2668 670 2711 regnata
693 2662 728 2701 C
836 2676 857 2710 7
890 2676 913 2701 a
934 2662 1171 2701 meridiana
1193 2661 1317 2712 plaga
1343 2660 1381 2699 T
1498 2662 1523 2699 8
1554 2658 1713 2710 Pieria]
1735 2660 1851 2710 paria
1871 2658 1918 2696 K
2022 2673 2049 2709 9
2075 2664 2118 2698 et

371 2719 453 2757 civ,
471 2716 564 2755 hab.
590 2716 670 2755 BC
686 2730 696 2756 ι
726 2730 807 2757 om.
830 2717 877 2755 K
883 2717 920 2757 T
1053 2730 1155 2767 quas
1176 2716 1256 2756 BC
1262 2717 1298 2754 T
1431 2715 1660 2766 praecipua
1683 2714 1730 2753 K
1850 2719 1948 2766 post
1964 2714 2114 2752 Thess.

372 2771 470 2812 add.
493 2771 599 2822 (σαεξ
626 2771 696 2819 ΙΙ)
719 2777 761 2810 et
782 2772 933 2811 thebas
961 2772 1029 2811 ubi
1059 2772 1158 2811 olim
1181 2801 1190 2812 .
1217 2802 1226 2811 .
1251 2800 1261 2811 .
1284 2770 1512 2810 Thebanus
1552 2770 1589 2809 T
1753 2783 1801 2808 10
1831 2775 1896 2808 est
1923 2781 2043 2807 mons
2074 2767 2121 2806 K
2170 2783 2172 2786 ·

378 2839 422 2865 11
455 2826 622 2865 athellis
642 2839 742 2865 corr.
766 2833 822 2865 st·
844 2827 891 2865 K
1014 2840 1062 2866 12
1092 2826 1271 2878 primum
1292 2825 1338 2863 K
1449 2838 1497 2876 13
1518 2837 1686 2875 quoque
1707 2837 1790 2863 om.
1813 2823 1860 2862 K
1879 2823 1982 2875 (non
2005 2823 2117 2862 Ovet.

373 2881 494 2934 extr.)
583 2894 631 2930 14
661 2893 726 2922 us.
748 2881 804 2919 ibi
833 2881 892 2920 T:
914 2894 991 2921 usu
1008 2881 1054 2920 K
1139 2894 1187 2930 14
1219 2879 1469 2919 Macedonia
1488 2878 1612 2919 BCK
1701 2890 1748 2928 15
1769 2877 1981 2917 aemathia
2001 2890 2115 2916 nom.

375 2934 450 2975 K:
478 2936 640 2975 emacio
675 2948 788 2975 nom.
822 2936 862 2974 B
1031 2949 1079 2986 19
1111 2936 1245 2988 Moe.]
1281 2935 1396 2974 asiae
1423 2934 1482 2973 Β1
1607 2933 1771 2984 patriae
1811 2931 1890 2972 C1:
1931 2931 2041 2982 patri
2084 2929 2144 2983 T·

376 3004 429 3030 20
458 2991 617 3030 obtima
638 2991 773 3042 (opt-)
804 2989 841 3028 T
834 2990 916 3031 BC
934 2991 1010 3037 (an
1032 2991 1174 3040 recteZ)
1314 2989 1528 3040 peanitem
1549 2988 1591 3027 B
1611 3001 1621 3026 ε
1649 2987 1850 3038 peaniten
1873 2986 1908 3026 C
1924 3000 1933 3025 ε
1962 2999 2120 3037 peane-
2172 3043 2176 3045 -

378 3051 461 3084 tem
478 3044 547 3084 K:
567 3045 738 3096 paniten
756 3045 857 3093 (-em
877 3048 910 3095 3)
934 3045 971 3084 T
1074 3058 1127 3084 22
1157 3050 1202 3084 ut
1215 3058 1300 3084 cac.
1315 3043 1374 3082 Β1
1466 3056 1518 3093 23
1547 3043 1600 3082 ab
1619 3054 1774 3093 acerge
1786 3054 1848 3081 ur.
1876 3040 1915 3079 T
2017 3041 2120 3081 urbe
2169 3068 2176 3093 ζ

378 3099 434 3136 ΒῙ
548 3113 598 3149 24
629 3101 704 3139 abs
727 3100 769 3139 K
881 3113 932 3150 25
961 3100 1067 3152 qua]
1080 3113 1187 3151 quae
1207 3099 1248 3138 Β
1355 3100 1409 3138 26
1438 3110 1606 3138 crecum
1626 3097 1694 3136 B:
1722 3108 1847 3146 greco
1862 3093 1909 3133 K
2167 3100 2176 3108 ⁵

2120 3213 2176 3424 ss

2132 3276 2157 3297 ’Ψ
