2176 3424
523 115 1154 164 ETYMOLOGIARVM
1195 116 1324 162 LIB.
1365 118 1411 162 X

110 253 194 292 aut
210 252 342 292 tactu
363 243 626 307 proximus.
684 246 936 304 Adlectus‚
951 245 1089 306 quod
1109 244 1170 292 sit
1190 246 1350 308 palam
1373 245 1574 293 electus.
1614 244 1850 302 Abactus‚
1877 261 1944 296 20

112 326 247 387 quod
277 325 338 374 sit
369 325 432 374 ab
465 333 578 374 actu
616 335 848 375 remotus.
921 325 1204 385 Abortivus‚
1246 342 1306 375 eo
1344 327 1481 389 quod
1519 342 1620 375 non
1656 324 1850 383 oriatur,

111 408 199 456 sed
231 406 479 456 aboriatur
510 416 560 456 et
590 407 798 458 excidat.
871 407 1167 471 Adoptivus‚
1195 407 1311 471 quia
1345 418 1419 458 est
1455 416 1653 471 optatus
1690 408 1853 470 palam

110 488 161 537 in
197 487 366 538 filium.
439 490 622 550 Ambo,
659 490 724 538 ab
761 506 820 539 eo
858 491 995 552 quod
1032 499 1105 538 est
1143 493 1298 554 ἄμφω,
1341 506 1526 539 nomen
1562 490 1626 538 de
1663 490 1856 538 Graeco
1881 497 1935 532 21

64 584 86 624 5
113 569 343 619 Latinum
369 572 568 632 factum,
598 571 758 620 littera
787 570 928 620 tertia
958 573 1227 621 demutata.
1301 571 1442 621 Alius
1471 570 1519 638 [e
1544 572 1712 620 multis
1739 569 1855 618 dici-

110 650 221 718 turJ.
295 654 434 701 Alter
460 651 595 719 [vero
621 670 648 701 e
678 650 914 718 duobus].
981 655 1322 715 Aequimanus
1348 655 1623 717 appellatur
1648 661 1855 714 utraque

110 750 260 782 manu
286 733 504 797 gladium
531 743 719 782 tenens.

950 818 989 863 Β

234 901 415 948 Beatus
441 898 602 947 dictus
628 897 769 961 quasi
795 898 924 947 bene
949 907 1139 958 auctus,
1162 898 1347 948 scilicet
1373 899 1435 947 ab
1462 898 1697 948 habendo
1718 897 1855 961 quod
1878 910 1944 946 22

37 996 85 1025 10
108 982 253 1029 vellet
285 990 332 1029 et
365 980 486 1028 nihil
516 979 754 1043 patiendo
789 981 926 1043 quod
956 982 1122 1029 nollet.
1213 982 1304 1029 Ille
1333 990 1500 1029 autem
1534 997 1646 1029 vere
1680 980 1854 1028 beatus

108 1070 181 1111 est
206 1061 291 1124 qui
315 1071 363 1110 et
388 1063 538 1110 habet
564 1061 732 1110 omnia
758 1079 885 1125 quae
910 1064 1014 1110 vult
1040 1062 1186 1122 bona,
1215 1072 1262 1111 et
1287 1062 1409 1111 nihil
1434 1064 1538 1112 vult
1563 1064 1706 1111 male.
1781 1064 1854 1110 Ex

107 1142 181 1192 his
218 1143 350 1193 enim
388 1143 586 1192 duobus
630 1143 803 1192 beatus
839 1144 993 1192 homo
1030 1143 1248 1192 efficitur.
1324 1146 1496 1193 Bonus
1532 1161 1561 1192 a
1597 1152 1854 1193 venustate
1877 1163 1942 1210 23

106 1227 321 1288 corporis
338 1225 551 1274 creditur
567 1224 750 1274 dictus:
770 1233 942 1288 postea
958 1234 1006 1274 et
1021 1226 1086 1274 ad
1105 1225 1327 1274 animum
1345 1227 1634 1275 translatum
1651 1242 1851 1274 nomen.

108 1309 237 1355 Eum
258 1317 423 1355 autem
445 1306 656 1356 dicimus
678 1307 868 1356 bonum
889 1306 967 1355 cui
989 1324 1091 1355 non
1112 1309 1359 1370 praevalet
1379 1309 1566 1357 malum
1591 1329 1600 1358 :
1638 1324 1853 1371 eumque

37 1408 81 1449 15
107 1389 350 1452 optimum
391 1388 475 1452 qui
509 1398 682 1452 peccat
720 1388 997 1437 minimum.
1070 1388 1322 1452 Benignus
1360 1398 1433 1438 est
1468 1389 1539 1438 vir
1575 1399 1753 1452 sponte
1788 1389 1853 1438 ad
1878 1400 1943 1449 24

108 1470 522 1520 benefaciendum
543 1480 739 1534 paratus
761 1480 808 1520 et
827 1470 986 1519 dulcis
1006 1471 1257 1534 adloquio.
1314 1474 1432 1520 Non
1452 1481 1618 1521 autem
1640 1473 1852 1521 multum

106 1553 254 1602 distat
279 1553 522 1616 benignus
548 1570 577 1601 a
602 1553 751 1612 bono,
781 1552 896 1615 quia
922 1562 969 1601 et
995 1553 1099 1616 ipse
1124 1555 1189 1602 ad
1215 1553 1634 1603 benefaciendum
1660 1553 1853 1603 videtur

107 1634 369 1698 expositus.
444 1636 542 1684 Sed
570 1635 618 1683 in
645 1652 705 1684 eo
732 1634 892 1683 differt
919 1634 1034 1698 quia
1060 1645 1223 1698 potest
1250 1635 1413 1684 bonus
1449 1653 1555 1686 esse
1581 1645 1630 1685 et
1655 1635 1849 1695 tristior,

107 1725 154 1764 et
185 1717 313 1765 bene
343 1716 545 1779 quidem
577 1717 735 1764 facere
770 1725 817 1764 et
847 1726 1092 1779 praestare
1124 1719 1260 1780 quod
1292 1717 1524 1780 poscitur,
1553 1735 1655 1766 non
1685 1727 1851 1766 tamen

35 1820 83 1847 20
107 1797 267 1846 suavis
298 1814 404 1847 esse
430 1797 566 1846 novit
586 1797 837 1846 consortio
854 1816 868 1858 3
904 1798 1148 1861 benignus
1175 1809 1341 1848 autem
1369 1817 1457 1848 sua
1482 1810 1690 1849 cunctos
1716 1799 1853 1848 novit

107 1879 307 1928 invitare
328 1879 606 1929 dulcedine.
648 1881 910 1929 Beneficus
926 1898 954 1928 a
971 1881 1334 1930 benefaciendo
1352 1882 1487 1930 alteri
1506 1882 1667 1931 dictus
1680 1901 1692 1942 3
1718 1884 1852 1931 unde
1876 1895 1939 1943 25

108 1971 156 2011 et
182 1962 528 2011 beneficientia
558 1972 774 2021 vocatur,
803 1979 930 2024 quae
965 1964 1190 2025 proximo
1220 1965 1375 2026 prode
1406 1972 1495 2013 est.
1567 1963 1849 2024 Benivolus‚
1877 1966 1945 2013 26

109 2044 223 2107 quia
248 2044 375 2092 bene
395 2045 512 2092 vult.
575 2046 693 2092 Non
713 2053 879 2092 tamen
900 2044 1113 2093 dicimus
1134 2045 1419 2105 benevolus,
1444 2045 1569 2095 sicut
1590 2063 1683 2095 nec
1703 2049 1852 2096 male-

108 2125 260 2172 volus.
336 2128 492 2188 Saepe
518 2124 650 2174 enim
678 2141 736 2174 ex
761 2125 955 2174 duabus
981 2126 1200 2189 partibus
1221 2127 1537 2191 conpositum
1558 2145 1743 2178 nomen
1768 2139 1851 2178 aut

37 2231 83 2270 25
108 2203 319 2266 priorem
344 2215 429 2254 aut
454 2215 745 2269 sequentem
771 2206 981 2254 litteram
1003 2207 1284 2271 corrumpit.
1348 2210 1479 2257 Nam
1507 2210 1854 2260 benevolentia

107 2286 376 2336 absurdum
403 2298 558 2336 sonat.
635 2289 869 2348 Blandus,
897 2288 1055 2337 dulcis
1081 2298 1130 2338 et
1154 2289 1365 2339 invitans
1384 2292 1448 2340 ad
1473 2291 1851 2342 familiaritatem
1877 2299 1939 2348 27

166 2429 183 2454 1
214 2418 305 2470 aut]
328 2431 352 2455 a
372 2416 413 2454 Β
559 2417 767 2467 priximus
790 2417 841 2457 Cl
988 2431 1012 2456 2
1041 2418 1160 2470 actu]
1181 2426 1304 2459 aucto
1324 2420 1366 2458 A
1515 2421 1664 2461 Abort.
1691 2454 1698 2462 .
1724 2451 1734 2460 .
1759 2452 1768 2462 .
1793 2422 1851 2463 fil.

109 2484 191 2510 om.
220 2471 270 2510 C1
452 2484 477 2521 3
506 2472 571 2511 ab.
596 2473 772 2511 excedat
791 2472 832 2510 A
983 2473 1102 2525 quia]
1129 2487 1179 2512 eo
1199 2475 1308 2524 quod
1328 2475 1368 2512 Β
1389 2475 1492 2524 (non
1512 2476 1639 2529 Reg.)
1787 2484 1852 2516 est

110 2531 271 2565 ortatus
292 2526 335 2564 in
357 2526 421 2565 K:
453 2533 517 2566 est
538 2533 755 2566 exortatus
775 2527 818 2565 in
847 2526 899 2565 Τ2
919 2527 996 2579 (Tl
1016 2541 1056 2566 n.
1076 2527 1124 2579 l.)
1150 2528 1251 2577 (non
1270 2529 1361 2567 AD
1380 2530 1503 2581 Reg.)
1641 2546 1665 2580 4
1696 2544 1850 2571 nomen

110 2592 133 2618 e
155 2592 216 2629 gr.
244 2581 360 2632 (corr.
383 2582 552 2620 nomine
575 2582 660 2633 gr.)
682 2582 723 2619 A
892 2594 916 2631 5
947 2581 988 2620 in
1010 2583 1079 2622 lat.
1101 2581 1227 2621 ABG
1244 2583 1364 2623 Rem.
1496 2585 1575 2625 fac.
1597 2594 1662 2625 est
1682 2586 1723 2624 A
1749 2593 1851 2636 (non

111 2632 165 2683 G)
277 2635 401 2675 Alius
422 2665 431 2674 .
456 2666 465 2675 .
490 2666 500 2675 .
527 2636 690 2675 duobus
710 2636 804 2675 hab.
833 2636 954 2675 CTU
970 2636 1084 2676 Mon.
1104 2651 1112 2677 ε
1144 2651 1225 2676 om.
1251 2637 1317 2676 K:
1349 2638 1472 2678 Alius
1493 2640 1602 2679 alter
1623 2641 1721 2692 (cett.
1744 2641 1848 2692 om.)

109 2688 326 2728 ABDG1]
340 2689 441 2740 Reg.
465 2691 587 2730 Rem.
705 2704 728 2729 e
751 2690 935 2743 (prius)]
961 2692 1013 2730 de
1036 2697 1083 2730 ut
1101 2691 1181 2730 vid.
1208 2691 1282 2730 T1:
1315 2699 1358 2731 et
1379 2698 1427 2731 ut
1442 2694 1521 2735 vid.
1547 2695 1603 2733 Ul
1724 2697 1750 2733 6
1780 2696 1847 2735 du.

109 2750 283 2784 vocatur
314 2744 453 2783 CT²U
474 2745 595 2784 Rem.
747 2745 1038 2795 Aequimanus
1057 2776 1067 2786 .
1093 2777 1102 2786 .
1131 2777 1139 2785 .
1161 2753 1314 2786 tenens
1344 2760 1427 2788 om.
1457 2748 1494 2787 T
1652 2763 1749 2799 app.
1781 2750 1851 2799 qui

110 2803 287 2849 utraque
306 2811 477 2838 manum
502 2801 617 2851 (corr.
638 2801 732 2848 -nu)
750 2800 934 2849 gladium
955 2801 1251 2839 incunctanter
1271 2803 1402 2841 utitur
1418 2803 1453 2842 C
1467 2804 1570 2855 (non
1587 2805 1688 2855 Reg.
1707 2804 1850 2850 Rem.)

114 2863 163 2891 10
198 2853 326 2893 vellet
354 2853 602 2894 AB²C¹IT2
640 2854 742 2892 velit
770 2853 912 2894 B1C2:
950 2856 1067 2895 vellit
1096 2855 1142 2893 K
1307 2863 1350 2896 et
1379 2857 1437 2896 ni.
1470 2889 1479 2898 .
1514 2891 1522 2899 .
1554 2889 1563 2898 .
1596 2871 1664 2898 no.
1696 2871 1778 2898 om.
1811 2857 1858 2896 K

111 2907 242 2946 nollet
259 2908 372 2946 AB]
389 2923 398 2947 ε
426 2908 544 2948 nolet
571 2909 656 2947 TCl
675 2923 683 2948 :
713 2909 819 2948 nolit
839 2909 890 2948 C⁴2
1060 2923 1104 2950 11
1138 2910 1208 2960 qui
1230 2910 1292 2962 et]
1315 2921 1358 2951 et
1377 2913 1450 2962 qui
1474 2912 1509 2951 C
1627 2913 1716 2951 vult
1739 2913 1848 2964 (alt.)

111 2973 195 3001 om.
227 2962 264 3001 T
429 2976 476 3001 12
501 2969 666 3003 vestate
685 2963 742 3002 Bl
764 2978 774 3003 z
803 2970 974 3004 nustate
997 2965 1046 3004 Cl
1206 2977 1254 3014 13
1283 2967 1333 3005 ad
1353 2980 1437 3006 om.
1465 2967 1502 3006 T
1652 2969 1701 3006 18
1730 2967 1848 3020 quia]

111 3016 223 3064 quod
243 3015 284 3053 Β
421 3018 613 3058 tristitior
634 3018 685 3058 Cl
848 3031 901 3058 2ο
931 3020 1047 3058 novit
1067 3032 1161 3059 esse
1183 3019 1229 3058 K
1243 3033 1252 3059 :
1283 3027 1348 3060 est
1368 3021 1489 3060 nobit
1507 3021 1549 3059 A
1716 3035 1764 3060 21
1798 3023 1850 3062 ad

113 3070 460 3112 benefaciendum
482 3072 523 3111 Β
670 3085 722 3112 22
751 3073 1060 3114 benefacientia
1087 3074 1125 3113 T
1269 3088 1321 3125 23
1350 3077 1429 3116 dic.
1453 3076 1686 3116 benovolus
1710 3077 1760 3116 Cl
