2176 3424
0 2495 9 2531 l

0 2527 42 2602 {l

455 134 1083 184 ETYMOLOGIARVM
1124 133 1254 178 LIB.
1292 132 1400 177 XV.
1441 128 1472 188 i,
1509 127 1540 174 ii

253 267 336 313 DE
362 278 642 313 AEDiFicus
670 276 912 312 PvssL1C1S.
987 259 1171 311 Civitas
1204 267 1276 307 est
1302 258 1561 306 hominum
1589 252 1856 302 multitudo
1881 258 1920 297 ΙΙ

119 346 364 396 societatis
379 345 576 395 vinculo
600 346 831 403 adunata,
853 342 986 392 dicta
1010 359 1039 391 a
1063 340 1269 399 civibus,
1291 338 1342 388 id
1362 346 1435 387 est
1460 338 1524 386 ab
1549 334 1666 400 ipsis
1687 332 1860 382 incolis

120 428 252 477 urbis
279 427 390 494 [pro
424 444 484 476 eo
519 428 655 490 quod
680 425 1001 490 plurimorum
1027 421 1303 472 consciscat
1329 429 1376 469 et
1411 418 1664 468 contineat
1698 411 1859 480 vitas}

122 513 253 559 Nam
278 510 393 559 urbs
426 509 531 573 ipsa
556 507 753 557 moenia
778 515 904 567 sunt,
933 504 1102 554 civitas
1127 513 1294 552 autern
1331 518 1434 550 non
1459 518 1587 560 saxa,
1615 500 1702 548 sed
1729 495 1863 546 habi-

78 614 100 654 5
123 602 300 641 tatores
343 601 589 640 vocantur.
662 592 785 638 Tres
833 596 998 636 autem
1047 595 1160 634 sunt
1203 583 1460 634 societates
1483 602 1492 631 ε
1545 580 1854 637 familiarum,
1886 590 1916 624 2

120 673 333 734 urbium,
351 673 587 737 gentium.
658 672 786 720 Vrbs
803 679 976 719 vocata
995 668 1057 717 ab
1076 667 1207 727 orbe,
1228 667 1366 730 quod
1390 661 1862 728 antiquaecivitates
1891 672 1921 718 3

118 755 169 805 in
195 757 314 805 orbe
338 757 521 804 fiebant
542 773 555 815 3
590 755 666 802 vel
690 753 753 802 ab
780 752 903 801 urbo
935 760 1068 814 parte
1093 750 1249 808 aratri,
1274 764 1374 811 quo
1392 745 1517 795 muri
1537 743 1859 808 designaban-

119 847 224 897 tur,
260 839 393 886 unde
419 845 490 885 est
515 836 636 884 illud
662 834 814 899 (Virg.
836 837 958 884 Aen.
981 851 1022 896 3,
1050 851 1139 895 109
1161 850 1173 892 3
1203 849 1241 890 1,
1266 830 1386 894 425)
1411 848 1420 877 ε

338 917 637 981 Optavitque
673 918 839 964 locum
876 932 1027 978 regno
1064 924 1112 962 et
1148 913 1447 962 concludere
1486 911 1641 959 sulco.

51 1025 97 1052 ιο
125 1004 284 1050 Locus
309 1000 441 1049 enim
467 1002 656 1048 futurae
690 997 897 1046 civitatis
932 998 1069 1045 sulco
1103 994 1465 1057 designabatur,
1498 991 1549 1042 id
1583 1001 1656 1041 est
1688 1000 1859 1040 aratro.

121 1083 247 1134 Cato
273 1081 428 1146 (Orig.
454 1100 493 1141 1,
519 1080 629 1145 18):
672 1085 683 1105 ‘
705 1079 805 1141 Qui
842 1079 1046 1137 urbem,'
1074 1077 1234 1140 inquit
1261 1079 1474 1124 ‘novam
1505 1073 1690 1132 condit,
1720 1078 1859 1122 ta'uro

120 1175 167 1214 et
186 1182 335 1213 vacca
354 1174 456 1213 arat
478 1183 490 1225 3
527 1163 612 1212 ubi
631 1161 854 1222 araverit,
873 1177 1068 1208 murum
1094 1158 1210 1208 facit
1231 1177 1244 1219 3
1280 1156 1367 1206 ubi
1393 1166 1584 1220 portam
1612 1157 1713 1205 vult
1738 1172 1858 1214 esse,

119 1252 329 1291 aratrum
357 1241 602 1291 substollit
622 1250 670 1290 et
689 1249 862 1304 portat,
884 1249 931 1287 et
952 1248 1144 1301 portam
1165 1237 1338 1286 vocat!
1412 1236 1537 1283 Ideo
1562 1243 1728 1283 autem
1746 1234 1860 1282 urbs
1887 1248 1919 1295 4

119 1334 278 1373 aratro
312 1324 722 1382 circumdabatur,
762 1320 943 1384 dispari
975 1337 1092 1368 sexu
1124 1319 1460 1375 iuvencorum,
1499 1326 1696 1379 propter
1734 1332 1864 1365 com-

50 1427 93 1466 15
123 1405 406 1454 mixtionem
447 1404 753 1462 familiarum,
788 1413 835 1451 et
866 1401 1132 1465 imaginem
1173 1399 1377 1449 serentis
1412 1401 1726 1460 fructumque
1762 1398 1865 1446 red-

120 1489 296 1536 dentis.
368 1487 498 1536 Vrbs
536 1497 701 1535 autem
744 1494 903 1534 aratro
947 1482 1189 1541 conditur,
1231 1491 1389 1531 aratro
1430 1480 1642 1530 vertitur.
1717 1481 1863 1528 Vnde

123 1568 358 1617 Horatius
385 1568 463 1632 (C.
492 1587 530 1629 1,
560 1571 632 1627 16,
660 1567 741 1631 20)
764 1587 772 1614 ;

927 1646 1317 1710 Inprimeretque
1356 1644 1504 1692 muris

657 1729 834 1778 hostile
870 1739 1095 1776 aratrum.

48 1842 99 1869 20
123 1814 376 1877 Oppidum
415 1813 617 1876 quidam
650 1812 714 1860 ab
748 1809 1061 1874 oppositione
1096 1825 1347 1857 murorum
1381 1807 1607 1856 dixerunt
1626 1826 1638 1868 3
1690 1806 1771 1855 alii
1800 1807 1863 1855 ab
1891 1820 1921 1869 5

119 1895 296 1959 opibus
323 1895 664 1952 recondendiS‚
694 1909 754 1942 eo
779 1894 915 1955 quod
941 1891 1001 1940 sit
1028 1890 1272 1939 munitum
1293 1908 1306 1950 3
1341 1889 1421 1938 alii
1446 1891 1583 1952 quod
1608 1888 1702 1937 sibi
1726 1889 1777 1936 in
1802 1905 1863 1938 eo

119 1987 391 2027 conventus
412 1975 738 2025 habitantium
757 1990 903 2037 opem
921 1975 1005 2022 det
1023 1982 1243 2021 mutuam
1265 1980 1436 2020 contra
1456 1973 1663 2019 hostem.
1732 1973 1862 2019 Nam

118 2059 330 2122 primum
356 2057 582 2106 homines
619 2067 871 2118 tamquam
898 2054 1019 2103 nudi
1053 2064 1100 2102 et
1134 2053 1345 2102 inermes
1379 2069 1471 2100 nec
1497 2062 1668 2100 contra
1693 2053 1862 2101 beluas

119 2139 360 2203 praesidia
386 2139 649 2197 habebant,
678 2154 770 2186 nec
801 2137 1109 2199 receptacula
1134 2134 1320 2198 frigoris
1351 2144 1398 2183 et
1428 2133 1616 2193 caloris,
1645 2150 1737 2182 nec
1771 2133 1862 2196 ipsi

47 2246 95 2286 25
119 2221 244 2271 inter
291 2237 342 2270 se
389 2219 616 2268 homines
663 2219 726 2266 ab
776 2217 1061 2266 hominibus
1110 2216 1226 2264 satis
1269 2225 1405 2264 erant
1454 2215 1558 2264 tuti.
1631 2217 1861 2264 Tandem
1891 2217 1924 2263 6

119 2302 325 2353 naturali
364 2301 576 2351 sollertia
614 2299 860 2363 speluncis
901 2298 1302 2360 silvestribusque
1338 2298 1634 2360 tegumentis
1672 2296 1862 2360 tuguria

117 2385 208 2434 sibi
247 2396 294 2434 et
330 2401 465 2433 casas
502 2382 717 2446 virgultis
759 2381 1184 2443 arundinibusque
1221 2390 1557 2440 contexerunt,
1598 2396 1697 2442 quo
1733 2390 1861 2428 esset

178 2527 194 2552 1
230 2513 362 2564 hom]
385 2512 568 2550 omnium
596 2511 632 2548 T
783 2524 806 2547 2
836 2509 990 2548 inculis
1013 2507 1068 2547 C:
1100 2509 1282 2558 singulis
1301 2507 1344 2545 D
1498 2521 1522 2557 3
1553 2521 1629 2558 pro
1652 2538 1660 2547 .
1687 2537 1696 2547 .
1718 2537 1727 2548 .
1751 2509 1861 2546 vitas

117 2569 208 2608 lzab.
233 2566 417 2606 TUVX:
447 2580 528 2606 om.
549 2564 894 2604 BC1DFKNOP
1055 2575 1080 2611 5
1110 2563 1267 2601 familia
1287 2562 1332 2600 K
1493 2565 1519 2600 6
1548 2561 1682 2614 quod]
1704 2563 1800 2611 quia
1822 2562 1862 2599 Β

120 2636 140 2672 7
172 2623 318 2662 orbem
346 2621 461 2661 Serv.
490 2621 549 2659 ad
566 2621 673 2659 Aen.
705 2633 739 2669 1,
762 2632 809 2658 12
921 2619 948 2659 i.
966 2633 997 2658 e.
1020 2631 1125 2656 urvo
1146 2632 1155 2656 :
1184 2631 1284 2656 orvo
1305 2630 1405 2659 corr.
1428 2630 1533 2656 urve
1554 2617 1626 2656 K:
1661 2617 1764 2655 urbe
1784 2615 1864 2654 BC

119 2678 394 2727 designantur
412 2675 499 2713 ΒΚ
702 2688 746 2713 11
781 2675 924 2713 condit
951 2671 1121 2711 KNOP
1141 2671 1277 2712 Μονι.2
1299 2686 1307 2710 :
1337 2673 1494 2711 condet
1513 2671 1731 2710 BCFTU:
1761 2685 1859 2710 con-

120 2731 224 2770 didit
254 2732 298 2770 D
327 2729 465 2769 Mon.¹
651 2742 699 2768 12
727 2735 818 2768 arat
839 2728 919 2778 (Tl
937 2730 968 2778 2)
999 2727 1060 2766 T:
1089 2727 1169 2765 arit
1191 2726 1292 2765 OP:
1323 2733 1414 2765 aret
1433 2725 1856 2766 BCDFMNUMon.

119 2786 216 2825 facit
231 2783 630 2824 BDFKMNOPT1
650 2798 659 2822 :
680 2785 806 2822 faciet
825 2784 882 2823 C:
902 2783 1026 2822 faciat
1050 2781 1151 2820 T²U
1162 2781 1278 2821 Mon.
1386 2794 1434 2830 13
1455 2781 1639 2820 sustollit
1652 2779 1833 2818 KMOP
1851 2795 1860 2819 :

119 2841 299 2880 sustullit
320 2840 367 2879 N
382 2854 390 2878 ι
420 2839 640 2878 substollat
659 2838 722 2877 F:
753 2839 949 2878 sustollat
968 2836 1047 2875 BC
1052 2835 1132 2874 TU
1141 2835 1254 2876 Mon.
1278 2849 1286 2874 :
1317 2835 1517 2875 subtollat
1536 2836 1580 2874 D
1719 2841 1861 2885 portat

120 2893 330 2934 KMOP:
371 2900 534 2944 portam
564 2892 634 2932 N:
679 2898 820 2943 portet
848 2891 1009 2931 BCDF
1012 2891 1049 2930 T
1051 2891 1092 2930 U
1117 2889 1233 2930 Mon.
1268 2891 1334 2939 (ex
1367 2891 1455 2942 -tit)
1662 2889 1724 2940 et]
1758 2903 1783 2927 a
1812 2889 1860 2928 N

119 2956 238 2989 vocat
258 2949 386 2988 KOP
402 2963 411 2987 ι
441 2954 562 2988 vacat
579 2947 631 2986 M
647 2962 656 2986 t
686 2953 840 2987 vocant
859 2948 906 2986 N
919 2962 926 2987 :
959 2951 1082 2986 vocet
1102 2945 1263 2985 BCDF
1264 2943 1301 2983 T
1301 2945 1344 2984 U
1351 2945 1467 2985 Mon.
1604 2957 1653 2994 14
1682 2945 1858 2983 circum-

122 3004 241 3043 datur
259 3004 304 3042 K
388 3017 435 3052 15
466 3003 651 3042 ferentes
671 3002 712 3040 B
796 3004 845 3041 16
874 3015 936 3040 ev.
958 3002 1081 3039 Arev.
1178 3000 1225 3038 18
1253 3013 1400 3050 -reque
1422 2999 1461 3036 Β
1554 3012 1601 3048 19
1633 2999 1800 3038 rostrile
1827 2999 1865 3038 T

120 3071 168 3097 21
202 3059 313 3107 quod
335 3058 469 3110 (alt.)]
493 3059 589 3106 quia
609 3056 649 3094 Β
732 3057 832 3108 sibi]
853 3057 908 3095 sit
928 3054 1050 3095 BCK
1130 3067 1181 3104 23
1210 3068 1264 3093 ne
1285 3068 1378 3094 con.
1397 3052 1486 3092 KT
1564 3055 1617 3091 26
1644 3054 1802 3093 tecuria
1818 3053 1864 3092 K
