2228 3444
754 159 1140 207 EPISTOLAE
1182 161 1351 207 I—-IV

175 280 397 324 examinis
421 279 558 324 vestri
582 280 684 336 igne
708 281 790 324 etsi
816 295 908 324 non
942 281 1210 338 purificatus
1238 282 1480 335 invenitur,
1504 289 1659 326 tamen
1686 283 1921 339 decoctus,

173 367 346 410 quaeso
368 360 415 396 ut
438 360 590 398 vestro
608 352 828 398 instinctu
850 368 878 398 a
894 353 985 398 filio
999 362 1154 398 vestro
1170 355 1360 400 domino
1383 369 1489 411 rege
1514 355 1650 399 nobis
1669 356 1922 412 dirigantur

174 425 280 469 cito.
324 427 450 469 Nam
469 434 513 470 et
527 434 683 470 nostra
699 426 798 470 eius
813 426 878 470 sic
892 427 1115 483 flagitavit
1129 427 1325 483 gloriam
1341 427 1590 483 suggestio,
1606 428 1714 484 quia
1727 429 1917 473 multum

174 498 219 541 in
243 497 435 542 concilio
458 513 540 556 pro
555 498 880 555 investiganda
897 514 1011 556 opus
1031 507 1101 544 est
1120 499 1324 546 veritate.
1388 502 1463 544 De
1485 509 1639 545 cetero
1664 500 1921 558 [creatoris]

129 592 150 632 5
173 571 384 616 altissimi
407 572 627 629 pietatem
651 573 868 628 efflagito,
891 582 939 617 ut
973 587 1192 618 coronam
1214 574 1513 618 beatitudinis
1536 581 1716 618 vestrae
1738 588 1821 630 pro
1855 574 1922 617 in-

173 644 388 701 tegritate
411 645 518 689 fidei
542 653 586 689 et
611 653 733 690 statu
756 645 982 690 ecclesiae
1006 660 1115 690 suae
1138 646 1276 702 longo
1299 655 1508 703 tempore
1532 646 1785 704 praecipiat
1813 661 1923 691 con-

177 732 374 773 servare,
393 732 559 774 meque
574 717 692 763 inter
705 718 986 762 oblatrantia
1001 718 1259 776 praesentis
1275 719 1438 762 mundi
1453 719 1581 764 varia
1595 727 1640 764 et
1659 720 1925 765 innumera-

174 790 285 835 bilia
299 790 567 836 discrimina
582 791 810 836 munitum
825 791 989 836 reddat
1007 799 1115 836 tuae
1138 791 1482 836 intercessionis
1511 792 1663 848 gratia
1685 807 1740 837 ac
1758 807 1921 837 recon-

175 866 322 909 ditum
345 865 389 908 in
412 865 639 921 gremium
657 865 905 909 memoriae
923 874 1028 911 tuae
1051 873 1200 910 tutum
1220 867 1278 910 ab
1297 865 1422 909 omni
1442 873 1719 923 tempestate
1741 869 1921 923 peccati

103 952 153 981 το
176 946 306 982 oratu
324 946 476 982 vestro
491 938 658 982 efficiat
676 938 856 982 trinitas
873 938 1199 983 sacratissima.
1262 940 1323 983 Et
1340 954 1480 983 manu
1498 954 1595 984 sua.
1649 941 1752 996 Ego
1767 954 1924 984 servus

179 1011 370 1055 Domini
402 1012 586 1055 Braulio
613 1011 789 1055 Isidoro
820 1011 865 1054 in
894 1012 1100 1054 Domino
1131 1011 1257 1055 fruar
1286 1020 1330 1056 te
1353 1012 1538 1057 lucerna
1570 1013 1737 1057 ardens
1761 1021 1804 1058 et
1829 1027 1922 1057 non

176 1098 481 1129 marcescens.

1016 1160 1058 1200 ΙΙ
1071 1159 1086 1201 Ι

314 1254 518 1298 Domino
554 1253 695 1311 [meo]
722 1261 766 1297 et
790 1253 863 1298 dei
889 1268 1021 1298 servo
1048 1254 1281 1298 Braulioni
1308 1254 1540 1312 Episcopo
1567 1256 1784 1301 isidorus.

103 1361 148 1401 15
295 1342 416 1398 Quia
437 1351 482 1386 te
507 1341 784 1386 incolomem
809 1342 1022 1397 cognovi,
1038 1342 1211 1398 gratias
1228 1341 1413 1386 Christo
1432 1341 1518 1398 egi,
1538 1351 1581 1386 et
1598 1344 1773 1387 utinam
1795 1345 1925 1388 cuius

175 1414 369 1471 cognovi
387 1416 597 1470 salutem,
619 1415 663 1458 in
679 1416 768 1458 hoc
784 1428 977 1471 corpore
993 1415 1252 1472 aspicerem
1270 1423 1313 1459 et
1330 1415 1569 1460 visionem.
1625 1415 1748 1472 Quid
1767 1424 1922 1460 autem

175 1489 286 1532 mihi
310 1489 461 1533 evenit
486 1503 566 1545 pro
590 1488 794 1545 peccatis
817 1487 932 1532 meis
964 1488 1290 1544 manifestabO,
1314 1489 1423 1546 quia
1444 1503 1537 1532 non
1567 1488 1630 1533 fui
1654 1489 1822 1545 dignus
1845 1498 1923 1533 tua

174 1563 405 1620 perlegere
421 1561 617 1619 eloquia.
671 1561 835 1606 Statim
851 1562 976 1606 enirn
994 1570 1043 1606 ut
1058 1562 1214 1619 accepi
1231 1562 1471 1620 pittacium
1486 1571 1629 1618 tuum,
1646 1577 1759 1620 puer
1773 1562 1923 1618 regius

174 1637 235 1680 ad
253 1651 327 1680 me
345 1635 482 1680 venit.
547 1635 670 1678 Dedi
687 1635 966 1679 cubiculario
982 1650 1085 1679 meo
1104 1636 1230 1679 illum
1246 1635 1486 1692 pittacium
1504 1644 1548 1680 et
1567 1635 1809 1680 confestim
1825 1651 1921 1679 am-

103 1731 154 1759 20
174 1710 326 1754 bulavi
344 1710 404 1753 ad
419 1709 687 1766 principem,
708 1717 754 1752 ut
769 1717 932 1765 postea
950 1710 1232 1766 perlegerem
1250 1717 1294 1753 et
1310 1709 1620 1754 rescriberem.
1689 1711 1924 1753 Reversus

174 1784 231 1827 de
253 1783 428 1839 palatio
446 1782 564 1838 regis
580 1797 671 1825 non
687 1783 836 1825 solum
856 1783 1025 1839 scripta
1042 1790 1122 1826 tua
1140 1796 1232 1825 non
1252 1781 1420 1837 inveni,
1438 1783 1519 1826 sed
1544 1783 1684 1826 etiam
1699 1782 1923 1839 quidquid

173 1856 297 1900 aliud
321 1855 364 1898 in
388 1856 527 1900 cartis
548 1856 647 1910 fuit,
681 1855 827 1911 periit.
894 1857 954 1899 Et
986 1856 1173 1910 idcirCO‚
1198 1855 1281 1899 scit
1314 1855 1557 1909 Dominus,
1581 1855 1670 1899 luxi
1705 1854 1921 1898 meritum

173 1943 342 1982 meum,
366 1928 473 1986 quia
494 1943 586 1972 non
609 1928 781 1985 perlegi
795 1928 1029 1986 eloquium
1051 1936 1194 1971 tuum.
1259 1928 1352 1972 Sed
1374 1943 1485 1984 rogo
1507 1937 1571 1983 ut,
1597 1942 1920 1985 quaecumque

175 2002 358 2046 occasio
385 2001 575 2056 venerit,
610 2001 811 2045 rescribe
834 2001 945 2044 mihi
977 2010 1020 2045 et
1049 2001 1247 2056 gratiam
1274 2002 1401 2045 verbi
1432 2002 1496 2045 tui
1521 2015 1612 2044 non
1638 2001 1834 2055 auferas,
1858 2009 1923 2058 ut,

101 2096 151 2137 25
177 2075 300 2132 quod
323 2090 378 2119 ex
400 2090 503 2120 meo
529 2075 696 2119 delicto
719 2075 914 2131 perdidi,
938 2075 1103 2119 iterum
1125 2075 1272 2130 gratia
1297 2083 1374 2119 tua
1397 2074 1630 2132 recipiam.
1695 2076 1756 2118 Et
1780 2089 1920 2118 manu

178 2162 272 2192 sua.
338 2149 434 2192 Ora
455 2161 538 2204 pro
562 2147 711 2200 nobis,
736 2147 1002 2191 beatissime
1026 2147 1210 2191 domne.

997 2306 1064 2347 IV

253 2405 439 2446 Domno
460 2416 562 2446 meo
586 2410 630 2445 et
652 2416 758 2446 vere
777 2401 964 2446 domino
985 2401 1249 2458 Christique
1273 2403 1418 2446 electo
1446 2403 1624 2446 Isidoro
1651 2403 1845 2459 Episco—

349 2489 510 2532 porum
535 2489 714 2519 summo
741 2475 927 2518 Braulio
951 2489 1109 2519 servus
1133 2475 1305 2519 inutilis
1330 2483 1596 2520 sanctorum
1623 2476 1725 2520 Dei.

100 2579 151 2619 30
291 2563 417 2607 Solet
440 2563 600 2618 repleri
632 2562 805 2606 laetitia
835 2562 974 2605 homo
1007 2561 1194 2607 interior
1216 2576 1271 2606 ac
1301 2562 1531 2619 spiritalis,
1560 2576 1701 2618 quum
1726 2561 1918 2618 inquisi-

172 2635 295 2679 tione
318 2635 521 2691 fungitur
534 2635 749 2679 amantis.
799 2635 872 2678 Ob
892 2634 938 2677 id
954 2635 1071 2678 velle
1088 2649 1242 2678 meum
1261 2643 1346 2689 est,
1364 2634 1424 2677 mi
1442 2634 1628 2679 domine
1646 2634 1919 2678 reverentis-

233 2767 246 2790 1
283 2753 488 2792 exanimis
509 2753 554 2790 K
728 2766 752 2790 2
783 2753 808 2791 i.
832 2758 874 2791 et
897 2752 981 2790 filio
1005 2751 1049 2789 K
1182 2753 1386 2802 dirigatur
1409 2753 1451 2791 K
1631 2766 1655 2802 3
1687 2758 1856 2791 nostrae
1878 2751 1923 2789 Κ

175 2807 264 2847 eius
283 2821 365 2848 om.
397 2807 434 2844 T
563 2807 695 2855 gloria
715 2806 802 2844 ΚΤ
817 2807 870 2858 (2)
1039 2820 1062 2854 4
1093 2808 1296 2846 creatoris
1315 2807 1406 2847 hab.
1433 2807 1532 2845 TU:
1563 2820 1645 2847 om.
1667 2806 1759 2844 ΑΚ
1893 2807 1918 2843 8

176 2862 462 2902 discrimentia
482 2861 527 2900 K
653 2875 679 2911 9
699 2860 856 2913 tutum]
879 2866 995 2899 tuum
1026 2860 1077 2898 Tl
1219 2874 1268 2900 10
1297 2861 1391 2912 sua]
1413 2868 1554 2900 vestra
1581 2861 1622 2899 U
1758 2873 1771 2897 1
1786 2873 1801 2898 1
1839 2858 1919 2898 Do-

175 2916 302 2968 mini]
325 2916 495 2956 domino
522 2916 602 2954 TU
764 2927 811 2964 14
837 2929 931 2954 meo
951 2915 1046 2955 hab.
1075 2915 1179 2954 TU:
1209 2929 1290 2956 om.
1315 2915 1405 2954 ΑΚ
1534 2918 1583 2954 16
1605 2913 1736 2965 Quid]
1759 2914 1855 2964 quia
1875 2915 1915 2952 A

180 2983 225 3020 17
256 2972 398 3010 evenit
414 2971 514 3009 mihi
534 2971 574 3007 Α
691 2982 739 3019 19
769 2970 993 3009 cubiculari
1015 2970 1055 3007 U
1162 2983 1210 3008 21
1244 2971 1371 3010 etiam
1389 2976 1431 3008 et
1445 2983 1484 3020 q.
1509 2970 1550 3007 U
1655 2981 1706 3017 23
1737 2968 1916 3020 perlegi]

175 3037 254 3076 per
274 3025 329 3066 eli
349 3025 394 3064 K
523 3035 574 3074 25
595 3024 747 3063 dilecto
769 3024 837 3063 K:
867 3024 1032 3064 delecto
1054 3024 1108 3062 Β1
1223 3026 1275 3062 26
1305 3025 1459 3064 domne
1481 3023 1751 3064 beatissimae
1771 3021 1838 3061 K:
1878 3024 1916 3063 d.

174 3092 255 3119 om.
282 3078 324 3118 U
449 3093 502 3130 3ο
521 3079 716 3118 insitione
743 3078 795 3117 U1
