2176 3424
1108 129 1382 178 ISIDORI

500 253 700 316 Cygnus
737 253 787 302 in
822 255 1055 318 auspiciis
1091 273 1286 321 semper
1317 260 1612 310 laetissimus
1646 265 1773 313 ales:

498 335 631 383 hunc
668 345 843 399 optant
879 347 1072 398 nautae,
1114 341 1230 402 quia
1265 357 1319 390 se
1355 359 1459 391 non
1496 344 1668 407 mergit
1706 346 1755 393 in
1795 347 1967 395 undas.

271 425 339 459 20
362 415 581 465 Struthio
619 418 811 466 Graeco
849 419 1051 469 nomine
1089 420 1280 482 dicitur,
1322 426 1460 487 quod
1495 425 1677 474 animal
1709 428 1759 475 in
1788 427 2110 477 similitudine

361 496 463 545 avis
489 497 665 561 pinnas
691 501 873 550 habere
900 501 1092 551 videtur
1110 522 1122 564 3
1159 514 1326 554 tamen
1351 508 1414 555 de
1440 515 1564 556 terra
1587 508 1732 558 altius
1758 527 1859 559 non
1881 512 2106 560 elevatur.

364 580 472 628 Ova
497 597 586 628 sua
610 582 774 631 fovere
791 583 1004 648 neglegit
1026 603 1038 645 3
1063 587 1151 635 sed
1171 586 1390 650 proiecta
1406 593 1758 640 tantummodo
1774 593 1879 641 fotu
1900 593 2112 656 pulveris
2137 619 2160 660 5

286 674 341 709 21
361 663 656 711 animantur.
729 666 896 714 Ardea
931 676 1106 716 vocata
1154 668 1295 731 quasi
1345 671 1517 731 ardua,
1553 670 1604 720 id
1643 682 1717 721 est
1754 683 1952 736 propter
1987 676 2112 723 altos

363 745 568 793 volatus.
645 748 875 795 Lucanus
903 748 969 812 (5,
992 750 1108 813 554)
1133 770 1142 798 :

827 831 1081 894 Quodque
1118 848 1237 880 ausa
1275 835 1437 882 volare
1474 837 1652 884 Ardea.

362 904 616 954 Formidat
658 908 791 955 enim
832 908 1028 968 imbres,
1075 918 1122 958 et
1162 928 1306 975 supra
1348 913 1506 961 nubes
1556 911 1730 973 evolat,
1771 925 1823 963 ut
1871 917 2110 978 procellas

360 984 568 1033 nubium
597 987 776 1037 sentire
804 1007 904 1038 non
930 991 1098 1053 possit.
1175 994 1305 1043 Cum
1330 1004 1498 1043 autem
1524 994 1668 1044 altius
1695 996 1943 1056 volaverit,
1969 996 2112 1060 signi·
2141 1026 2172 1054 ῃ

272 1081 336 1116 22
360 1067 474 1114 ficat
499 1077 859 1131 tempestatem.
916 1075 1064 1122 Hanc
1093 1075 1234 1123 multi
1260 1078 1528 1125 Tantalum
1555 1077 1829 1127 nominant.
1889 1079 2110 1128 Phoenix

360 1148 572 1199 Arabiae
597 1151 712 1212 avis,
743 1152 877 1202 dicta
897 1157 1034 1217 quod
1061 1158 1277 1206 colorem
1305 1159 1637 1221 phoeniceum
1656 1160 1849 1220 habeat,
1878 1163 1952 1210 vel
1973 1163 2109 1224 quod

359 1229 419 1278 sit
456 1230 506 1279 in
540 1241 646 1282 toto
677 1235 796 1284 orbe
831 1235 1087 1300 singularis
1125 1248 1174 1287 et
1204 1239 1363 1289 unica.
1438 1243 1570 1290 Nam
1597 1242 1786 1291 Arabes
1814 1242 2108 1306 singularem

361 1317 371 1336 ⁴
388 1314 712 1376 phoenicem⁷
739 1328 930 1367 vocant.
996 1322 1141 1369 Haec
1166 1321 1447 1385 quingentis
1465 1325 1590 1371 ultra
1608 1325 1749 1373 annis
1776 1324 1961 1386 vivens,
1987 1326 2107 1373 dum

357 1412 408 1443 se
438 1396 612 1445 viderit
646 1399 881 1460 senuisse,
911 1401 1130 1451 collectis
1162 1413 1440 1452 aromatum
1468 1405 1680 1468 virgulis,
1706 1423 1878 1469 rogum
1910 1406 2003 1455 sibi
2039 1406 2108 1454 in-
2136 1432 2149 1461 1
2158 1435 2176 1475 ἓ

357 1477 510 1538 struit,
539 1489 586 1528 et
613 1497 850 1530 conversa
879 1484 943 1531 ad
977 1483 1169 1533 radium
1205 1485 1320 1535 solis
1354 1488 1540 1535 alarum
1575 1490 1750 1550 plausu
1775 1487 2105 1537 voluntarium

357 1557 449 1608 sibi
474 1559 762 1611 incendium
789 1565 952 1626 nutrit,
983 1568 1152 1629 sicque
1178 1566 1354 1617 iterum
1389 1570 1452 1618 de
1487 1568 1733 1619 cineribus
1763 1570 1862 1619 suis
1887 1570 2103 1633 resurgit.

267 1657 332 1703 23
358 1639 716 1707 Cinnamolgus
754 1655 802 1694 et
837 1645 942 1709 ipsa
966 1647 1180 1697 Arabiae
1216 1649 1332 1710 avis,
1361 1650 1571 1713 proinde
1604 1651 1670 1700 ita
1695 1661 1868 1701 vocata
1894 1653 2030 1715 quod
2056 1653 2104 1700 in

356 1724 559 1773 excelsis
577 1727 864 1777 nemoribus
886 1729 1003 1778 texit
1020 1730 1164 1780 nidos
1183 1749 1241 1780 ex
1261 1731 1518 1782 fruticibus
1539 1734 1778 1783 cinnami:
1805 1744 1853 1783 et
1869 1733 2106 1798 quoniam

356 1822 456 1854 non
483 1818 692 1869 possunt
725 1809 793 1859 ibi
825 1811 1053 1861 homines
1085 1816 1421 1864 conscendere
1451 1827 1649 1879 propter
1674 1833 1922 1865 ramorum
1948 1815 2105 1864 altitu·
2133 1838 2173 1865 2c

356 1887 526 1937 dinem
553 1899 600 1938 et
625 1892 948 1954 fragilitatem,
978 1896 1182 1944 eosdem
1209 1895 1354 1945 nidos
1374 1898 1641 1960 plumbatis
1658 1907 1899 1961 appetunt
1919 1896 2101 1956 iaculis,

354 1987 411 2018 ac
438 1970 507 2019 sic
532 1973 763 2022 cinnama
796 1974 878 2023 illa
911 1977 1183 2039 deponunt,
1214 1987 1262 2027 et
1305 1978 1471 2042 pretiis
1502 1979 1824 2043 amplioribus
1851 1980 2105 2039 vendunt3

358 2050 459 2118 [eo]
504 2057 640 2116 quod
680 2055 967 2106 cinnamum
1013 2059 1166 2122 magis
1210 2077 1360 2123 quam
1402 2061 1496 2110 alia
1539 2072 1833 2111 mercatores
1875 2061 2100 2125 probent.

266 2148 332 2195 24
358 2134 601 2186 Psittacus
629 2139 804 2188 Indiae
829 2140 1053 2191 litoribus
1069 2142 1295 2206 gignitur,
1315 2144 1482 2192 colore
1498 2143 1652 2204 viridi,
1673 2154 1847 2207 torque
1873 2143 2098 2207 puniceo,

354 2217 527 2279 grandi
553 2218 717 2283 lingua
744 2231 791 2271 et
817 2223 991 2272 ceteris
1007 2223 1180 2273 avibus
1198 2225 1380 2274 latiore.
1444 2227 1593 2274 Vnde
1612 2235 1661 2275 et
1679 2226 1933 2275 articulata
1953 2225 2100 2275 verba
2127 2252 2146 2279 2
2155 2251 2176 2291 5

355 2299 593 2362 exprimit,
621 2302 688 2351 ita
714 2313 767 2353 ut
793 2307 831 2353 si
858 2323 968 2354 eam
994 2324 1096 2356 non
1122 2306 1314 2368 videris,
1343 2307 1598 2357 hominem
1635 2308 1771 2371 loqui
1796 2318 1953 2371 putes.
2026 2309 2100 2356 Ex

354 2390 527 2430 natura
550 2394 718 2434 autem
745 2389 922 2437 salutat
948 2388 1121 2438 dicens
1145 2411 1154 2439 ε
1196 2395 1207 2416 ‘
1223 2391 1379 2450 have‚'
1405 2393 1480 2439 vel
1504 2395 1650 2456 χαῖρε.
1692 2393 1869 2441 Cetera
1896 2391 2100 2440 nomina

352 2464 661 2517 institutione
687 2468 845 2519 discit.
922 2473 1059 2520 Hinc
1085 2482 1158 2521 est
1183 2472 1306 2522 illud
1333 2472 1501 2537 (Mart.
1528 2490 1600 2534 14,
1625 2473 1737 2538 73):

412 2607 427 2632 1
461 2596 693 2637 laetissima
713 2600 804 2638 avis
825 2601 871 2638 K
978 2615 1002 2639 2
1033 2603 1174 2652 quaK
1255 2616 1343 2642 non
1363 2616 1409 2642 se
1434 2603 1495 2642 C:
1526 2616 1609 2642 non
1627 2618 1709 2642 om.
1737 2603 1791 2641 Β1
1901 2617 1926 2653 3
1947 2604 2101 2643 dicitur

352 2662 435 2688 om.
458 2651 505 2689 K
611 2665 635 2702 5
666 2653 754 2693 foto
775 2655 848 2694 K:
878 2656 966 2694 fetu
993 2656 1031 2694 T
1136 2659 1162 2696 8
1191 2670 1359 2707 quoque
1380 2670 1484 2697 ausu
1506 2658 1677 2697 avolare
1700 2658 1749 2696 Cl
1860 2673 1887 2708 9
1916 2659 2100 2709 superB

352 2705 466 2743 volat
487 2706 534 2744 K
674 2721 717 2746 11
750 2711 955 2748 tantulum
980 2711 1014 2750 C
1181 2725 1229 2750 12
1259 2713 1358 2762 quia
1382 2713 1417 2751 C
1552 2714 1680 2752 habet
1703 2715 1738 2753 C
1905 2727 1952 2764 14
1983 2713 2098 2764 voc.]

353 2761 511 2799 habent
529 2762 570 2799 Β
680 2764 942 2812 quinnientis
961 2766 1008 2804 K
1115 2780 1212 2806 ann.
1235 2767 1310 2806 ult.
1337 2767 1371 2806 C
1482 2780 1530 2817 15
1560 2769 1759 2806 aromatis
1780 2768 1830 2806 Cl
1947 2781 1992 2817 17
2024 2768 2096 2819 de]
2174 2780 2176 2783 ’

354 2815 394 2852 in
410 2815 457 2853 K
539 2816 798 2857 cinerinibus
820 2819 876 2857 Bl
961 2821 1097 2870 surgit
1125 2821 1195 2860 TC
1305 2823 1353 2859 18
1374 2822 1654 2872 Cinomolgus
1674 2823 1780 2861 BU:
1817 2822 2098 2872 Cinomulgus

356 2871 416 2908 C:
447 2871 764 2921 Cennomulgos
783 2873 858 2912 K:
887 2875 1194 2926 Chinomolgus
1223 2875 1260 2914 T
1409 2877 1466 2916 ita
1486 2891 1569 2917 om.
1598 2877 1636 2915 T
1842 2890 1891 2927 19
1920 2883 2039 2916 texet
2069 2877 2106 2915 T

355 2925 555 2964 fructibus
585 2925 622 2964 T
725 2941 779 2966 20
799 2928 911 2969 horn.
936 2930 992 2968 ibi
1019 2930 1054 2969 C
1161 2943 1210 2968 21
1235 2931 1311 2970 iac.
1332 2961 1341 2970 .
1365 2961 1374 2970 .
1400 2963 1408 2971 .
1432 2932 1527 2982 dep.
1547 2935 1639 2983 post
1656 2932 1778 2970 vend.
1801 2930 1848 2969 K
1955 2945 2007 2970 22
2027 2930 2096 2982 ac]

353 2991 445 3018 cum
480 2981 527 3019 K
635 2982 707 3020 illu
741 2982 829 3021 K1:
859 2983 962 3022 illud
997 2984 1078 3023 K2:
1111 2986 1204 3035 ipsa
1223 2985 1265 3023 Β
1431 2999 1484 3037 23
1514 2999 1564 3025 eo
1591 2986 1686 3026 hab.
1708 2985 1893 3025 BCTU:
1923 3001 2005 3027 om.
2024 2987 2094 3026 K:

352 3047 409 3072 an
429 3035 537 3075 hoc?
686 3036 879 3076 cinnama
917 3038 997 3078 TU
1156 3053 1207 3090 24
1239 3040 1307 3080 Ps.
1331 3040 1373 3079 in
1411 3041 1503 3080 Ind.
1528 3039 1608 3078 BC
1768 3043 1820 3080 26
1849 3042 2030 3082 videaris
2063 3039 2100 3079 C

352 3094 441 3138 put.
464 3089 517 3128 lo.
535 3091 580 3130 K
687 3104 739 3141 27
771 3097 814 3131 et
834 3098 912 3133 cet.
947 3092 985 3131 T
2173 3098 2176 3105 '
