2228 3444
74 1078 121 1106 10

78 1910 128 1937 20

399 193 1031 242 ETYMOLOGIARVM
1074 192 1202 238 LIB.
1226 146 1312 238 οΙΙ,
1354 191 1475 246 xxvi,
1503 189 1628 236 xxvii

143 329 214 375 Ex
242 325 315 373 his
343 340 521 372 novem
548 321 889 370 accidentibus
916 320 1004 368 tria
1032 319 1157 368 intra
1178 321 1334 367 usiam
1357 327 1483 378 sunt,
1503 317 1750 380 quantitas
1779 316 1883 383 [et],

141 407 348 471 qualitas
375 415 421 454 et
447 404 581 453 situs.
636 405 779 451 Haec
800 401 931 450 enim
959 401 1064 449 sine
1090 400 1195 449 usia
1220 416 1327 448 esse
1345 416 1445 447 non
1463 408 1685 462 possunt.
1742 401 1888 446 Extra

142 490 295 539 usiam
323 504 439 537 vero
464 495 578 535 sunt
603 486 756 542 locus,
785 492 979 546 tempus
1006 492 1053 531 et
1079 481 1277 531 habitus
1296 500 1308 542 ;
1345 481 1471 529 intra
1500 489 1548 528 et
1574 488 1706 529 extra
1731 480 1887 528 usiam

142 581 255 620 sunt
279 569 464 629 relatio,
491 570 649 617 facere
683 574 731 614 et
763 565 877 629 pati.
952 565 1239 627 Appellatas
1273 571 1439 611 autem
1474 561 1744 625 categorias
1778 578 1890 609 con—
1912 573 1968 619 14

142 663 249 712 stat,
283 652 397 716 quia
430 667 531 699 non
567 656 776 712 possunt
809 645 902 694 nisi
939 663 998 694 ex
1034 644 1268 693 subiectis
1301 645 1517 706 agnosci.
1594 642 1719 704 Quis
1758 645 1889 690 enim

142 735 262 798 quid
299 734 360 782 sit
398 734 551 780 homo
591 729 745 794 possit
787 743 1068 790 agnoscere,
1108 725 1203 774 nisi
1246 724 1462 788 aliquem
1501 724 1756 772 hominem
1799 723 1891 772 sibi

142 825 294 880 ponat
318 823 433 863 ante
454 815 637 871 ocuIOS,
658 810 797 874 quasi
817 808 1094 858 subiectum
1117 806 1347 856 nomini?
1419 809 1536 854 Hoc
1563 823 1688 869 opus
1711 805 1894 853 Aristo·
1916 816 1970 864 15

141 898 250 947 telis
271 897 656 959 intellegendum
678 902 763 951 est,
785 892 1000 955 quando,
1022 890 1146 938 sicut
1167 889 1355 938 dictum
1374 898 1462 949 est,
1482 887 1725 951 quidquid
1742 889 1895 935 homo

143 980 371 1043 loquitur,
407 981 531 1026 inter
565 978 740 1025 decem
771 974 863 1022 ista
895 974 1298 1037 praedicamenta
1329 971 1588 1020 habentur.
1666 969 1896 1018 Proficiet

144 1063 291 1112 etiam
308 1063 372 1110 ad
388 1061 537 1109 libros
554 1058 928 1121 intellegendos,
949 1057 1031 1118 qui
1050 1055 1151 1103 sive
1170 1053 1475 1102 Rhetoribus
1493 1052 1594 1101 sive
1613 1051 1897 1100 Dialecticis

145 1144 467 1207 adplicantur.

283 1229 365 1274 DE
393 1236 828 1272 PERrHERMENus.
906 1221 1135 1282 Sequitur
1156 1217 1339 1266 dehinc
1365 1217 1487 1265 liber
1509 1214 1900 1265 Perihermenias
1923 1222 2088 1262 XXVII

148 1307 492 1358 subtilissimus
536 1305 695 1365 nimis,
734 1313 780 1352 et
821 1319 905 1366 per
938 1301 1092 1351 varias
1138 1302 1318 1349 formas
1357 1298 1740 1361 iterationesque
1784 1314 1898 1345 cau-

147 1391 377 1451 tissimus,
417 1391 480 1438 de
521 1405 620 1452 quo
664 1386 870 1435 dicitur:
922 1383 1225 1440 Aristoteles,
1267 1382 1469 1444 quando
1509 1379 1899 1429 Perihermenias

149 1472 465 1537 scriptitabat,
494 1473 740 1520 calamum
776 1468 824 1515 in
861 1476 1026 1516 mente
1059 1464 1328 1528 tinguebat.
1405 1462 1648 1511 Praefatio
1684 1462 1901 1511 Periher-
1922 1477 1952 1510 2

149 1555 438 1605 meniarum.
516 1551 693 1603 Omnis
714 1550 898 1614 quippe
918 1566 1008 1609 res,
1030 1563 1158 1610 quae
1184 1564 1282 1595 una
1308 1554 1380 1594 est
1406 1554 1454 1594 et
1475 1562 1575 1593 uno
1602 1544 1902 1607 significatur

149 1654 390 1695 sermone,
430 1645 513 1684 aut
550 1652 635 1698 per
672 1649 857 1682 nomen
895 1631 1210 1694 significatur,
1250 1638 1334 1676 aut
1370 1645 1457 1691 per
1495 1627 1728 1676 verbum:
1773 1641 1901 1688 quae

150 1722 277 1768 duae
293 1726 454 1783 partes
481 1715 715 1766 orationis
742 1715 1124 1777 interpretantur
1149 1720 1326 1770 totum,
1348 1708 1592 1772 quidquid
1621 1706 1902 1771 conceperit

151 1818 292 1850 mens
343 1802 406 1849 ad
456 1799 779 1862 loquendum.
869 1794 1047 1844 Omnis
1099 1792 1231 1841 enim
1270 1791 1486 1840 elocutio
1523 1799 1796 1852 conceptae
1833 1787 1901 1837 rei

151 1885 330 1933 mentis
367 1884 603 1945 interpres
642 1889 728 1929 est.
803 1880 954 1925 Hanc
987 1875 1292 1935 Aristoteles,
1322 1874 1392 1921 vir
1428 1874 1478 1921 in
1516 1889 1676 1921 rerum
1715 1887 1902 1934 expres-
1926 1886 1956 1932 3

152 1965 291 2015 sione
341 1973 389 2013 et
442 1961 680 2012 faciendis
731 1958 1042 2010 sermonibus
1094 1955 1430 2020 peritissimus,
1484 1952 1900 2003 Perihermeniam

151 2046 389 2105 nominat,
410 2062 557 2108 quam
581 2043 1035 2106 interpretationem
1062 2055 1153 2087 nos
1178 2039 1484 2101 appellamus
1504 2055 1516 2096 3
1554 2035 1739 2084 scilicet
1765 2035 1902 2098 quod

151 2147 226 2178 res
253 2136 419 2178 mente
445 2135 710 2188 conceptas
737 2122 937 2188 prolatis
964 2120 1274 2170 sermonibus
1300 2121 1643 2183 interpretetur
1668 2135 1754 2181 per
1779 2126 1903 2166 cata-

153 2203 329 2274 phasin
355 2218 403 2258 et
428 2206 717 2271 apophasin,
746 2205 797 2254 id
824 2213 897 2253 est
921 2201 1318 2252 adfirmationem
1345 2209 1393 2249 et
1418 2201 1747 2262 negationem.
1811 2202 1903 2248 Per

153 2291 564 2349 adfirmationem,
593 2298 646 2338 ut
675 2290 828 2336 homo
858 2286 1035 2343 currit3
1074 2300 1159 2347 per
1184 2281 1513 2346 negationem,
1543 2290 1595 2329 ut
1621 2282 1774 2330 homo
1800 2299 1902 2330 non

154 2373 315 2423 currit.
389 2375 450 2421 In
481 2373 555 2420 his
588 2373 754 2433 itaque
789 2366 1168 2417 Perihermeniis
1203 2381 1348 2427 supra
1377 2363 1538 2413 dictus
1575 2363 1902 2426 philosophus
1923 2378 1956 2424 4

155 2460 218 2507 de
254 2465 442 2519 septem
481 2452 740 2517 speciebus
778 2458 964 2508 tractat,
998 2448 1048 2497 id
1086 2456 1158 2496 est
1195 2448 1258 2495 de
1295 2445 1511 2505 nomine,
1548 2446 1611 2493 de
1646 2443 1811 2502 verbo,
1841 2444 1903 2491 de

155 2539 389 2597 oratione,
429 2538 492 2585 de
530 2532 883 2590 enuntiatione,
925 2532 988 2578 de
1024 2527 1381 2586 adfirmatione,
1423 2527 1486 2575 de
1523 2527 1799 2588 negatione,
1841 2526 1903 2572 de

156 2618 559 2671 contradictione.
638 2618 837 2664 Nomen
870 2621 942 2661 est
976 2628 1070 2660 vox
1104 2609 1426 2674 significativa
1456 2609 1733 2656 secundum
1760 2607 1903 2669 placi·
1925 2614 1956 2662 5

217 2765 233 2789 1
266 2751 347 2789 tria
367 2762 449 2787 om.
481 2747 518 2785 T
623 2752 665 2784 et
687 2745 779 2784 hab.
802 2742 942 2781 BCT:
975 2754 1057 2780 om.
1084 2739 1129 2777 K
1248 2750 1274 2786 3
1303 2750 1364 2777 us.
1390 2737 1540 2775 relatio
1568 2735 1605 2773 T
1707 2749 1731 2783 4
1763 2735 1903 2773 facere

158 2805 346 2844 ABCT:
373 2816 501 2853 agere
523 2801 568 2839 K
702 2804 843 2837 autem
863 2810 944 2835 om.
962 2795 1008 2835 K
1170 2805 1194 2842 5
1225 2793 1339 2831 enim
1358 2805 1442 2831 om.
1458 2790 1504 2828 K
1667 2803 1688 2839 7
1721 2786 1902 2837 nomini]

159 2859 321 2900 homini
343 2859 381 2898 T
459 2859 484 2895 8
513 2854 743 2905 sicquando
765 2852 827 2891 T:
856 2851 1052 2901 quoniam
1070 2848 1110 2886 A
1198 2862 1224 2898 9
1253 2847 1432 2885 habetur
1447 2845 1562 2885 detta
1595 2858 1675 2884 om.
1698 2843 1743 2881 K
1807 2855 1901 2892 pro-

161 2916 273 2954 ficiat
290 2913 382 2952 AK
546 2923 597 2949 10
624 2908 717 2960 qui]
739 2907 852 2958 quod
873 2905 919 2943 K
1076 2917 1121 2941 11
1154 2903 1426 2952 adponuntur
1447 2899 1488 2937 Β
1635 2900 1683 2935 16
1713 2896 1775 2947 et]
1798 2901 1843 2934 ut
1867 2895 1906 2934 T

164 2971 212 3009 18
241 2968 370 3019 duae]
392 2968 543 3006 ductae
568 2963 620 3003 C1
677 2961 875 3011 concepit
892 2959 973 2999 BC
1083 2970 1131 3008 19
1157 2956 1440 3006 eloquendum
1455 2954 1536 2994 BC
1643 2965 1695 2990 20
1718 2950 1906 2989 menteC

160 3025 224 3062 vir
241 3023 305 3075 in]
327 3023 411 3061 vim
431 3021 476 3058 K
583 3032 635 3058 22
663 3031 744 3068 qua
763 3028 844 3055 nos
864 3015 1019 3064 interp.
1048 3012 1086 3051 T
1163 3009 1298 3061 quod]
1318 3011 1388 3060 qui
1414 3009 1452 3047 T
1557 3018 1607 3054 23
1637 3011 1844 3055 concepta
1869 3005 1907 3043 T

162 3077 349 3128 probatis
368 3076 414 3115 K
522 3076 856 3123 interpretentur
882 3069 940 3108 T:
972 3069 1307 3116 interpretantur
1325 3064 1372 3103 K
1512 3075 1563 3110 24
1595 3067 1638 3100 et
1660 3059 1898 3110 apophasin

163 3145 247 3171 om.
276 3131 312 3170 T
420 3130 502 3169 Per
522 3142 603 3168 om.
635 3127 671 3166 T
810 3127 861 3163 28
892 3123 1054 3162 ratione
1083 3122 1121 3160 T
