2228 3444
1123 178 1398 227 ISIDORI

380 301 454 350 nis
483 303 732 354 mentibus
758 307 962 355 trahitur
989 306 1261 358 similitudo
1286 311 1350 358 ad
1386 312 1566 371 Deum,
1587 310 1712 360 sicut
1737 322 1810 361 est
1837 312 2134 363 obliviscens

378 394 426 432 et
453 402 748 453 memorans.
803 387 938 437 Hinc
958 399 1032 438 est
1052 391 1189 453 quod
1215 400 1262 440 et
1289 393 1538 456 Propheta
1563 393 1683 443 dicit
1700 393 1897 459 (Ierem.
1923 411 1998 458 51,
2024 395 2104 460 14)
2126 416 2135 445 ε

383 468 597 517 ‘Iuravit
636 471 883 519 Dominus
921 471 1223 522 exercituum
1263 491 1349 537 per
1383 474 1602 525 animam
1637 479 1833 526 suam':
1871 494 1974 526 non
1999 480 2135 541 quod

284 557 348 607 37
382 550 520 598 Deus
545 550 761 600 animam
789 554 984 614 habeat,
1022 556 1109 604 sed
1143 557 1239 604 hoc
1272 565 1442 606 nostro
1477 567 1638 606 narrat
1662 561 1853 608 affectu.
1929 561 2059 608 Nam
2087 569 2135 609 et

378 630 526 680 facies
568 634 662 682 Dei
700 633 750 681 in
787 635 1048 699 Scripturis
1086 637 1267 687 sanctis
1304 656 1407 687 non
1447 657 1573 700 caro,
1603 642 1691 690 sed
1726 640 1892 690 divina
1916 641 2134 706 cognitio
2159 659 2181 700 5

378 711 688 776 intellegitur,
717 718 892 765 eadem
920 717 1108 768 ratione
1140 736 1237 782 qua
1262 738 1348 784 per
1373 723 1550 771 faciem
1578 732 1898 787 conspectam
1924 724 2134 788 quisque

380 795 707 858 cognoscitur.
783 801 900 847 Hoc
927 799 1058 847 enim
1078 799 1128 848 in
1155 801 1378 852 oratione
1403 803 1581 853 dicitur
1600 807 1711 854 Deo
1730 805 1931 871 (Psalm.
1953 809 2030 866 80,
2051 807 2102 870 4)
2125 826 2133 855 :

385 881 395 901 ‘
413 878 638 926 Ostende
664 879 809 929 nobis
835 881 1011 930 faciem
1037 892 1173 932 tuam
1192 885 1230 932 ':
1267 901 1324 933 ac
1350 887 1389 933 si
1409 885 1627 937 dicatur:
1669 892 1680 913 ‘
1699 891 1775 937 Da
1801 887 1947 937 nobis
1974 888 2136 951 cogni-

293 962 358 1022 38
382 958 570 1008 tionem
608 963 773 1010 tuam.'
845 963 924 1013 Sic
962 973 1009 1013 et
1035 967 1238 1030 vestigia
1274 967 1370 1016 Dei
1407 968 1649 1029 dicuntur,
1678 970 1794 1033 quia
1826 987 1959 1018 nunc
1998 973 2135 1018 Deus

381 1058 468 1104 per
493 1045 749 1106 speculum
784 1047 1080 1109 agnoscitur,
1106 1049 1170 1096 ad
1203 1050 1475 1111 perfectum
1501 1068 1617 1100 vero
1651 1053 1969 1115 omnipotens
2002 1069 2134 1116 repe·
2162 1071 2211 1098 10

380 1122 514 1184 ritur,
540 1126 661 1173 dum
688 1125 739 1174 in
775 1129 994 1176 futurum
1031 1128 1156 1178 facie
1192 1132 1256 1179 ad
1290 1132 1466 1180 faciem
1501 1132 1782 1197 quibusque
1810 1134 1978 1183 electis
2003 1152 2135 1198 prae-

380 1206 666 1268 sentabitur,
686 1218 738 1258 ut
764 1210 920 1273 ipsam
948 1210 1166 1274 speciem
1193 1215 1603 1277 contemplentur,
1624 1215 1761 1264 cuius
1782 1233 1915 1265 nunc
1934 1216 2137 1280 vestigia

381 1291 789 1353 conprehendere
825 1301 1081 1354 conantur,
1110 1295 1206 1343 hoc
1243 1304 1333 1356 est,
1370 1313 1519 1359 quem
1556 1297 1721 1346 videre
1757 1315 1842 1361 per
1879 1300 2135 1362 speculum

286 1384 357 1434 39
382 1373 573 1422 dicitur.
648 1375 779 1422 Nam
807 1383 855 1423 et
888 1376 1008 1424 situs
1043 1385 1091 1424 et
1124 1376 1322 1426 habitus
1356 1387 1404 1427 et
1430 1379 1567 1428 locus
1599 1388 1646 1428 et
1671 1388 1866 1443 tempus
1892 1379 1942 1428 in
1971 1383 2134 1429 Deum

380 1472 481 1503 non
506 1454 716 1519 proprie,
745 1458 833 1505 sed
870 1473 956 1519 per
989 1457 1363 1509 similitudinem
1398 1463 1629 1511 translate
1655 1460 1916 1523 dicuntur3
1952 1462 2136 1526 quippe
2162 1478 2210 1519 15

379 1537 752 1603 (Psalm.99,1)
795 1541 993 1589 ‘sedere
1036 1557 1182 1605 super
1224 1543 1509 1592 Cherubin'
1546 1543 1741 1605 dicitur,
1778 1546 1914 1608 quod
1958 1554 2031 1593 est
2071 1545 2136 1593 ad

380 1617 560 1679 situm,
603 1629 650 1668 et
683 1619 886 1684 (Psalm.
915 1638 1025 1682 104,
1043 1622 1125 1687 6):
1182 1624 1457 1687 ‘Abyssum
1497 1635 1751 1690 tamquam
1787 1626 2135 1676 vestimentum

378 1701 620 1761 amictus,⁷
648 1704 783 1765 quod
810 1713 883 1752 est
907 1705 973 1754 ad
998 1704 1224 1754 habitum
1243 1725 1255 1767 3
1293 1716 1340 1756 et
1368 1709 1568 1772 (Psalm.
1596 1726 1700 1769 102,
1726 1708 1836 1773 28):
1879 1707 2040 1756 ‘Anni
2066 1709 2134 1756 tui

381 1801 484 1832 non
521 1783 785 1844 deficient,'
819 1788 956 1849 quod
993 1789 1057 1836 acl
1095 1796 1291 1852 tempus
1330 1791 1540 1853 pertinet
1560 1809 1571 1851 3
1615 1801 1662 1840 et
1698 1790 1900 1855 (Psalm.
1927 1807 2031 1853 139,
2053 1790 2134 1855 8):

287 1881 357 1927 40
385 1866 462 1916 ‘Si
488 1868 759 1916 ascendero
794 1867 844 1915 in
870 1870 1075 1928 caelum,
1106 1879 1156 1918 tu
1191 1870 1258 1918 ibi
1293 1873 1375 1930 es,'
1401 1873 1536 1935 quod
1569 1874 1632 1921 ad
1666 1874 1846 1921 locum.
1920 1875 2050 1921 Nam
2086 1880 2134 1920 et
2160 1893 2212 1920 20

381 1948 431 1997 in
471 1951 719 2013 Propheta
750 1948 927 2016 (Amos
949 1969 992 2012 2,
1017 1950 1126 2016 13):
1169 1956 1180 1976 ‘
1202 1953 1410 2001 Plaustri
1444 1953 1683 2017 portantis
1717 1955 1913 2003 fenum'
1947 1952 2134 2016 species

381 2033 445 2080 ad
474 2033 637 2080 Deum
665 2031 855 2080 dicitur.
932 2034 996 2081 Et
1022 2034 1145 2082 haec
1172 2034 1339 2082 omnia
1364 2052 1450 2098 per
1475 2036 1678 2098 figuram
1701 2038 1857 2097 Deus,
1873 2035 1988 2098 quia
2013 2034 2135 2083 nihil

382 2122 455 2161 est
480 2114 656 2161 horum
684 2114 747 2162 ad
774 2113 1124 2176 proprietatem
1151 2115 1455 2165 substantiae
1481 2116 1599 2166 eius.

318 2197 357 2235 ΙΙ
520 2197 600 2242 DE
629 2197 778 2244 FILIO
807 2198 924 2244 DEI.
999 2196 1172 2245 Multis
1206 2197 1353 2246 etiarn
1386 2198 1547 2247 modis
1575 2199 1800 2249 Christus
1825 2198 2058 2263 appellari
2085 2198 2135 2247 in

383 2275 632 2340 scripturis
665 2276 911 2325 invenitur
947 2276 1138 2326 divinis.
1215 2281 1345 2327 Nam
1382 2278 1487 2342 ipse
1527 2280 1621 2329 Dei
1659 2280 1814 2329 Patris
1839 2280 2134 2344 Vnigenitus
2162 2302 2212 2343 25

384 2359 525 2418 filius,
545 2359 666 2408 dum
692 2369 820 2408 esset
839 2360 1058 2422 aequalis
1078 2359 1220 2420 Patri,
1242 2369 1440 2424 propter
1456 2363 1662 2410 salutern
1684 2371 1900 2411 nostram
1926 2364 2134 2412 formam

384 2440 507 2489 servi
532 2440 738 2504 accepit.
812 2440 1028 2490 Proinde
1065 2443 1310 2505 quaedam
1341 2442 1544 2492 nomina
1580 2443 1631 2492 in
1667 2444 1751 2493 illo
1776 2462 1835 2494 ex
1868 2444 2135 2494 divinitatis

385 2522 676 2584 substantia,
712 2524 958 2586 quaedam
1001 2540 1059 2571 ex
1101 2523 1470 2587 dispensatione
1513 2535 1771 2589 susceptae
1817 2525 2135 2575 humanitatis

332 2619 362 2655 2
385 2606 649 2668 adsumpta
675 2614 801 2654 sunt.
878 2604 1102 2655 Christus
1140 2622 1356 2669 namque
1388 2623 1418 2654 a
1442 2606 1704 2657 chrismate
1741 2616 1814 2657 est
1846 2609 2132 2672 appellatus,

439 2750 464 2775 2
494 2741 559 2774 est
580 2736 693 2786 quod
715 2748 798 2775 om.
821 2733 868 2772 K
1031 2741 1072 2774 et
1094 2749 1176 2775 om.
1209 2734 1261 2773 Tl
1284 2734 1386 2787 (non
1412 2735 1470 2787 V)
1637 2750 1662 2786 4
1689 2737 1765 2776 sed
1786 2737 1868 2776 hoc
1888 2735 2038 2775 BTV:
2058 2737 2134 2776 sed

384 2793 498 2841 quod
520 2789 586 2830 K:
619 2790 695 2829 sed
717 2803 799 2840 que
823 2789 873 2828 Cl
1058 2796 1250 2829 nostrum
1271 2803 1338 2828 na.
1359 2790 1557 2830 affectum
1581 2790 1628 2829 K
1815 2803 1840 2841 5
1872 2791 2030 2831 sanctis
2049 2805 2130 2831 om.

385 2846 446 2884 Kl
557 2846 583 2884 6
613 2846 794 2884 eandem
817 2845 869 2883 Cl
1005 2844 1107 2895 qua]
1129 2845 1229 2895 quia
1249 2843 1371 2883 BCT
1479 2858 1530 2884 10
1558 2846 1828 2897 repperietur
1847 2845 1881 2885 C
2010 2857 2058 2884 12
2091 2851 2136 2884 ut

386 2902 429 2939 in
450 2900 544 2950 ipsa
564 2900 707 2951 specie
727 2899 1040 2949 contempletur
1060 2899 1106 2937 K
1238 2912 1286 2948 14
1318 2898 1515 2939 dicuntur
1537 2899 1572 2939 C
1714 2901 1756 2938 in
1779 2901 1860 2939 deo
1882 2899 1930 2938 K
1947 2900 2050 2952 (non
2070 2901 2135 2948 A)

391 2968 436 3006 17
471 2953 698 3006 abyssum]
712 2954 764 2993 ab
784 2955 877 3004 ipso
894 2953 1058 3002 K(non
1076 2954 1142 3006 A)
1164 2969 1173 2994 :
1194 2954 1246 2994 ad
1259 2955 1398 3004 ipsum
1422 2954 1471 2993 Cl
1586 2957 1634 2994 18
1668 2955 1782 3005 quod
1798 2954 1884 3007 est]
1906 2955 2076 3006 quidem
2093 2954 2140 2993 K

389 3012 493 3062 (non
513 3010 575 3060 Α)
688 3010 741 3048 ab
760 3008 904 3048 habitu
926 3008 973 3047 K
990 3009 1095 3062 (non
1115 3009 1180 3062 A)
1275 3022 1329 3049 20
1349 3009 1405 3048 ibi
1426 3009 1468 3047 Β
1476 3009 1513 3048 T
1514 3010 1555 3048 V
1565 3024 1574 3049 ε
1594 3009 1678 3049 illic
1702 3008 1783 3049 CK
1889 3008 1974 3049 loc.
1994 3016 2136 3050 manet

389 3064 429 3104 in
455 3065 603 3115 proph.
627 3063 750 3104 ΒΕΖ)
935 3077 986 3114 27
1018 3064 1192 3104 nomina
1218 3095 1227 3104 .
1250 3093 1259 3103 .
1286 3093 1295 3104 .
1323 3064 1414 3104 eius
1442 3077 1598 3104 nomen
1628 3064 1732 3116 (viii.
1759 3063 1832 3116 22)
1855 3063 2005 3104 desunt
2025 3065 2067 3104 in
2088 3064 2141 3103 M

389 3121 431 3158 in
455 3120 547 3170 illo]
569 3119 639 3158 illa
660 3119 700 3157 B
811 3131 864 3168 29
894 3131 990 3158 esse
1012 3119 1252 3169 appellatus
1273 3117 1319 3157 K
