2228 3444
1110 198 1384 248 ISIDORI

365 332 496 379 Nam
545 327 797 392 proprium
846 336 920 378 est
962 337 1014 377 ut
1058 327 1216 377 litorei
1254 337 1432 377 sonent
1480 329 1684 392 scopuli,
1729 337 1777 377 et
1814 327 1968 393 (Virg.
1992 331 2114 378 Aen.

366 411 582 476 91503)²

555 495 622 541 At
658 493 778 541 tuba
814 492 1082 541 terribilem
1120 492 1337 541 sonitum
1376 493 1548 556 procul
1584 508 1696 542 aere
1734 509 1929 542 canoro.

364 574 672 624 Harmonica
709 583 782 624 est
819 574 1095 623 modulatio
1138 576 1272 623 vocis
1310 583 1358 623 et
1395 573 1750 623 concordantia
1785 575 2107 638 plurimorum

311 667 341 713 3
364 675 614 717 sonorum,
644 658 720 705 vel
745 655 1010 720 coaptatio.
1084 656 1390 720 Symphonia
1409 665 1482 704 est
1502 656 1856 706 modulationis
1877 667 2115 721 tempera-
2143 675 2165 715 5

364 750 589 789 mentum
617 755 675 787 ex
700 740 830 802 gravi
867 748 914 787 et
947 748 1095 787 acuto
1129 739 1550 787 concordantibus
1581 738 1730 798 sonis,
1759 739 1861 787 sive
1896 740 1945 787 in
1976 756 2114 799 voce,

364 822 465 871 sive
495 822 544 869 in
576 822 707 880 flatu,
737 822 839 869 sive
872 822 922 867 in
953 822 1111 883 pulsu.
1186 823 1278 869 Per
1311 821 1440 868 hanc
1475 822 1659 884 quippe
1692 837 1839 870 voces
1872 823 2116 870 acutiores

363 905 707 968 gravioresque
733 904 1054 962 concordant,
1082 890 1152 950 ita'
1174 911 1227 950 ut
1253 901 1476 965 quisquis
1502 903 1565 950 ab
1591 918 1649 951 ea
1673 904 1985 963 dissonuerit,
2015 920 2120 952 sen-

366 1004 475 1034 sum
513 987 711 1034 auditus
749 986 981 1033 offendat.
1058 983 1213 1034 Cuius
1249 985 1492 1032 contraria
1531 993 1603 1032 est
1641 984 1923 1047 diaphonia,
1958 984 2009 1034 id
2046 996 2119 1035 est

306 1087 339 1134 4
364 1086 510 1117 voces
537 1067 872 1131 discrepantes
901 1069 977 1114 vel
1003 1067 1247 1114 dissonae.
1329 1065 1595 1128 Euphonia
1626 1075 1698 1114 est
1724 1063 1936 1116 suavitas
1963 1070 2114 1118 vocis,
2146 1083 2193 1110 10

311 1162 341 1210 5
367 1153 511 1199 Haec
538 1159 585 1199 et
612 1151 768 1199 melos
794 1167 822 1197 a
848 1147 1087 1197 suavitate
1119 1156 1167 1197 et
1199 1149 1345 1196 melle
1375 1147 1521 1196 dicta.
1597 1149 1853 1197 Diastema
1881 1158 1952 1197 est
1979 1149 2113 1199 vocis

308 1236 343 1282 6
367 1234 579 1295 spatium
617 1248 676 1280 ex
718 1231 916 1280 duobus
955 1232 1030 1279 vel
1073 1230 1294 1292 pluribus
1339 1229 1473 1278 sonis
1510 1238 1747 1293 aptatum.
1841 1230 2005 1280 Diesis
2043 1241 2118 1280 est

367 1314 524 1378 spatia
549 1315 797 1377 quaedam
824 1322 872 1362 et
903 1312 1231 1362 deductiones
1262 1311 1554 1360 modulandi
1585 1321 1735 1375 atque
1759 1322 2015 1376 vergentes
2052 1315 2115 1362 de

315 1405 344 1454 7
367 1413 467 1445 uno
484 1396 533 1444 in
551 1398 704 1445 altero
721 1412 858 1445 sono.
927 1398 1102 1443 Tonus
1124 1404 1196 1443 est
1212 1403 1355 1443 acuta
1372 1393 1647 1443 enuntiatio
1663 1394 1811 1443 vocis.
1874 1396 1964 1443 Est
1985 1394 2117 1444 enim

366 1479 654 1527 harmoniae
664 1478 940 1527 differentia
956 1486 1003 1526 et
1015 1478 1276 1540 quantitas,
1290 1477 1478 1540 quaein
1487 1476 1620 1525 vocis
1636 1487 1845 1526 accentu
1857 1480 1932 1527 vel
1949 1486 2119 1528 tenore
2145 1499 2191 1539 15

368 1560 593 1610 consistit
614 1579 622 1609 ε
649 1560 788 1610 cuius
808 1577 986 1623 genera
1008 1561 1056 1607 in
1075 1558 1363 1622 quindecim
1386 1558 1605 1621 partibus
1627 1559 1800 1608 musici
1821 1561 2115 1621 dividerunt‚

366 1659 424 1692 ex
461 1643 641 1707 quibus
680 1642 995 1706 hyperlydius
1033 1640 1331 1691 novissimus
1368 1650 1416 1690 et
1452 1641 1778 1702 acutissimus,
1813 1643 2116 1706 hypodorius

319 1725 591 1774 8omnium
626 1724 951 1788 gravissimus.
1028 1724 1219 1774 Cantus
1263 1732 1336 1772 est
1379 1723 1576 1772 inflexio
1617 1723 1766 1784 vocis,
1810 1742 1925 1773 nam
1964 1742 2116 1775 sonus

315 1806 582 1866 9directus
616 1815 690 1855 est
708 1825 720 1867 3
758 1806 1008 1870 praecedit
1037 1814 1204 1855 autern
1239 1822 1390 1855 sonus
1424 1814 1638 1854 cantum.
1714 1807 1850 1856 Arsis
1881 1816 1955 1856 est
1980 1808 2114 1857 vocis

367 1888 589 1948 elevatio,
623 1890 719 1936 hoc
749 1899 822 1937 est
851 1887 1060 1937 initium.
1134 1890 1179 1935 T
1183 1889 1313 1936 hesis
1351 1887 1484 1936 vocis
1518 1887 1711 1950 positio,
1743 1890 1840 1938 hoc
1877 1898 1949 1937 est
1986 1890 2110 1939 finis.
2142 1908 2193 1936 20

289 1980 347 2013 10
366 1972 549 2019 Suaves
576 1986 723 2019 voces
751 1979 864 2018 sunt
884 1969 1088 2018 subtiles
1109 1978 1157 2018 et
1183 1970 1381 2032 spissae,
1411 1970 1569 2018 clarae
1587 1977 1736 2033 atque
1754 1980 1941 2020 acutae.
2005 1974 2115 2020 Per-

364 2052 564 2115 spicuae
599 2068 744 2101 voces
783 2060 910 2111 sunt,
944 2068 1071 2114 quae
1107 2051 1300 2114 longius
1334 2053 1697 2114 protrahuntur,
1731 2052 1798 2101 ita
1827 2061 1880 2101 ut
1910 2069 2112 2102 omnem

299 2141 344 2174 11
367 2129 588 2194 inpleant
605 2135 844 2182 continuo
859 2135 1039 2193 locum,
1063 2133 1187 2181 sicut
1205 2135 1404 2196 clangor
1423 2133 1666 2182 tubarum.
1724 2134 1938 2183 Subtiles
1969 2151 2115 2185 voces

368 2221 495 2272 sunt,
525 2213 705 2275 quibus
726 2233 827 2263 non
845 2224 918 2264 est
939 2214 1148 2278 spiritus,
1173 2214 1329 2277 qualis
1347 2223 1421 2263 est
1441 2214 1718 2275 infantium,
1741 2218 1816 2264 vel
1837 2217 2112 2278 mulierum,

366 2294 442 2340 vel
458 2295 833 2356 aegrotantium,
857 2296 982 2344 sicut
1002 2295 1052 2343 in
1078 2295 1251 2344 nervis.
1317 2297 1460 2356 Quae
1480 2295 1613 2344 enim
1640 2297 1988 2348 subtilissimae
2013 2316 2115 2348 cor·
2141 2316 2186 2356 ²5

289 2387 343 2420 12
367 2375 460 2423 dae
477 2385 604 2436 sunt,
628 2377 832 2427 subtiles
852 2395 910 2426 ac
927 2387 1101 2426 tenues
1119 2393 1269 2426 sonos
1287 2376 1530 2425 emittunt.
1589 2377 1802 2441 Pingues
1820 2389 1933 2428 sunt
1950 2395 2116 2440 voces,

425 2511 442 2535 1
476 2511 627 2537 sonum
647 2498 694 2536 K
819 2500 943 2539 litore
964 2506 1120 2539 sonant
1146 2499 1202 2537 Β1
1221 2514 1231 2539 :
1262 2500 1402 2538 litorie
1425 2505 1580 2538 sonant
1602 2499 1674 2541 Cl:
1714 2501 1854 2539 litorei
1877 2508 2031 2540 sonant
2058 2502 2112 2542 T:

364 2553 487 2592 litora
502 2560 651 2592 sonant
664 2554 710 2591 K
817 2567 842 2603 3
864 2556 917 2593 ad
931 2555 1075 2594 tubam
1092 2554 1138 2593 Cl
1155 2569 1164 2594 ε
1193 2555 1342 2594 adtulit
1361 2554 1412 2594 T:
1444 2567 1525 2593 om.
1541 2554 1587 2592 K
1693 2567 1841 2594 sonum
1855 2555 1902 2593 K
2007 2570 2112 2596 cano

365 2607 434 2645 K:
465 2621 662 2647 sanorum
687 2608 734 2647 (ΣΙ
871 2621 895 2658 5
927 2609 1158 2661 coaptatio]
1181 2609 1294 2658 quod
1315 2615 1412 2658 apta
1433 2610 1474 2647 in
1497 2609 1542 2647 K
1650 2610 1948 2649 modulationis
1967 2625 2051 2651 om.
2071 2611 2118 2649 K

367 2675 388 2711 7
420 2664 519 2701 ssatu
542 2663 607 2701 vel
640 2664 763 2713 pulsu
785 2663 831 2701 K
994 2677 1070 2714 per
1091 2694 1100 2703 .
1123 2694 1131 2702 .
1152 2694 1160 2703 .
1186 2663 1329 2714 grav.]
1353 2665 1551 2713 lyrasque
1578 2670 1755 2715 propter
1771 2678 1901 2704 voces
1927 2667 2112 2715 agutiam

365 2717 642 2767 graviumque
663 2718 710 2755 K
729 2719 830 2769 (uon
852 2719 916 2770 A)
1027 2733 1054 2768 9
1084 2720 1203 2757 cuius
1218 2718 1354 2758 BCT:
1388 2719 1453 2757 cui
1475 2719 1522 2756 K
1633 2732 1681 2757 12
1709 2719 1848 2758 ablata
1867 2720 2027 2770 K(non
2047 2721 2111 2769 A)

370 2785 417 2821 13
435 2772 540 2821 fort.
556 2772 638 2810 did.
729 2772 877 2823 atque]
896 2778 968 2811 aut
986 2774 1032 2811 K
1142 2785 1191 2822 15
1211 2786 1315 2812 voce
1330 2786 1416 2812 acc.
1441 2773 1491 2813 Cl
1605 2776 1654 2813 16
1675 2775 1860 2813 musicae
1879 2775 1983 2826 (-ce)
1999 2775 2119 2813 BCT

369 2839 414 2875 17
446 2833 487 2864 et
508 2826 725 2876 agutissus
746 2828 813 2868 A:
846 2841 928 2867 om.
954 2828 999 2866 K
1136 2829 1186 2866 18
1215 2828 1482 2878 gratissimus
1503 2828 1543 2866 Β
1676 2841 1724 2879 19
1753 2829 1871 2868 vocis
1895 2829 2002 2882 (alt.)
2024 2843 2109 2870 om.

364 2881 410 2918 K
430 2883 531 2933 (non
552 2881 618 2927 A)
731 2895 784 2920 20
813 2883 891 2921 hoc
913 2888 977 2921 est
999 2883 1096 2922 finis
1115 2895 1198 2922 om.
1219 2881 1266 2919 K
1283 2882 1386 2934 (non
1406 2882 1470 2930 A)
1602 2895 1651 2921 21
1682 2883 1860 2922 subtiles
1880 2912 1890 2922 .
1916 2913 1926 2923 .
1946 2913 1957 2923 .
1981 2897 2110 2923 voces

363 2943 462 2974 sunt
483 2950 566 2975 om.
584 2933 710 2973 KLA
774 2937 912 2975 clarae
937 2937 1073 2977 BCT:
1105 2937 1263 2975 hilarae
1286 2937 1403 2988 (corr.
1422 2938 1528 2988 —res)
1547 2937 1592 2975 D
1700 2950 1752 2975 22
1784 2937 1839 2977 ita
1861 2943 2047 2977 tomnem
2068 2939 2115 2977 K

364 3003 416 3038 23
448 2991 648 3030 continuo
671 2990 737 3031 K:
768 2992 1012 3030 continuum
1035 2991 1158 3030 BCT
1327 3004 1378 3040 24
1410 2992 1481 3032 inf.
1509 2992 1608 3031 mul,
1631 2992 1700 3030 vel
1721 3005 1806 3041 egr.
1830 2991 1876 3029 K
1894 2993 1995 3044 (non
2016 2994 2080 3044 A)
2100 3007 2109 3032 :

364 3044 433 3083 inf.
455 3045 523 3083 vel
547 3045 642 3086 mul.
668 3059 756 3095 egr.
787 3045 825 3083 T
841 3047 944 3096 (non
971 3046 1028 3098 U)
1173 3057 1225 3095 25
1253 3046 1394 3086 verbis
1415 3046 1462 3084 K
1560 3046 1692 3098 enim]
1714 3047 1826 3086 inter
1845 3046 1909 3085 K:
1943 3061 2028 3088 om.
2048 3048 2106 3085 ΑΙ

363 3100 556 3138 conditae
577 3100 619 3138 A
744 3101 797 3139 26
825 3106 924 3140 sunt
945 3114 1028 3141 om.
1051 3101 1098 3138 K
