2176 3424
443 130 1071 180 ETYMOLOGIARVM
1112 130 1242 176 LIB.
1280 130 1448 176 XVII.
1490 127 1535 173 ix

109 263 213 327 pria
236 264 487 312 voluntate
507 261 817 310 descendunt
845 260 910 308 ad
939 275 1117 308 escam.
1193 258 1383 316 Cicuta,
1411 266 1609 320 propter
1642 258 1779 318 quod
1803 255 1854 303 in
1877 268 1931 317 71

111 347 277 408 thyrso
301 342 579 408 geniculato
597 344 759 392 nodos
778 340 957 389 habeat
977 342 1214 398 occultos,
1237 348 1291 387 ut
1310 356 1469 387 canna
1490 357 1500 397 ;
1525 338 1651 387 sicut
1676 337 1854 386 dicitur

111 429 240 475 fossa
265 442 428 483 caeca,
452 441 579 487 quae
604 425 798 472 occulta
822 431 908 471 est.
962 424 1105 471 Haec
1129 420 1269 484 potui
1294 422 1409 470 data
1433 419 1660 469 interficit
1683 438 1692 468 :
1729 421 1855 467 hanc

113 508 162 555 in
188 523 380 556 carcere
405 508 628 555 Socrates
655 504 780 554 bibit
805 514 853 553 et
877 502 1124 566 expiravit.
1198 503 1390 551 Persius
1417 505 1484 566 (4,
1507 500 1557 565 2)
1579 520 1587 549 :

69 613 91 652 5
405 587 596 646 Dicere,
636 585 840 635 sorbitio
877 586 1003 633 tollit
1039 601 1188 647 quem
1226 586 1330 633 dira
1367 583 1570 632 cicutae.

116 673 260 719 Haec
301 672 420 719 dum
458 668 743 719 hominibus
782 684 1028 716 venenum
1069 666 1143 724 sit,
1189 667 1400 728 capellas
1440 665 1587 714 efficit
1635 663 1855 727 pingues.

113 751 368 811 Trifolion‚
398 768 547 814 quam
581 748 758 799 Graeci
782 750 1044 812 τρίφυλλον
1079 749 1435 810 vocant,‘quod
1469 747 1530 796 sit
1558 746 1687 795 foliis
1721 745 1858 795 trinis
1882 754 1944 803 72

115 851 200 897 per
247 833 459 896 singulas
510 830 850 880 adunationes.
939 831 1191 888 Phlomos,
1242 846 1392 891 quam
1443 828 1604 877 Latini
1654 828 1857 877 herbam
1881 838 1943 886 73

115 919 416 964 lucernarem
454 923 644 972 vocant,
683 914 746 961 ab
783 931 844 962 eo
879 913 1016 976 quod
1052 914 1116 961 ad
1151 910 1347 975 lychnia
1382 910 1510 959 facit.
1586 912 1774 959 Eadem
1812 920 1860 958 et

44 1018 94 1048 ιο
116 997 362 1055 lucubrOS,
382 997 518 1058 quod
538 997 699 1043 lucem
719 996 952 1058 praebeat
971 994 1171 1042 umbris.
1226 994 1498 1055 Pyrethron
1517 993 1706 1041 Graece
1726 992 1859 1041 dicta
1879 999 1943 1047 74

117 1080 253 1142 quod
268 1078 448 1127 habeat
467 1077 682 1126 radicem
699 1076 1039 1126 incendiosam
1058 1086 1208 1139 atque
1223 1083 1612 1124 coacervantem.
1649 1075 1860 1123 Althaea
1881 1081 1942 1130 75

117 1163 277 1210 malva
312 1159 525 1223 agrestis,
554 1159 654 1207 sive
691 1160 1012 1206 malvaviscus
1029 1176 1043 1218 ,·
1080 1159 1168 1206 sed
1203 1159 1408 1216 althaea,
1446 1158 1583 1220 quod
1620 1156 1670 1205 in
1705 1158 1859 1205 altum

118 1244 281 1306 surgit,
300 1243 475 1302 viscus,
498 1240 612 1304 quia
630 1240 875 1304 glutinosa
894 1250 980 1289 est.
1033 1239 1320 1303 Origanum,
1340 1240 1476 1302 quod
1495 1238 1671 1287 Latine
1689 1241 1864 1287 colena
1888 1235 1954 1294 76

119 1327 473 1388 interpretatur,
501 1333 699 1387 propter
723 1324 860 1387 quod
880 1322 1095 1371 infusum
1113 1323 1297 1371 coloret
1317 1322 1499 1370 vinum.
1557 1323 1863 1369 Titimallum
1887 1328 1948 1378 77

50 1425 98 1464 15
120 1407 416 1456 vocabulum
442 1405 662 1467 sumpsit,
691 1406 826 1467 quod
860 1421 1055 1452 comam
1082 1403 1310 1452 foliorum
1334 1404 1398 1451 ad
1425 1403 1615 1452 radium
1642 1402 1757 1452 solis
1783 1402 1868 1450 cir-

122 1497 348 1536 cumacta
384 1496 647 1536 convertat.
722 1489 852 1535 Nam
884 1485 1061 1536 Graeci
1087 1487 1242 1534 solem
1271 1490 1431 1534 τιτᾶνα
1460 1494 1651 1545 vocant,
1679 1486 1868 1549 μαλλὸν

121 1586 315 1618 comam
338 1587 349 1630 3
387 1586 444 1618 ex
468 1585 568 1631 quo
593 1569 874 1618 confectum
901 1576 974 1616 est
998 1576 1051 1615 ut
1072 1566 1352 1615 titimallum
1378 1566 1634 1616 diceretur.
1699 1568 1865 1616 Huius

122 1651 309 1712 species
346 1659 533 1711 septem
571 1648 773 1697 diversis
810 1647 859 1695 in
897 1647 1017 1696 locis
1054 1658 1326 1697 nascentes.
1415 1650 1698 1711 Strychnos,
1738 1665 1865 1711 quae
1887 1644 1950 1702 78

125 1732 299 1780 Latine
325 1731 477 1780 herba
501 1730 722 1778 salutaris
748 1738 966 1790 vocatur,
990 1740 1187 1792 propter
1211 1731 1347 1792 quod
1371 1732 1595 1779 dolorem
1621 1729 1794 1793 capitis
1819 1739 1867 1779 et

50 1831 102 1859 20
125 1811 366 1862 stomachi
408 1811 694 1860 incendium
743 1810 943 1874 mitigat.
1036 1812 1180 1859 Idem
1222 1821 1270 1859 et
1309 1828 1403 1859 uva
1440 1811 1621 1874 lupina,
1666 1821 1866 1874 propter

124 1911 294 1943 semen
341 1893 443 1943 eius
491 1910 614 1941 uvae
661 1892 832 1940 simile.
907 1893 1198 1955 Polygonos‚
1250 1909 1399 1955 quam
1449 1892 1612 1940 Latini
1659 1893 1864 1941 herbam
1885 1899 1955 1949 79

124 1975 482 2040 sanguinariam
508 1983 698 2033 vocant,
723 1975 859 2036 quod
879 1975 1027 2021 missa
1050 1972 1100 2021 in
1126 1973 1325 2022 naribus
1345 1973 1635 2037 sanguinem
1655 1985 1863 2024 moveat.

125 2057 406 2117 Ambrosia,
447 2073 595 2119 quam
641 2054 803 2103 Latini
843 2055 1010 2117 apium
1054 2053 1326 2103 silvaticum
1365 2065 1558 2105 vocant.
1645 2058 1723 2105 De
1770 2073 1864 2119 qua
1891 2055 1959 2103 80

125 2137 369 2202 Vergilius
395 2138 541 2202 (Aen.
566 2156 604 2197 1,
624 2137 743 2201 403)
767 2156 776 2184 ι

55 2239 104 2279 25
330 2219 723 2282 Ambrosiaeque
758 2235 932 2268 comae
968 2218 1190 2267 divinum
1228 2221 1408 2269 vertice
1444 2221 1649 2269 odorem

329 2318 583 2365 spiravere.

189 2445 205 2470 1
238 2431 480 2471 discindunt
499 2432 546 2471 K
654 2444 677 2469 2
707 2429 968 2480 geniculatur
988 2429 1031 2467 D
1140 2443 1165 2479 3
1194 2430 1300 2470 haec
1321 2431 1440 2481 potui
1460 2460 1469 2470 .
1497 2460 1504 2470 .
1528 2462 1536 2471 .
1559 2432 1765 2482 expiravit
1784 2445 1868 2471 om.

131 2487 219 2526 KN
235 2486 338 2538 (non
363 2486 494 2537 CEF)
657 2499 682 2534 4
713 2485 906 2536 Persius]
931 2485 1182 2534 perpensius
1204 2485 1247 2522 D
1386 2498 1410 2535 5
1440 2486 1534 2524 tulit
1554 2486 1598 2524 D
1722 2486 1867 2535 queml

132 2541 328 2591 quoniam
349 2541 394 2579 K
493 2541 629 2580 cicuta
649 2539 739 2579 KT
859 2541 885 2578 6
914 2540 1108 2578 homibus
1128 2540 1197 2578 D:
1226 2540 1268 2578 in
1289 2541 1483 2580 omnibus
1511 2540 1548 2578 T
1638 2540 1812 2591 capillas
1828 2541 1871 2578 D

133 2609 154 2645 7
185 2609 308 2646 quem
337 2595 373 2633 T
523 2608 649 2644 grece
668 2594 712 2632 D
865 2600 1019 2633 vocant
1038 2608 1087 2632 ex
1105 2600 1189 2633 -cat
1210 2594 1251 2632 D
1427 2597 1453 2633 8
1481 2595 1779 2635 adnotationes
1801 2595 1847 2632 K
1862 2610 1871 2633 z

133 2650 428 2689 adnatationes
447 2650 490 2688 D
671 2650 837 2688 Flomos
857 2649 948 2687 DK
959 2663 967 2687 :
1000 2649 1032 2687 F
1034 2649 1192 2688 losmos
1220 2649 1257 2687 T
1496 2663 1522 2700 9
1550 2651 1806 2689 lucernalem
1827 2649 1872 2687 D

133 2706 184 2744 ad
206 2718 288 2744 om.
310 2703 369 2742 Dl
588 2703 730 2743 licinia
748 2703 859 2742 codd.
1091 2704 1214 2742 saciat
1232 2704 1276 2741 D
1508 2718 1558 2743 10
1587 2705 1809 2743 Pireteron
1829 2704 1873 2741 D

138 2771 181 2797 11
213 2759 339 2798 Altea
359 2759 471 2798 codd.
701 2771 748 2796 12
777 2771 810 2797 S.
832 2758 999 2797 eviscus
1019 2758 1063 2796 D
1083 2772 1091 2796 :
1120 2771 1153 2798 s.
1176 2758 1267 2797 alba
1287 2758 1425 2797 viscus
1447 2759 1548 2810 <pro
1569 2759 1756 2798 hibiscus
1770 2760 1804 2805 ἓ)
1827 2758 1874 2796 Κ

136 2814 247 2853 altea
267 2813 377 2853 codd.
645 2825 692 2862 13
722 2812 889 2852 eviscus
911 2812 1039 2852 codd.:
1069 2819 1112 2852 et
1134 2813 1274 2852 viscus
1293 2813 1386 2852 dett.
1595 2814 1806 2864 glatiuosa
1827 2813 1871 2851 D

139 2868 326 2917 Origano
359 2866 450 2906 DT
657 2867 807 2906 conela
838 2867 884 2906 K
1130 2880 1178 2917 14
1207 2867 1345 2906 infusa
1375 2867 1419 2905 D
1638 2868 1799 2907 coleret
1840 2867 1877 2905 T

142 2924 191 2960 16
218 2923 324 2962 titan
363 2924 463 2973 (-am
502 2921 546 2960 D
583 2937 632 2961 ex
666 2925 783 2971 corr.)
824 2936 892 2961 vo.
935 2922 1159 2961 mallonem
1193 2934 1257 2961 co.
1295 2921 1408 2962 codd.
1538 2924 1586 2961 18
1616 2923 1699 2961 div.
1743 2921 1797 2962 lo.
1842 2921 1880 2959 T

139 2977 334 3026 Strignos
369 2977 480 3016 codd.
720 2989 768 3014 21
800 2976 937 3016 simile
974 2976 1083 3016 dett:
1130 2976 1333 3015 similibus
1372 2976 1462 3015 DT
1474 2993 1482 3016 :
1531 2977 1787 3016 simillimum
1827 2976 1873 3015 K

142 3030 364 3080 Poligonos
391 3031 449 3070 T:
480 3031 706 3070 Policonos
726 3030 772 3069 K
790 3045 799 3070 :
830 3031 1061 3081 Pilogonus
1082 3031 1126 3070 D
1317 3043 1369 3081 23
1399 3032 1690 3083 ambrosiaque
1711 3044 1871 3071 comme

139 3085 334 3125 devinum
356 3085 398 3123 D
506 3087 560 3124 26
587 3086 860 3136 adspiravere
879 3085 967 3124 DT
