2176 3424
1054 154 1327 202 ISIDORI

304 302 432 349 quae
452 285 550 334 illic
569 293 814 347 geruntur.
882 283 1028 331 Dicta
1046 292 1212 331 autem
1240 287 1521 347 spectacula
1541 302 1602 334 eo
1621 288 1757 348 quod
1778 282 2062 336 hominibus

305 366 506 431 publica
539 366 607 414 ibi
633 365 925 429 praebeatur
949 364 1207 428 inspectiO.
1281 367 1426 414 Haec
1463 375 1511 414 et
1542 367 1730 416 ludicra
1763 378 2060 432 nuncupata,

249 465 279 500 2
306 450 444 512 quod
464 450 515 496 in
531 447 661 496 ludis
679 455 909 511 gerantur
924 456 1008 495 aut
1028 447 1078 494 in
1099 447 1249 495 cenis,
1311 449 1567 496 Ludorum
1590 450 1726 512 origo
1743 449 1812 498 sic
1832 450 2062 499 traditur:

308 530 494 593 Lydios
521 545 579 579 ex
605 528 726 577 Asia
749 537 1035 577 transvenas
1061 527 1113 576 in
1144 528 1338 577 Etruria
1363 530 1647 579 consedisse
1673 532 1800 580 duce
1825 534 2060 594 Tyrreno,

305 612 390 676 qui
409 611 540 660 fratri
566 627 657 659 suo
680 620 893 659 cesserat
917 609 1055 673 regni
1073 609 1411 659 contentione.
1473 611 1627 674 Igitur
1645 611 1696 659 in
1723 612 1916 660 Etruria
1939 611 2065 660 inter
2088 629 2109 668 5

305 705 495 744 ceteros
521 693 639 741 ritus
660 691 1063 755 superstitionum
1082 708 1278 740 suarum
1306 695 1587 755 spectacula
1603 708 1803 755 quoque
1818 692 2064 756 religionis

307 776 511 825 nomine
537 774 867 823 instituerunt.
939 774 1067 821 Inde
1094 772 1312 821 Romani
1336 773 1595 823 arcessitos
1619 774 1829 823 artifices
1855 774 2064 822 mutuati

308 868 421 908 sunt
442 878 454 919 3
492 867 540 906 et
564 857 682 906 inde
697 856 802 904 ludi
818 873 846 904 a
865 855 1015 919 Lydis
1040 854 1201 903 vocati
1222 864 1350 903 sunt.
1421 858 1578 905 Varro
1597 866 1762 904 autem
1781 856 1900 905 dicit
1919 858 2064 905 ludos

306 959 335 991 a
354 943 464 989 luso
489 948 705 999 vocatos,
728 939 865 1001 quod
892 938 1093 985 iuvenes
1118 952 1204 998 per
1224 938 1329 985 dies
1349 937 1500 985 festos
1517 938 1744 986 solebant
1762 937 1867 986 ludi
1887 940 2067 986 exulta-

308 1024 444 1073 tione
482 1023 723 1086 populum
772 1021 1033 1068 delectare.
1105 1020 1254 1067 Vnde
1297 1028 1345 1067 et
1383 1035 1497 1067 eum
1539 1021 1700 1068 lusum
1743 1019 1974 1068 iuvenum
2017 1028 2065 1068 et
2091 1040 2140 1068 10

252 1128 282 1174 3
307 1105 486 1155 diebus
512 1102 648 1152 festis
674 1111 721 1151 et
747 1102 944 1164 templis
979 1109 1026 1149 et
1051 1099 1368 1163 religionibus
1399 1109 1641 1164 reputant.
1715 1100 1852 1149 Nihil
1878 1100 1974 1148 iam
2002 1102 2066 1149 de

306 1203 456 1236 causa
480 1183 722 1243 vocabuli,
747 1185 868 1232 dum
894 1181 962 1230 rei
983 1199 1131 1230 causa
1155 1181 1381 1230 idolatria
1406 1181 1480 1230 sit.
1541 1183 1690 1231 Vnde
1714 1192 1763 1232 et
1787 1181 2067 1245 promiscue

310 1268 415 1318 ludi
441 1265 689 1316 Liberalia
721 1264 1040 1322 vocabantur,
1063 1263 1130 1312 ob
1166 1266 1407 1312 honorem
1435 1263 1601 1312 Liberi
1626 1263 1788 1327 patris.
1862 1265 1944 1314 Ob
1970 1265 2067 1311 hoc

309 1349 619 1414 dispicienda
638 1356 712 1396 est
732 1346 931 1410 originis
949 1347 1156 1406 macula,
1176 1363 1238 1394 ne
1258 1346 1447 1394 bonum
1468 1345 1696 1395 aestimes
1716 1348 1853 1409 quod
1872 1345 2064 1394 initium

309 1451 338 1482 a
363 1433 495 1481 malo
520 1429 726 1494 accepit.
801 1430 973 1477 Ludus
1010 1437 1175 1477 autem
1201 1438 1285 1477 aut
1315 1424 1571 1491 gymnicus
1597 1436 1683 1488 est,
1710 1437 1794 1476 aut
1819 1427 2064 1486 circensis,
2094 1450 2139 1489 15

310 1525 395 1563 aut
418 1511 750 1577 gladiatorius,
776 1519 861 1558 aut
887 1509 1125 1558 scenicus.

161 1604 287 1644 XVII
449 1598 532 1644 DE
581 1609 718 1643 LVDo
761 1606 1017 1642 GYMNJco.
1090 1590 1364 1654 Gymnicus
1403 1592 1549 1639 ludus
1589 1600 1661 1639 est
1704 1589 1976 1638 velocitatis
2011 1606 2069 1638 ac

312 1677 486 1726 virium
513 1675 679 1740 gloria.
755 1673 910 1724 Cuius
936 1675 1074 1721 locus
1103 1671 1414 1735 gymnasium
1446 1671 1637 1731 dicitur,
1665 1671 1748 1720 ubi
1785 1679 2070 1720 exercentur

313 1761 528 1809 athletae
565 1767 613 1807 et
646 1772 901 1805 cursorum
939 1754 1174 1803 velocitas
1212 1753 1559 1816 conprobatur.
1635 1754 1772 1801 Hinc
1808 1751 1986 1801 accidit
2017 1761 2070 1800 ut

260 1854 291 1888 2
313 1841 538 1891 omnium
564 1856 718 1904 prope
737 1837 915 1887 artium
942 1835 1171 1885 exercitia
1193 1834 1448 1898 gymnasia
1472 1834 1712 1883 dicantur.
1783 1837 1914 1883 Ante
1935 1833 2065 1882 enim
2094 1855 2144 1883 20

316 1925 364 1972 in
403 1922 525 1972 locis
562 1929 806 1971 certantes
843 1917 993 1968 cincti
1030 1926 1181 1977 erant,
1220 1934 1283 1965 ne
1320 1917 1651 1965 nudarentur:
1705 1924 1818 1979 post
1854 1917 2068 1964 relaxato

313 2005 512 2068 cingulo
528 2011 730 2067 repente
747 2008 1015 2065 prostratus
1036 1997 1341 2048 exanimatus
1358 2006 1431 2046 est
1450 1997 1651 2060 quidam
1669 2013 1849 2046 cursor.
1903 1998 2070 2058 Quare

315 2104 374 2137 ex
398 2085 590 2135 consilii
616 2086 817 2133 decreto
854 2091 972 2130 tunc
1002 2081 1188 2129 archon
1226 2078 1575 2142 Hippomenes
1600 2088 1653 2127 ut
1685 2078 1807 2127 nudi
1833 2078 2069 2140 deinceps

315 2185 490 2217 omnes
532 2165 911 2216 exercitarentur
957 2161 1189 2226 permisit.
1265 2163 1339 2208 Ex
1381 2149 1464 2208 illo
1512 2159 1820 2223 gymnasium
1862 2159 2066 2218 dictum,

377 2311 393 2336 1
426 2310 511 2347 qua
530 2296 585 2335 ill.
612 2295 683 2334 K:
710 2307 793 2344 que
814 2294 914 2333 illuc
942 2291 978 2331 T
1204 2303 1228 2328 2
1258 2289 1541 2340 praebebatur
1563 2288 1598 2327 C
1771 2301 1895 2327 nunc.
1914 2301 1996 2326 om.
2020 2288 2070 2327 C¹

318 2367 343 2403 3
371 2351 507 2403 quod]
532 2363 656 2401 quam
685 2349 723 2387 T
739 2351 842 2400 (pro
862 2348 960 2398 quia
973 2347 1005 2393 22)
1137 2346 1277 2384 scenis
1297 2343 1422 2382 BCK
1601 2358 1625 2393 4
1654 2348 1926 2381 transveasse
1947 2341 2077 2380 KPN

321 2408 422 2459 stet)
446 2407 550 2455 (non
572 2403 763 2452 DFUX)
931 2408 1104 2452 tyrreno
1123 2400 1186 2438 P:
1217 2399 1380 2450 tyrrino
1401 2397 1466 2437 K:
1498 2403 1672 2436 terreno
1698 2396 1761 2437 B:
1795 2397 1987 2436 tirrheno
2010 2397 2070 2436 C:

319 2463 483 2501 tirreno
512 2459 550 2498 T
682 2471 706 2508 5
736 2459 784 2499 fr.
808 2461 1074 2496 successerat
1102 2454 1140 2493 T
1244 2466 1422 2503 regnum
1443 2451 1567 2491 BCK
1702 2465 1724 2501 7
1755 2452 1862 2491 Inde
1879 2483 1887 2492 .
1909 2483 1918 2492 .
1936 2482 1945 2491 .
1965 2457 2067 2490 mut.

320 2522 419 2556 sunt
439 2529 522 2555 om.
547 2513 594 2552 K
611 2514 674 2565 (in
694 2518 797 2565 spat.
820 2513 926 2563 vac.)
952 2512 1054 2562 (non
1075 2507 1310 2560 DEFUX)
1491 2519 1692 2545 romanos
1718 2506 1756 2544 T
1924 2506 2070 2544 mutati

323 2572 372 2612 Ο
514 2571 539 2608 8
568 2568 656 2607 ludi
682 2570 725 2619 (i.
739 2581 770 2607 e.
791 2567 886 2618 -dii)
907 2580 932 2605 a
959 2564 1062 2617 Ly.]
1083 2564 1303 2603 ludialides
1323 2561 1395 2601 X:
1424 2562 1600 2600 ludiales
1623 2560 1762 2599 C1DE
1783 2563 1883 2611 (non
1903 2559 2040 2611 FNP)
2063 2574 2072 2598 :

322 2624 528 2665 laudualis
554 2622 592 2661 T
607 2624 710 2674 (non
735 2622 797 2675 U)
951 2620 1053 2658 dicit
1072 2633 1157 2658 om.
1179 2617 1219 2655 Β
1400 2629 1448 2654 10
1478 2616 1715 2654 delectasse
1738 2615 1788 2654 Cl
1953 2613 2071 2665 eum]

322 2682 435 2720 enim
457 2679 507 2719 Ο
636 2691 681 2717 11
715 2678 791 2717 ses,
812 2682 912 2715 tem.
934 2674 980 2713 K
1100 2678 1268 2724 reputat
1295 2670 1457 2711 Tertull.
1481 2676 1599 2720 spect.
1624 2682 1648 2719 5
1778 2681 1826 2718 13
1855 2669 1908 2708 ob
1928 2669 2008 2707 hos
2028 2667 2075 2706 K

326 2748 374 2785 14
405 2732 667 2785 dispicienda
703 2731 793 2770 ΒΚ
808 2746 817 2770 :
863 2728 1130 2780 respicienda
1169 2726 1248 2766 CT
1516 2726 1699 2764 extimes
1743 2725 1806 2764 T:
1853 2723 2072 2762 existimes

329 2788 573 2830 Tertulliani
589 2785 699 2826 codd.
933 2785 1051 2823 initio
1072 2784 1125 2822 ad
1146 2783 1298 2821 malum
1319 2780 1465 2830 incipit
1488 2779 1535 2817 K
1551 2794 1560 2818 τ
1590 2779 1707 2817 initio
1729 2779 1880 2817 malum
1902 2777 2014 2827 cepit
2041 2775 2079 2814 T

326 2856 374 2894 15
405 2842 634 2883 cerciensis
657 2840 704 2879 K
861 2842 911 2878 16
939 2851 1054 2879 scen.
1079 2842 1145 2876 est
1170 2836 1205 2875 C
1377 2848 1426 2885 19
1453 2834 1616 2873 accedit
1637 2832 1684 2871 K
1853 2845 1906 2871 20
1932 2830 2074 2870 Antea

323 2898 370 2936 K
625 2908 671 2935 21
703 2895 785 2934 loci
825 2894 871 2932 K
889 2909 899 2934 z
947 2893 1056 2932 ludis
1096 2891 1155 2930 C:
1203 2890 1305 2930 iocis
1344 2891 1467 2930 Areu
1760 2886 1876 2938 post]
1915 2898 1992 2935 per
2029 2885 2076 2923 K

324 2966 376 2992 22
408 2957 560 3004 prostr.
586 2956 628 2990 et
649 2950 915 2989 examinatus
939 2948 977 2987 T
1107 2958 1254 2985 cursor
1277 2944 1375 2983 CT:
1403 2955 1619 2983 cursorum
1640 2941 1728 2979 ΒΚ
1889 2953 1941 2990 23
1972 2953 2071 2980 con-

322 3008 416 3047 silio
438 3002 527 3045 ΚΤ
