2228 3444
445 137 1078 186 ETYMOLOGIARVM
1119 138 1250 184 LIB.
1287 138 1348 185 V.
1387 136 1633 185 xxvii-xxx

156 269 206 317 id
237 278 309 317 est
340 269 620 317 claudendo
646 269 849 317 dictum.
924 269 1013 316 Est
1046 277 1211 316 autem
1248 278 1354 317 uter
1391 285 1448 317 ex
1484 269 1618 316 corio
1654 270 1824 330 factus,
1854 271 1903 318 in

156 367 255 412 quo
280 351 550 413 parricidae
583 366 696 398 cum
730 350 873 398 simio
905 358 952 398 et
989 350 1117 411 gallo
1151 359 1197 398 et
1232 358 1459 413 serpente
1490 351 1666 398 inclusi
1694 350 1743 398 in
1770 368 1903 400 mare

156 431 550 495 praecipitantur.
624 430 862 480 Omnium
900 439 1066 478 autem
1103 430 1305 480 istarum
1342 433 1575 480 mortium
1613 448 1768 494 genus
1802 435 1901 480 ani-

156 513 431 562 madversio
457 511 751 562 nominatur.
825 512 1202 561 Animadversio
1234 514 1367 562 enim
1398 522 1485 573 est,
1514 514 1717 575 quando
1751 512 1898 563 iudex
1923 522 1985 571 37

107 614 130 656 5
154 611 290 643 reum
308 594 449 657 punit
466 613 479 656 3
505 604 553 643 et
578 593 756 643 dicitur
773 594 1175 654 animadvertere,
1196 595 1247 643 id
1269 594 1583 658 ests-animum
1601 594 1716 643 illuc
1733 596 1897 644 adver-

154 685 268 736 tere,
292 678 547 725 intendere
563 675 733 739 utique
749 677 812 724 ad
832 674 1141 738 puniendum
1163 692 1314 736 reum,
1334 677 1450 738 quia
1474 675 1622 724 iudex
1641 685 1730 725 est.
1774 678 1898 726 Ideo
1925 677 1990 735 38

154 766 319 806 autem
360 757 576 807 Romani
599 775 780 821 aquam
811 766 859 806 et
892 756 1055 820 ignem
1091 757 1453 807 interdicebant
1487 758 1787 821 quibusdam
1822 761 1903 808 da-

156 839 347 900 mnatis,
372 841 486 903 quia
510 856 592 888 aer
616 848 664 888 et
689 856 816 902 aqua
836 840 1026 887 cunctis
1044 847 1213 902 patent
1234 849 1282 887 et
1298 840 1531 888 omnibus
1547 841 1663 888 data
1683 850 1796 888 sunt
1816 859 1827 900 3
1852 850 1904 889 ut

155 922 221 968 illi
255 938 356 970 non
387 922 660 969 fruerentur
686 921 821 983 quod
855 920 1087 968 omnibus
1115 937 1200 982 per
1224 930 1448 969 naturam
1475 937 1768 969 concessum
1796 932 1882 970 est.

81 1022 130 1050 10
289 1006 372 1051 DE
394 1004 712 1052 CHRONICAE
734 1017 1015 1051 VOCABVLO.
1091 1002 1341 1052 Chronica
1358 1003 1548 1051 Graece
1569 1002 1747 1051 dicitur
1773 1020 1899 1066 quae
1926 1008 2115 1048 XXVIII

155 1083 329 1132 Latine
354 1094 631 1148 temporum
659 1085 805 1134 series
821 1085 1106 1148 appellatur,
1127 1086 1324 1147 qualem
1349 1086 1483 1148 apud
1510 1085 1728 1133 Graecos
1749 1087 1899 1135 Euse-

154 1165 263 1214 bius
289 1166 621 1215 Caesariensis
647 1167 908 1230 episcopus
935 1165 1104 1225 edidit,
1134 1175 1181 1214 et
1208 1166 1545 1229 Hieronymus
1572 1166 1823 1229 presbyter
1849 1165 1898 1213 in

154 1249 380 1296 Latinam
406 1250 622 1311 linguam
654 1247 908 1296 convertit.
984 1249 1161 1311 Χρόνος
1186 1249 1317 1296 enim
1346 1248 1550 1308 Graece,
1581 1249 1754 1296 Latine
1781 1258 1898 1295 tem-

153 1346 243 1392 pus
264 1329 622 1393 interpretatur.

80 1429 128 1469 15
290 1414 372 1460 DE
394 1427 669 1460 MOMENTIS
690 1427 755 1459 ET
775 1426 946 1460 H0R1s.
1007 1414 1256 1475 Tempora
1271 1422 1437 1461 autem
1456 1414 1734 1471 momentis,
1752 1411 1898 1473 horis,
1924 1422 2076 1463 XXIX

154 1492 344 1553 diebus,
373 1493 641 1554 mensibus,
669 1493 826 1553 annis,
860 1493 1036 1555 lustris,
1073 1495 1294 1554 saeculis,
1321 1494 1564 1543 aetatibus
1596 1494 1897 1543 dividuntur.

155 1578 470 1625 Momentum
496 1586 570 1625 est
595 1575 854 1624 minimum
881 1586 1030 1639 atque
1052 1575 1455 1639 angustissimum
1481 1586 1691 1640 tempus,
1713 1594 1740 1625 a
1762 1587 1899 1625 motu

155 1657 369 1707 siderum
396 1658 600 1707 dictum.
676 1660 764 1706 Est
791 1657 922 1706 enim
949 1658 1228 1707 extremitas
1254 1660 1403 1708 horae
1431 1660 1479 1706 in
1504 1658 1736 1707 brevibus
1759 1660 1900 1707 inter·
1924 1672 1953 1706 2

153 1740 303 1801 vallis,
333 1758 446 1789 cum
476 1740 663 1804 aliquid
696 1740 787 1788 sibi
823 1740 954 1789 cedit
983 1751 1133 1804 atque
1166 1740 1400 1790 succedit.
1477 1743 1618 1789 Hora
1653 1743 1897 1790 Graecum

81 1839 130 1866 20
153 1838 339 1872 nomen
364 1832 450 1883 est,
480 1832 528 1872 et
554 1832 721 1872 tamen
748 1822 980 1871 Latinum
998 1832 1154 1871 sonat.
1230 1825 1370 1871 Hora
1387 1824 1519 1873 enim
1546 1822 1657 1871 finis
1684 1834 1756 1872 est
1781 1834 1899 1871 tem-

153 1904 296 1968 poris,
321 1904 446 1953 sicut
471 1915 519 1954 et
544 1922 628 1954 ora
653 1914 766 1953 sunt
792 1904 902 1953 finis
929 1905 1088 1965 maris,
1116 1905 1390 1965 fluviorum,
1419 1907 1840 1954 vestimentorum.

292 1989 372 2035 DE
394 2003 593 2036 DlEssvs.
671 1987 790 2036 Dies
811 1997 883 2036 cst
900 1987 1177 2051 praesentia
1197 1989 1326 2047 solis,
1346 1987 1446 2036 sive
1463 1989 1536 2035 sol
1563 2004 1708 2050 supra
1733 1996 1896 2047 terras,
1925 1992 2054 2032 XXX

155 2068 281 2117 sicut
305 2085 403 2117 nox
429 2071 502 2117 sol
529 2069 620 2116 sub
647 2068 799 2118 terris.
871 2071 938 2116 Vt
963 2068 1095 2116 enim
1112 2068 1217 2117 dies
1236 2078 1320 2116 aut
1340 2085 1438 2116 nox
1463 2068 1536 2128 sit,
1557 2085 1704 2117 causa
1730 2078 1802 2117 est
1818 2079 1901 2117 aut

155 2166 300 2214 supra
319 2159 494 2198 terram
516 2151 603 2209 sol,
625 2159 709 2198 aut
726 2150 817 2197 sub
834 2149 983 2198 terris.
1061 2151 1180 2198 Dies
1205 2149 1450 2213 legitimus
1475 2149 1644 2213 viginti
1671 2159 1902 2212 quattuor

82 2248 128 2288 25
158 2233 404 2292 horarum,
434 2247 589 2294 usque
622 2233 742 2279 dum
777 2231 881 2280 dies
916 2240 963 2280 et
997 2247 1094 2278 nox
1129 2230 1284 2294 spatia
1319 2231 1391 2279 sui
1424 2248 1593 2279 cursus
1623 2231 1687 2279 ab
1714 2231 1902 2280 oriente

162 2329 320 2376 usque
344 2314 407 2362 ad
437 2314 587 2361 alium
624 2313 909 2362 orientalem
942 2314 1094 2361 solem
1127 2313 1251 2361 caeli
1284 2312 1591 2361 volubilitate
1620 2314 1900 2361 concludat.

157 2394 377 2444 Abusive
402 2404 566 2444 autem
595 2395 700 2444 dies
727 2412 853 2443 unus
888 2405 961 2444 est
987 2394 1198 2457 spatium
1225 2394 1288 2442 ab
1315 2394 1502 2443 oriente
1528 2396 1631 2443 sole
1657 2410 1813 2457 usque
1838 2395 1901 2442 ad

158 2477 484 2526 occidentem.
559 2479 683 2526 Sunt
717 2486 882 2526 autem
918 2476 1014 2526 diei
1053 2475 1208 2540 spatia
1243 2478 1358 2536 duo,
1391 2475 1721 2525 interdianum
1752 2485 1900 2538 atque
1925 2485 1955 2518 2

213 2622 238 2657 4
268 2613 333 2646 est
357 2607 518 2659 (prius)
541 2621 623 2647 om.
656 2606 685 2644 I
864 2609 891 2645 6
919 2608 971 2646 ad
992 2619 1071 2646 om.
1104 2607 1140 2644 T
1314 2620 1334 2656 7
1367 2618 1518 2656 aquam
1539 2612 1581 2645 et
1602 2606 1743 2654 ignem
1766 2603 1899 2644 C1K22

158 2675 265 2714 aqua
288 2668 330 2700 et
350 2663 490 2711 ignem
511 2661 571 2699 K1
594 2676 603 2700 :
633 2674 741 2711 aqua
762 2667 805 2700 et
826 2662 912 2710 igni
933 2660 1019 2700 BT
1125 2660 1273 2710 quibus
1295 2662 1401 2700 dam.
1423 2660 1464 2697 Β
1627 2661 1653 2698 8
1682 2666 1724 2699 et
1744 2674 1826 2699 om.
1853 2659 1902 2698 Cl

159 2722 275 2766 patet
297 2715 416 2754 BCT
596 2716 692 2755 data
713 2721 777 2755 est
797 2714 884 2754 BT
1102 2728 1151 2754 10
1178 2728 1286 2764 quae
1306 2714 1502 2754 ABKT:
1536 2715 1633 2764 quia
1656 2714 1729 2753 Cl:
1762 2727 1845 2753 om.
1868 2713 1903 2750 L

164 2784 210 2820 17
244 2772 472 2810 menimum
496 2770 594 2810 ClK
712 2785 735 2809 a
757 2783 837 2811 mo.
860 2771 908 2810 si.
934 2770 1014 2809 dic.
1038 2783 1122 2810 om.
1146 2768 1225 2806 KL
1251 2771 1354 2821 (non
1372 2771 1436 2818 A,
1606 2782 1654 2807 21
1685 2768 1778 2819 ora]
1802 2781 1905 2806 orae

161 2825 252 2865 dett.
411 2826 508 2864 finis
528 2824 650 2863 BKL
671 2839 680 2864 ε
711 2825 819 2863 fines
841 2825 918 2864 CT
1088 2838 1138 2862 22
1169 2825 1423 2874 prescientia
1449 2824 1486 2863 T
1606 2823 1752 2874 supra]
1775 2835 1906 2871 super

163 2882 284 2931 (corr.
306 2894 356 2919 ex
373 2893 452 2930 sup
466 2880 498 2931 3)
528 2879 566 2917 T
689 2892 740 2929 23
785 2879 834 2919 si.
858 2893 941 2918 non
963 2880 1024 2918 sol
1049 2878 1105 2918 C:
1136 2879 1183 2919 si.
1207 2892 1292 2917 nox
1316 2877 1419 2916 B¹T
1539 2891 1592 2926 24
1623 2877 1799 2926 legimus
1826 2875 1875 2913 Τ1
1897 2892 1905 2915 :

163 2934 374 2984 legitimus
395 2940 459 2974 est
480 2933 520 2972 Β
662 2946 713 2983 25
743 2934 834 2973 hor.
859 2942 925 2974 est
945 2947 1005 2974 us.
1033 2933 1078 2971 K
1217 2935 1269 2971 26
1297 2933 1546 2972 orientalem
1569 2946 1617 2970 ex
1633 2933 1844 2970 orientem
1865 2929 1910 2968 K

165 2988 689 3094 vak)c{>2cl·]Jv)owentem
712 2986 771 3026 Kl
794 2988 847 3040 (L
870 3003 910 3029 ⁷⁷·
934 2989 976 3036 L)
1131 3001 1179 3037 27
1211 2988 1382 3026 abusive
1404 3019 1412 3027 .
1438 3019 1445 3027 .
1473 3019 1480 3027 .
1507 2987 1597 3024 sole
1618 2999 1697 3025 om.
1723 2983 1780 3023 K1
1805 2988 1905 3036 (non

373 3057 413 3083 n.
454 3074 462 3083 .
