2176 3424
399 133 1028 183 ETYMOLOGIARVM
1069 133 1198 179 LIB.
1240 132 1359 178 XII.
1399 130 1446 178 iv

312 267 511 327 Oraque
547 262 836 312 distendens
871 260 1044 310 avidus
1080 260 1319 308 fumantia
1355 265 1554 320 prester.

77 347 176 396 Hic
201 363 350 410 quem
374 345 667 409 percusserit
692 343 1000 402 distenditur,
1029 340 1319 404 enormique
1345 337 1652 402 corpulentia
1670 354 1811 386 neca-

71 439 147 478 tur
165 448 178 490 3
213 428 551 478 extuberatum
577 428 709 475 enim
730 426 939 489 putredo
957 423 1188 487 sequitur.
1262 425 1399 486 Seps,
1418 421 1645 470 tabificus
1664 419 1809 483 aspis,
1834 432 1888 481 17

72 512 156 574 qui
192 512 312 559 dum
349 507 669 558 momorderit
705 508 975 566 hominem,
1015 505 1180 555 statim
1218 522 1330 554 eum
1367 502 1630 563 consumit,
1656 501 1723 550 ita
1760 510 1812 549 ut

9 619 48 660 ,5
71 591 288 655 liquefiat
325 600 455 640 totus
492 590 543 638 in
579 607 662 639 ore
707 587 958 652 serpentis.
1033 587 1261 638 Cerastes
1299 602 1500 650 serpens
1537 584 1712 644 dictus,
1753 600 1813 632 eo
1838 585 1892 632 18

75 674 212 736 quod
245 671 296 720 in
335 674 495 736 capite
537 688 721 720 cornua
756 671 936 719 habeat
979 668 1156 718 similia
1196 670 1432 727 arietum;
1472 668 1640 730 κέρατα
1679 663 1812 714 enim

72 756 247 806 Graeci
273 771 457 803 cornua
480 762 659 802 vocant
680 772 688 801 ε
726 761 839 801 sunt
865 760 1029 799 autem
1055 750 1124 799 illi
1150 748 1524 814 quadrigemina
1549 747 1811 806 cornicula,

74 854 283 901 quorum
310 834 652 895 ostentatione,
676 833 827 883 veluti
847 850 972 894 esca,
996 832 1141 881 inlice
1162 831 1420 881 sollicitata
1438 829 1670 879 animalia
1695 827 1816 892 peri-

75 918 175 968 mit.
247 920 433 966 Totum
461 916 591 965 enim
619 932 798 979 corpus
823 916 942 978 tegit
972 914 1145 974 arenis,
1174 931 1267 962 nec
1292 915 1448 962 ullum
1473 911 1713 961 indicium
1741 911 1815 959 sui

0 1025 52 1054 κο
75 1000 291 1064 praebet,
318 998 412 1047 nisi
437 1015 496 1046 ex
524 1014 582 1046 ea
610 1007 746 1060 parte
772 1014 870 1060 qua
896 996 1123 1045 invitatas
1148 1012 1262 1044 aves
1300 997 1376 1044 vel
1407 994 1640 1043 animalia
1669 991 1814 1055 capit.

76 1085 165 1131 Est
202 1091 368 1130 autem
407 1082 656 1129 flexuosus
689 1081 798 1142 plus
835 1095 983 1142 quam
1021 1077 1102 1126 alii
1139 1086 1404 1140 serpentes,
1433 1076 1500 1125 ita
1529 1085 1582 1124 ut
1624 1074 1815 1138 spinam

76 1181 176 1212 non
202 1163 383 1211 habere
408 1162 645 1211 videatur.
719 1163 910 1224 Scytale
931 1177 1133 1224 serpens
1158 1168 1347 1220 vocata,
1368 1159 1503 1223 quod
1524 1166 1660 1206 tanta
1684 1173 1818 1220 prae·
1842 1165 1902 1212 19

76 1247 227 1309 fulget
253 1243 374 1308 tergi
399 1244 630 1293 varietate
659 1252 713 1291 ut
738 1253 967 1292 notarum
992 1241 1145 1306 gratia
1169 1240 1464 1304 aspicientes
1490 1240 1730 1297 retardet;
1770 1247 1818 1286 et

75 1327 190 1391 quia
214 1327 455 1390 reptando
482 1325 661 1390 pigrior
686 1335 773 1386 est,
803 1342 927 1389 quos
952 1323 1159 1388 adsequi
1186 1341 1288 1373 non
1312 1324 1454 1382 valet,
1483 1322 1720 1372 miraculo
1746 1322 1819 1369 sui

0 1423 58 1498 ἢ
75 1417 329 1472 stupentes
354 1409 497 1472 capit.
559 1408 708 1455 Tanti
733 1417 899 1455 autem
925 1405 1124 1454 fervoris
1150 1415 1223 1454 est
1249 1414 1302 1453 ut
1328 1404 1475 1454 etiam
1501 1403 1677 1453 hiemis
1703 1413 1821 1451 tem-

77 1507 194 1555 pore
231 1490 431 1539 exuvias
468 1491 684 1553 corporis
728 1490 958 1538 ferventis
1002 1498 1231 1551 exponat.
1324 1490 1401 1535 De
1445 1504 1544 1549 quo
1588 1487 1819 1535 Lucanus

79 1571 312 1637 (9,7ῐ7)Σ

342 1656 405 1702 Et
443 1655 625 1717 scytale
664 1652 841 1717 sparsis
879 1651 1026 1701 etiam
1064 1668 1197 1700 nunc
1236 1653 1339 1700 sola
1376 1650 1562 1715 pruinis

346 1734 543 1785 exuvias
581 1734 797 1798 positura
833 1751 960 1782 suas.

0 1846 58 1873 ,ω
86 1818 458 1881 Amphisbaena
483 1817 627 1875 dicta,
657 1834 716 1865 eo
746 1817 882 1878 quod
911 1817 1013 1864 duo
1044 1816 1205 1878 capita
1230 1815 1424 1874 habeat,
1454 1832 1609 1862 unum
1636 1815 1686 1861 in
1711 1814 1822 1861 loco
1846 1819 1914 1853 20

82 1917 184 1958 suo,
217 1900 422 1947 alterum
455 1897 506 1946 in
537 1899 711 1958 cauda,
742 1914 939 1946 currens
978 1913 1036 1945 ex
1075 1906 1284 1960 utroque
1321 1897 1496 1960 capite,
1534 1906 1690 1945 tractu
1724 1912 1824 1943 cor-

81 1980 210 2044 poris
258 1979 503 2028 circulato.
578 1981 722 2027 Haec
760 1981 863 2027 sola
909 1978 1207 2041 serpentium
1255 1978 1416 2041 frigori
1455 1995 1507 2027 se
1543 1979 1821 2036 committit,

80 2061 235 2125 prima
260 2063 483 2110 omnium
509 2061 799 2123 procedens.
874 2061 952 2108 De
978 2076 1075 2122 qua
1100 2059 1231 2108 idem
1261 2059 1491 2108 Lucanus
1520 2059 1584 2124 (9,
1609 2059 1752 2124 719):

0 2179 8 2212 Ι.
40 2160 49 2193 ι
215 2147 278 2192 Et
315 2142 470 2206 gravis
507 2142 556 2189 in
593 2143 846 2205 geminum
883 2157 1086 2203 vergens
1123 2151 1271 2204 caput
1307 2142 1677 2204 amphisbaena.

0 2215 61 2295 ξας
83 2226 237 2277 Cuius
264 2225 394 2275 oculi
422 2226 590 2273 lucent
619 2223 770 2272 veluti
798 2225 1045 2272 lucernae.
1119 2222 1366 2286 Enhydris
1393 2224 1595 2272 colubra
1620 2225 1670 2271 in
1695 2240 1824 2286 aqua
1847 2235 1901 2268 21

82 2309 274 2366 vivens;
329 2305 506 2356 Graeci
543 2304 675 2354 enim
713 2322 894 2369 aquarn
930 2306 1050 2368 ὕδωρ
1086 2315 1279 2353 vocant.
1353 2307 1555 2368 Hydros
1597 2305 1824 2369 aquatilis
1847 2315 1912 2350 22

83 2405 294 2452 serpens,
323 2405 352 2436 a
377 2404 476 2451 quo
502 2386 585 2436 icti
611 2387 993 2450 obturgescunt;
1031 2386 1170 2435 cuius
1191 2387 1393 2450 quidam
1421 2387 1649 2436 morbum
1676 2389 1824 2437 boam

136 2533 160 2557 2
188 2525 365 2569 negatur
398 2518 444 2557 K
605 2531 630 2567 3
662 2517 772 2567 Spes
811 2516 894 2555 tab.
941 2516 1002 2555 T:
1047 2515 1357 2566 Spectabificus
1390 2529 1440 2554 ex
1470 2516 1738 2567 Spectaficus
1761 2518 1821 2556 C:

4 2588 5 2593 ¹
85 2573 388 2624 Spectavificus
409 2573 454 2611 K
470 2587 478 2610 :
512 2572 818 2622 Spectabificus
839 2571 1078 2621 appellatur
1097 2571 1138 2609 B
1302 2585 1326 2620 4
1356 2572 1560 2610 morderit
1582 2571 1620 2610 T
1724 2585 1822 2612 con-

7 2664 16 2666 -
84 2635 219 2668 sumet
239 2629 284 2668 K
393 2640 417 2677 5
447 2627 607 2667 levifiat
625 2627 671 2665 K
781 2639 801 2675 7
832 2631 1037 2665 vocantur
1055 2625 1096 2663 Β
1116 2638 1125 2663 :
1144 2639 1227 2666 om.
1248 2625 1282 2664 C
1284 2626 1298 2651 1
1407 2632 1504 2666 sunt
1522 2657 1530 2666 .
1547 2656 1557 2666 .
1577 2657 1586 2666 .
1606 2640 1721 2666 corn.
1738 2641 1819 2666 om.

49 2692 57 2709 '¹
89 2683 123 2722 C
227 2685 253 2723 8
282 2683 464 2722 inlicens
482 2682 566 2720 El:
597 2681 791 2720 inliciens
813 2680 904 2720 CB2
925 2684 1023 2732 (non
1051 2680 1142 2730 U):
1172 2680 1359 2719 inlidens
1388 2681 1433 2720 K
1540 2682 1764 2720 sollicitate
1794 2682 1831 2719 T

50 2722 62 2758 !
88 2737 190 2790 (non
224 2737 281 2789 U)
393 2736 560 2787 perimit
590 2749 639 2774 ex
667 2735 820 2785 premit
857 2736 893 2775 C
1058 2748 1107 2773 10
1137 2734 1312 2774 invitata
1345 2735 1395 2775 Cl
1562 2749 1608 2774 11
1641 2737 1750 2776 aliae
1785 2736 1825 2774 Β

90 2804 139 2830 12
168 2791 342 2843 Scytale
374 2791 498 2830 Arev.
537 2794 606 2842 (ex
635 2789 767 2828 Solin.
803 2789 992 2841 27,30):
1038 2788 1207 2828 Scitalis
1236 2791 1362 2842 (-th-)
1395 2790 1506 2831 codd.
1650 2805 1740 2830 voc.
1777 2804 1825 2829 ex

9 2879 12 2882 .
88 2847 326 2886 nominatus
355 2846 424 2886 K:
456 2851 632 2884 vocatus
666 2844 702 2882 C
807 2846 921 2894 quod
955 2842 1052 2882 CT:
1083 2844 1181 2893 quia
1211 2844 1298 2882 ΒΚ
1463 2858 1511 2893 13
1542 2858 1589 2883 se
1622 2847 1759 2884 tardet
1785 2846 1827 2883 B

93 2904 142 2940 16
170 2901 321 2940 exuvia
351 2901 397 2939 K
571 2901 619 2938 18
647 2899 851 2938 scithales
883 2899 1022 2949 persis
1061 2898 1124 2937 T:
1163 2899 1325 2938 scitalis
1354 2901 1492 2949 persis
1525 2899 1629 2938 KC:
1662 2900 1826 2939 scitalis

90 2957 248 3005 spersis
278 2957 319 2994 B
447 2967 500 2993 20
530 2953 848 3004 Amphjsbaena
868 2954 992 2992 Arev.
1017 2952 1084 3005 (ex
1103 2952 1236 2993 Solin.
1262 2966 1328 3002 27,
1343 2954 1415 3006 29)
1439 2969 1448 2992 ε
1476 2954 1690 2993 Anfivena
1710 2955 1821 2994 codd.

92 3009 160 3059 (ex
177 3023 360 3050 -venena
394 3008 446 3058 T)
613 3021 663 3047 22
695 3008 848 3057 frigore
873 3009 939 3047 B:
970 3007 1149 3057 frigores
1170 3007 1215 3046 K
1377 3021 1426 3059 24
1456 3009 1737 3048 anfisvenena
1765 3009 1826 3048 T:

91 3065 284 3103 anfivena
304 3064 438 3115 (-ph-)
458 3064 578 3103 BCK
768 3075 819 3112 25
850 3064 916 3102 cui
935 3062 976 3101 B
1105 3061 1322 3102 Henidros
1349 3062 1386 3100 T
1515 3064 1686 3103 coluber
1706 3063 1830 3104 BCK

93 3121 144 3156 26
173 3119 293 3158 viens
309 3117 355 3156 K
463 3119 580 3167 Hyd.
601 3149 608 3157 .
631 3149 639 3157 .
657 3147 665 3157 .
685 3118 847 3167 obturg.
873 3131 954 3156 om.
984 3116 1034 3154 T¹
1145 3130 1194 3166 27
1227 3117 1395 3167 quidem
1416 3117 1448 3154 C
1558 3131 1771 3158 morsuum
1798 3119 1833 3156 T
