2176 3424
539 100 1172 150 ETYMOLOGIARVM
1213 102 1343 149 LIB.
1385 103 1430 148 X

129 230 255 277 sint:
294 246 442 293 quem
470 229 521 278 in
546 232 710 280 cinere
735 231 1003 279 calefacere
1029 231 1191 279 solent
1217 231 1302 293 qui
1327 230 1532 294 capillos
1558 230 1790 294 crispant,
1818 241 1871 281 ut

127 311 439 361 calamistrati
456 312 566 361 sint.
630 313 977 376 Corpulentus‚
995 314 1132 375 quod
1153 312 1214 362 sit
1233 329 1437 376 corpore
1453 313 1644 362 validus
1662 323 1710 362 et
1726 314 1871 363 lentis
1892 318 1956 378 58

126 394 368 443 carnibus.
430 395 650 456 Crassus,
674 411 702 443 a
722 394 888 458 sagina
905 393 1137 457 corporis,
1158 412 1187 443 a
1207 397 1422 444 creando
1440 411 1625 444 carnes.
1688 396 1870 445 Come-

124 493 216 536 sor,
243 494 273 525 a
297 478 612 526 comedendo
638 476 767 525 satis.
843 479 932 525 Est
963 475 1095 525 enim
1126 479 1269 540 gulae
1293 495 1351 526 ac
1376 477 1534 526 ventri
1560 477 1869 528 inmoderate

78 575 99 615 5
124 556 335 606 deditus.
398 560 592 622 Caupo,
618 560 860 622 pessimus
886 560 950 608 de
974 559 1090 610 vino
1121 576 1302 623 aquam
1328 558 1528 609 faciens.
1609 560 1868 609 Candidus
1890 568 1960 618 59

124 636 325 704 [bonus‚
355 638 615 706 candens].

258 722 425 770 Canus
452 721 611 770 dictus
636 738 664 771 a
690 721 906 771 candido
924 740 937 783 3
980 732 1027 771 et
1061 722 1303 772 candidus
1329 722 1468 785 quasi
1494 724 1681 771 candor
1706 725 1864 772 datus.

122 802 298 851 Studio
330 803 462 852 enim
492 803 685 852 accedit
715 805 915 852 candor.
989 806 1121 853 Nam
1157 804 1327 853 album
1363 804 1528 853 vocari
1564 815 1737 854 natura
1775 814 1863 854 est.

120 884 338 948 Crispus.
413 887 614 935 Clodus.
688 886 894 936 Curvus.
966 886 1160 936 Caecus
1195 888 1490 950 appellatus,
1526 889 1663 950 quod
1705 896 1865 936 careat
1888 893 1961 939 60

47 984 96 1013 10
118 966 290 1015 visum.
363 969 453 1016 Est
478 967 611 1016 enirn
637 967 909 1016 luminibus
941 968 1147 1018 amissis.
1222 970 1416 1018 Caecus
1442 978 1515 1018 est
1541 971 1626 1032 qui
1652 978 1866 1032 utroque

118 1051 264 1097 oculo
290 1066 391 1098 non
417 1049 565 1099 videt.
640 1051 873 1100 Caducus
899 1068 928 1098 a
954 1052 1182 1100 cadendo
1208 1050 1384 1099 dictus.
1448 1052 1592 1100 Idem
1619 1051 1864 1100 lunaticus
1891 1057 1951 1104 61

118 1147 177 1179 eo
211 1132 347 1193 quod
382 1128 537 1197 [certo
571 1133 717 1181 lunae
750 1141 974 1196 tempore
1005 1130 1252 1198 patiatur]
1329 1133 1581 1182 Confusus
1609 1150 1638 1181 a
1671 1134 1864 1182 confes-

118 1212 256 1261 sione
282 1213 477 1262 sceleris
496 1215 786 1277 appellatus.
849 1216 975 1264 Inde
996 1224 1043 1264 et
1063 1216 1303 1263 confusio.
1366 1216 1648 1264 Convulsus
1669 1216 1860 1279 dicitur,
1886 1216 1957 1263 62

117 1294 196 1342 cui
234 1311 320 1343 sua
357 1295 404 1343 vi
441 1297 606 1358 aliqua
641 1298 942 1345 adimuntur.
1017 1297 1163 1346 Vnde
1207 1306 1255 1345 et
1298 1299 1536 1346 convulsa
1578 1298 1731 1360 navis,
1773 1298 1853 1346 cui

45 1395 92 1436 15
118 1375 386 1424 eminentia
411 1376 458 1425 vi
483 1377 789 1440 tempestatis
814 1378 1116 1441 adimuntur,
1137 1387 1190 1426 ut
1210 1378 1454 1441 Vergilius
1479 1377 1627 1443 (Aen.
1656 1398 1694 1442 1⁷
1716 1382 1777 1443 38
1785 1379 1862 1445 3):

575 1459 671 1506 Vix
707 1467 897 1522 septem
935 1461 1202 1509 convulsae
1239 1459 1401 1517 undis,

114 1540 253 1601 quasi
304 1539 572 1589 mutilatae.
660 1541 1015 1604 Consumptus‚
1056 1550 1189 1591 totus
1227 1551 1453 1605 sumptus
1492 1551 1541 1590 et
1578 1544 1860 1592 devoratus.
1885 1552 1954 1609 63

116 1621 436 1670 Conciliatrix
479 1621 545 1669 ob
588 1621 874 1671 societatem
918 1623 1187 1686 flagitiosae
1229 1623 1569 1673 consensionis
1613 1624 1758 1686 dicta,
1802 1642 1862 1674 eo

113 1703 249 1764 quod
277 1701 568 1752 intercurrat
593 1703 913 1768 alienumque
939 1706 1185 1755 nundinet
1209 1723 1402 1769 corpus.
1466 1708 1616 1754 Hanc
1638 1706 1785 1755 etiarn
1813 1717 1861 1757 et

42 1808 91 1836 20
112 1784 347 1832 lenonem
375 1793 567 1833 vocant.
640 1785 1057 1850 Circumforanus,
1082 1788 1167 1850 qui
1191 1788 1576 1837 advocationum
1598 1805 1745 1838 causa
1771 1789 1859 1838 cir·
1884 1789 1953 1849 64

113 1883 228 1915 cum
255 1867 360 1915 fora
386 1875 434 1915 et
460 1876 735 1916 conventus
762 1878 977 1931 vagatur.
1052 1869 1369 1933 Collegiatus.
1442 1870 1806 1934 Carpentarius.
1940 1872 1943 1876 ’

964 1973 1010 2018 D

217 2047 466 2097 Dominus
483 2066 570 2113 per
579 2049 934 2100 derivationem
946 2051 1122 2111 dictus,
1137 2053 1271 2115 quod
1282 2053 1454 2101 domui
1473 2053 1666 2116 praesit.
1698 2056 1860 2104 Diser-
1883 2057 1951 2117 65

112 2139 205 2191 tus,
226 2132 419 2192 doctus,
432 2148 460 2179 a
476 2131 766 2182 disserendo
783 2133 966 2183 dictus:
993 2133 1232 2198 disposite
1249 2134 1381 2183 enim
1399 2134 1605 2185 disserit.
1647 2137 1854 2199 Doctus,

37 2239 85 2280 25
110 2230 138 2261 a
154 2212 383 2262 dicendo.
433 2214 559 2262 Inde
576 2223 624 2264 et
640 2214 813 2264 dictor.
861 2216 1062 2276 Docilis,
1079 2233 1180 2265 non
1197 2217 1333 2279 quod
1352 2216 1412 2265 sit
1428 2218 1625 2279 doctus,
1639 2220 1727 2267 sed
1742 2220 1856 2282 quia
1880 2223 1952 2282 66

167 2354 184 2380 1
217 2341 362 2392 quem]
386 2355 510 2392 quam
528 2342 639 2382 codd.
666 2342 725 2394 (et
751 2344 794 2382 in
825 2357 959 2395 marg.
982 2344 1112 2385 scriba
1131 2358 1229 2385 saec.
1255 2344 1310 2384 ixi
1332 2345 1548 2398 adscripsit
1566 2352 1697 2386 stram
1719 2348 1855 2387 Varro

110 2396 230 2446 fingit
259 2396 301 2435 in
323 2395 376 2435 K.
439 2397 499 2446 Cf.
526 2397 684 2439 Charis.
713 2412 746 2449 1,
771 2400 837 2449 80,
866 2400 934 2451 12)
1139 2400 1182 2438 in
1205 2401 1321 2440 crine
1344 2401 1378 2439 C
1577 2402 1674 2451 quia
1695 2415 1785 2454 cap.
1811 2409 1858 2442 ut

109 2451 188 2490 vid.
221 2451 366 2490 Tante
385 2463 484 2490 corr.
643 2466 668 2503 3
699 2453 880 2492 Crassus
900 2483 908 2492 .
937 2485 946 2495 .
973 2485 982 2494 .
1009 2467 1120 2494 carn.
1144 2467 1223 2494 om.
1253 2455 1291 2494 T
1423 2468 1447 2505 5
1478 2456 1574 2495 facit
1594 2456 1642 2494 K
1658 2458 1763 2508 (non
1784 2458 1827 2495 A
1836 2458 1850 2505 )

111 2506 328 2545 Candidus
350 2518 430 2545 om.
456 2505 502 2544 K
521 2506 623 2556 (non
643 2507 703 2560 A)
905 2510 931 2547 6
964 2509 1115 2559 bonus,
1141 2510 1325 2548 candens
1345 2510 1438 2550 hab.
1470 2510 1528 2550 T:
1556 2525 1641 2550 om.
1663 2511 1858 2551 ABCIK

110 2562 134 2600 8
166 2561 341 2600 accedet
369 2561 428 2599 T:
457 2561 612 2600 accidit
633 2561 674 2599 Β
818 2577 844 2613 9
873 2563 1052 2613 Crispus
1073 2577 1155 2603 om.
1185 2564 1240 2602 T:
1273 2565 1464 2615 Crispus,
1490 2565 1660 2617 Clodus,
1687 2566 1851 2605 Curvus

110 2629 192 2654 om.
216 2614 262 2652 K
368 2621 482 2655 caret
510 2616 547 2654 T
710 2630 759 2656 10
787 2618 922 2657 visum
943 2618 984 2655 A
1011 2619 1096 2669 (-su
1118 2617 1258 2670 BCT)
1279 2633 1288 2658 :
1318 2620 1459 2659 lumen
1482 2619 1528 2658 K
1648 2626 1712 2659 est
1735 2620 1848 2672 (alt.)

110 2682 192 2710 om.
217 2669 252 2708 C
416 2680 459 2706 11
493 2669 627 2721 idem]
651 2671 692 2709 id
714 2677 779 2710 est
799 2671 846 2710 K
1017 2686 1066 2711 12
1095 2686 1146 2711 eo
1166 2674 1281 2722 quod
1304 2705 1311 2714 .
1337 2704 1345 2713 .
1370 2705 1379 2714 .
1404 2682 1488 2726 pat.
1514 2675 1606 2714 hab.
1633 2675 1732 2714 CT:
1762 2689 1845 2716 om.

110 2723 181 2764 K:
224 2730 340 2763 certo
364 2756 372 2763 .
394 2755 403 2764 .
429 2752 439 2763 .
463 2731 547 2774 pat.
586 2737 668 2764 om.
709 2725 778 2764 Β]
1001 2727 1269 2766 confessione
1308 2727 1437 2768 BCI:
1478 2730 1726 2769 confusione
1766 2729 1855 2770 KT

113 2790 161 2827 14
181 2791 257 2817 sua
277 2777 338 2830 vi]
360 2791 489 2819 suave
511 2778 580 2817 K:
601 2791 675 2818 sua
697 2780 732 2818 C
811 2781 901 2832 cui]
925 2782 1043 2821 cuius
1065 2780 1106 2819 B
1219 2794 1266 2832 15
1289 2783 1354 2835 ut]
1370 2785 1484 2823 unde
1505 2783 1547 2821 B
1659 2797 1707 2833 17
1730 2785 1847 2824 multi

110 2831 192 2872 late
213 2831 259 2870 K
421 2834 470 2871 18
499 2834 698 2883 flagiosae
720 2834 756 2873 C
918 2849 968 2887 19
997 2837 1111 2887 quod
1132 2849 1214 2876 om.
1246 2837 1285 2876 T
1386 2839 1571 2878 alienum
1591 2844 1633 2877 et
1653 2839 1783 2879 nund.
1807 2838 1850 2877 B

110 2899 161 2926 20
188 2887 355 2927 leonem
376 2886 470 2926 BCl
670 2902 718 2929 21
751 2890 1022 2930 circumforat
1043 2890 1084 2928 Β
1283 2899 1457 2933 vocatur
1476 2892 1566 2931 ΒΚ
1577 2908 1587 2932 z
1614 2898 1792 2942 vagatus
1816 2894 1851 2933 C

110 2939 218 2982 Con.
236 2941 360 2993 Carp.
380 2955 462 2982 om.
481 2942 528 2981 K
543 2942 643 2992 (non
659 2944 722 2994 A)
836 2957 887 2994 23
918 2945 1058 2985 domui
1079 2959 1160 2985 om.
1182 2945 1232 2984 Cl
1356 2960 1407 2997 25
1439 2948 1619 2987 dicendo
1637 2948 1762 2987 etiam
1778 2948 1852 2988 AI

111 2995 208 3034 inde
229 3002 270 3035 et
291 2997 424 3037 dictor
443 2998 509 3038 do.
532 2997 674 3037 CKTI
691 2999 793 3050 (Do.
817 3013 908 3040 nov.
934 3000 1095 3053 lemm.)
1118 3016 1127 3040 ε
1157 3001 1297 3041 dictus
1318 3001 1418 3042 inde
1440 3009 1482 3042 et
1502 3002 1655 3042 dicitur
1676 3003 1743 3042 do.
1767 3003 1810 3042 A
1834 3017 1842 3042 :

109 3050 246 3090 dictus
266 3051 365 3092 inde
384 3057 426 3092 et
448 3053 586 3093 dictor
606 3053 672 3094 do.
693 3053 756 3095 B:
791 3054 889 3094 inde
907 3061 950 3095 et
971 3056 1118 3095 doctor
1137 3057 1204 3096 do.
1228 3056 1351 3096 Arev.
