2228 3444
451 124 1080 173 ETYMOLOGIARVM
1119 124 1249 170 LIB.
1290 123 1408 169 VII.
1449 121 1530 168 viii

118 258 179 305 de
205 257 342 304 caelo
366 255 416 303 in
441 263 639 318 stupore
663 253 842 303 mentis
867 270 980 302 cum
1013 251 1154 301 variis
1184 250 1495 300 animalibus.
1569 251 1856 299 Secundum
1881 264 1947 312 34

115 353 269 400 genus
306 336 454 398 visi03
502 335 626 385 sicut
661 337 795 400 apud
831 334 1029 384 Esaiam
1066 333 1315 383 dicentem
1353 330 1507 398 <Esai.
1527 334 1572 391 6,
1597 332 1671 396 1):
1713 331 1857 381 ‘Vidi

117 418 390 467 Dominum
425 419 680 467 sedentem
714 433 858 481 super
891 416 1069 465 solium
1099 417 1376 465 excelsum.’
1447 412 1670 462 Tertium
1702 430 1857 476 genus

117 500 391 559 somnium3
441 499 565 548 sicut
606 499 760 548 Iacob
807 497 1067 547 subnixam
1116 497 1166 545 in
1206 498 1344 546 caelo
1384 497 1566 545 scalam
1606 494 1856 544 dormiens

71 607 93 647 5
117 582 249 632 vidit.
345 584 589 644 Quartum
645 598 798 644 genus
853 597 939 643 per
986 580 1174 629 nubem
1191 596 1203 639 3
1263 578 1387 627 sicut
1435 579 1499 627 ad
1548 579 1761 640 Moysen
1810 586 1857 624 et

116 665 179 713 ad
210 664 304 712 Iob
340 673 450 726 post
486 665 678 726 plagam
715 661 930 725 loquitur
965 664 1115 710 Deus.
1191 660 1434 723 Quintum
1473 676 1629 723 genus
1665 676 1759 708 vox
1796 659 1859 707 de
1883 669 1946 719 35

116 747 284 806 caelo3
341 745 465 793 sicut
522 746 585 793 ad
643 745 897 793 Abraham
958 743 1122 792 sonuit
1181 744 1352 792 dicens
1413 741 1617 807 (Genes.
1644 759 1718 800 22,
1744 739 1824 805 12)
1849 759 1859 789 ε

120 830 225 876 ‘Ne
262 826 428 875 inicias
462 844 664 875 manum
694 837 829 875 tuam
862 826 913 874 in
949 826 1187 888 puerum.'
1259 827 1322 872 Et
1357 825 1422 872 ad
1459 825 1661 872 Saulum
1699 822 1749 870 in
1786 820 1864 870 via

118 908 247 973 (Act.
271 927 314 971 9,
336 907 416 971 4):
468 910 653 969 ‘Saule,
700 910 857 967 Saule,
904 907 1024 970 quid
1073 924 1152 955 me
1199 904 1567 969 persequeris?'
1657 906 1859 953 Sextum
1885 912 1953 969 36

47 1015 95 1044 10
117 1006 268 1054 genus
292 1000 495 1053 accepta
517 991 752 1053 parabola
772 1008 784 1050 3
820 989 946 1039 sicut
970 990 1104 1052 apud
1139 989 1456 1037 Salomonem
1490 986 1541 1035 in
1569 985 1857 1044 Proverbiis,

117 1081 163 1120 et
197 1073 331 1134 apud
369 1073 583 1132 Balaam,
623 1088 735 1120 cum
773 1081 1058 1120 evocaretur
1092 1088 1122 1119 a
1158 1071 1321 1118 Balac.
1394 1068 1670 1132 Septimum
1706 1085 1861 1131 genus

115 1152 318 1216 repletio
367 1153 523 1202 sancti
561 1153 797 1216 Spiritus,
847 1153 973 1202 sicut
1014 1169 1141 1216 pene
1183 1153 1317 1215 apud
1360 1168 1533 1200 omnes
1575 1152 1855 1214 prophetas.

116 1234 212 1282 Alii
249 1235 338 1283 tria
371 1251 549 1298 genera
585 1234 829 1283 visionum
869 1232 1017 1301 [esse]
1061 1234 1301 1283 dixerunt.
1375 1237 1544 1282 Vnum
1583 1233 1857 1282 secundum
1884 1244 1946 1294 37

114 1319 284 1366 oculos
301 1319 516 1381 corporis
526 1336 539 1377 3
559 1317 683 1366 sicut
703 1317 823 1367 vidit
844 1318 1096 1366 Abraham
1113 1326 1207 1366 tres
1227 1318 1353 1365 viros
1375 1316 1466 1364 sub
1483 1315 1593 1365 ilice
1614 1316 1859 1376 Mambre,

45 1422 88 1466 15
114 1408 162 1447 et
182 1401 381 1462 Moyses
406 1399 569 1464 ignem
594 1399 643 1447 in
670 1400 807 1458 rubo,
837 1409 884 1448 et
910 1398 1137 1462 discipuli
1161 1400 1556 1461 transfiguratum
1585 1397 1859 1446 Dominum

113 1480 162 1529 in
180 1490 349 1530 monte
366 1481 491 1530 inter
513 1484 723 1544 Moysen
743 1491 791 1530 et
813 1482 1029 1540 Heliam,
1049 1490 1097 1529 et
1117 1489 1278 1529 cetera
1297 1479 1598 1529 huiusmodi.
1634 1481 1860 1529 Alterum
1883 1484 1948 1543 38

115 1565 389 1613 secundum
423 1563 659 1627 spiritum,
688 1581 788 1626 quo
812 1562 1137 1626 imaginamur
1162 1579 1219 1612 ea
1245 1579 1372 1625 quae
1403 1580 1488 1626 per
1513 1579 1690 1625 corpus
1717 1559 1860 1610 senti-

119 1663 225 1694 mus
244 1663 256 1705 3
292 1645 416 1694 sicut
452 1645 573 1694 vidit
610 1649 781 1694 Petrus
819 1645 1011 1694 discum
1049 1644 1186 1693 illum
1224 1643 1446 1694 submitti
1477 1646 1540 1693 de
1574 1645 1711 1692 caelo
1745 1660 1858 1691 cum

117 1727 257 1776 variis
282 1727 589 1787 animalibus,
617 1737 665 1776 et
700 1727 824 1775 sicut
856 1726 1025 1776 Esaias
1064 1729 1229 1775 Deum
1256 1726 1306 1774 in
1340 1727 1458 1775 sede
1490 1725 1726 1775 altissima
1755 1741 1858 1773 non

42 1833 93 1861 20
116 1810 442 1872 corporaliter,
461 1811 548 1858 sed
574 1809 849 1872 spiritaliter
874 1808 1009 1858 vidit.
1082 1811 1199 1858 Non
1225 1808 1357 1857 enim
1387 1811 1550 1857 Deum
1577 1810 1733 1857 forma
1758 1824 1858 1855 cor·
1883 1820 1952 1867 39

115 1907 262 1954 porea
279 1892 706 1951 circumterminat,
727 1893 813 1940 sed
840 1892 1265 1954 quemadmodum
1293 1892 1508 1953 figurate,
1538 1907 1639 1938 non
1664 1888 1859 1952 proprie

116 1975 268 2021 multa
293 1974 535 2031 dicuntur,
562 1972 628 2020 ita
653 1972 801 2021 etiam
828 1974 1029 2035 figurate
1055 1974 1210 2020 multa
1236 1980 1584 2019 monstrantur.
1635 1970 1858 2019 Tertium
1881 1984 1951 2032 40

113 2065 278 2103 autem
304 2071 457 2117 genus
477 2053 676 2102 visionis
703 2063 790 2114 est,
811 2055 946 2116 quod
972 2071 1134 2117 neque
1158 2053 1404 2116 corporeis
1430 2053 1668 2113 sensibUS,
1697 2070 1859 2116 neque

116 2136 195 2183 illa
219 2146 355 2199 parte
388 2137 582 2184 animae
608 2153 704 2198 qua
729 2135 1054 2198 corporalium
1083 2134 1286 2201 [rerum]
1312 2135 1548 2199 imagines
1583 2135 1856 2199 capiuntur,
1889 2165 1892 2169 ι

44 2234 90 2274 25
116 2219 203 2266 sed
251 2234 336 2280 per
377 2217 609 2266 intuitum
658 2217 836 2266 mentis
873 2235 973 2280 quo
1016 2218 1264 2267 intellecta
1306 2217 1606 2281 conspicitur
1653 2217 1828 2266 veritas

116 2299 239 2348 sicut
267 2299 444 2348 Daniel
477 2298 726 2363 praeditus
761 2309 927 2348 mente
952 2298 1072 2348 vidit
1097 2301 1233 2363 quod
1265 2301 1521 2348 Balthasar
1545 2299 1733 2349 viderat
1759 2317 1859 2348 cor-

115 2398 246 2444 pore,
274 2381 378 2430 sine
403 2398 502 2444 quo
520 2398 698 2444 genere
722 2381 804 2429 illa
828 2383 930 2430 duo
949 2383 1025 2430 vel
1050 2381 1352 2430 infructuosa
1377 2391 1505 2442 sunt,
1532 2383 1609 2430 vel
1634 2383 1782 2431 etiam
1808 2382 1858 2430 in

114 2479 324 2512 errorem
351 2463 564 2512 mittunt.
638 2463 821 2512 Omnia
857 2472 1023 2511 tamen
1057 2465 1178 2512 haec
1207 2480 1387 2526 genera
1419 2462 1625 2526 Spiritus
1660 2474 1857 2512 sanctus

166 2607 191 2642 3
222 2593 476 2632 exelselsum
505 2593 541 2631 T
674 2608 696 2642 4
730 2593 770 2631 in
794 2594 954 2632 caelum
978 2594 1012 2633 C
1130 2606 1154 2643 5
1185 2594 1258 2646 ad]
1281 2607 1359 2644 per
1387 2594 1423 2633 T
1582 2598 1608 2634 6
1638 2596 1690 2634 ad
1711 2609 1792 2634 om.
1814 2594 1860 2632 K

113 2648 137 2686 8
157 2660 289 2698 puero
310 2647 398 2685 ΒΚ
499 2661 540 2686 11
565 2648 706 2698 evoc.]
724 2649 1011 2698 expelleretur
1037 2647 1089 2685 T1
1191 2661 1236 2687 12
1257 2650 1358 2699 spir.
1376 2662 1464 2688 san.
1490 2650 1524 2688 C
1627 2664 1674 2700 13
1694 2650 1790 2689 Alia
1808 2650 1857 2688 Cl

113 2715 208 2742 esse
228 2702 318 2742 hab.
342 2702 498 2741 BCT2:
528 2715 610 2742 om.
628 2701 777 2741 ΛΚΤ1
947 2716 992 2752 14
1023 2702 1125 2743 Abr.
1149 2709 1199 2742 tr.
1222 2704 1325 2742 vidit
1347 2704 1386 2741 A
1554 2705 1669 2744 viros
1691 2718 1772 2743 om.
1794 2703 1855 2742 Kl

115 2769 161 2805 15
191 2758 314 2796 rubro
331 2756 387 2794 Β1
503 2770 549 2808 17
580 2757 683 2806 quo]
705 2759 816 2807 quod
839 2758 887 2797 Cl
974 2757 1260 2808 imaginantur
1281 2757 1441 2807 [sinon
1461 2759 1524 2803 A)
1544 2773 1553 2797 :
1576 2759 1855 2810 imaginarum

119 2810 156 2848 T
277 2811 375 2863 per]
397 2812 629 2851 secundum
651 2811 697 2849 K
714 2812 818 2863 (non
838 2813 902 2864 A)
1019 2814 1066 2850 18
1097 2813 1257 2864 subm.]
1279 2813 1485 2852 committi
1512 2813 1549 2851 T
1654 2827 1747 2852 cum
1764 2827 1852 2854 var.

112 2878 179 2906 an.
197 2878 279 2906 om.
298 2866 343 2903 K
358 2869 459 2920 (non
474 2867 537 2919 Α)
643 2880 692 2915 19
716 2867 871 2918 Deum]
889 2867 1103 2907 dominum
1122 2867 1201 2905 CK
1299 2880 1352 2906 20
1371 2868 1575 2918 spiriliter
1594 2868 1632 2906 T
1721 2882 1772 2907 22
1795 2875 1851 2908 et.

113 2920 280 2969 figurati
297 2920 343 2959 K
463 2935 515 2970 23
546 2934 627 2971 quo
646 2921 841 2961 Schwarz
962 2936 1013 2971 24
1044 2923 1127 2960 ulla
1143 2921 1189 2960 K
1295 2922 1398 2975 qua]
1415 2935 1523 2974 quae
1547 2923 1596 2962 Cl
1617 2937 1625 2961 :
1656 2936 1793 2973 neque
1809 2922 1856 2961 K

115 2985 252 3014 rerum
265 2975 357 3017 hab.
372 2974 465 3015 ΕΚΖ
474 2976 511 3015 T
516 2990 526 3016 ε
547 2989 628 3016 om.
642 2975 743 3015 ΒΚ1
855 2989 906 3026 25
926 2977 1036 3026 quod
1051 2976 1165 3015 561:
1184 2976 1271 3017 secl.
1286 2977 1482 3017 Schwarz
1584 2978 1852 3029 conspiciun-

114 3035 181 3067 tur
196 3027 299 3067 BlT
402 3033 454 3070 26
485 3031 727 3080 praedictus
751 3031 882 3084 <pre-)
906 3031 1002 3072 C1T
1108 3045 1157 3081 27
1187 3031 1438 3072 inssuctuosa
1461 3030 1510 3070 C1
1621 3034 1672 3071 28
1702 3033 1852 3084 spiritu

113 3089 258 3123 saneto
281 3086 551 3124 moderantur
571 3085 615 3123 K
676 3130 683 3136 X
