2228 3444
414 143 1059 197 'ETYMOLOGIARVM
1100 151 1228 197 LIB.
1269 150 1366 196 III.
1404 148 1560 197 xii-xv

119 287 284 338 ventu,
306 279 590 341 retrogradu
615 294 681 326 an
705 286 839 326 recto
863 276 1049 337 itinere,
1072 277 1282 327 latitudo
1309 288 1357 327 et
1382 277 1654 341 longitudo.
1719 276 1867 326 Ratio
1891 289 1922 334 3

118 359 360 409 interioris
387 362 587 409 formae.
650 362 826 409 Posset
852 359 997 410 huius
1024 360 1121 409 loci
1146 362 1254 410 talis
1282 361 1506 424 quaestio
1532 359 1683 409 nasci.
1737 362 1867 410 Cum

118 442 169 489 in
202 443 375 490 ordine
411 440 606 490 numeri
635 442 768 504 prius
796 457 889 490 vm
919 443 1030 502 sint,
1058 442 1138 492 hic
1170 445 1301 506 prius
1334 459 1389 491 IX
1421 442 1599 506 posuit,
1628 444 1864 505 quoniam

117 522 169 571 in
194 523 383 572 ratione
412 523 750 572 arithmeticae
784 525 861 572 vel
890 526 1188 586 geometriae
1218 527 1327 588 plus
1354 535 1468 574 sunt
1495 541 1588 572 V111
1615 541 1764 587 quam
1793 540 1860 572 lx.

69 626 90 664 5
118 621 211 653 V111
239 605 371 655 enim
403 607 561 655 cubus
589 615 661 655 est
688 608 763 656 vel
789 607 1019 664 solidum,
1047 609 1097 656 id
1128 617 1201 656 est
1231 624 1409 671 corpus
1436 609 1573 670 quod
1599 608 1708 671 plus
1735 607 1863 656 inve-

116 687 219 736 nire
246 705 347 735 non
373 697 548 751 potest.
625 704 680 736 IX
707 705 820 738 vero
845 688 1128 752 superficies
1155 698 1282 749 sunt,
1306 689 1356 738 id
1377 699 1450 738 est
1470 705 1545 738 res
1572 706 1699 752 quae
1718 691 1863 752 plena

115 785 218 817 non
243 779 329 829 est,
359 771 447 819 sed
473 769 690 832 indigeat
710 772 1078 834 perfectionem.
1154 771 1254 819 Hic
1275 773 1377 820 duo
1402 771 1532 829 cubi,
1559 771 1610 820 id
1636 780 1709 820 est
1734 772 1862 819 duae
1885 791 1917 836 4

115 851 402 911 soliditateS‚
431 854 527 900 hoc
557 854 711 901 modo
742 852 1072 902 inveniuntur.
1147 852 1377 902 Senarius
1403 853 1590 916 primus
1617 854 1860 916 perfectus

115 942 188 981 est
210 951 221 993 3
254 933 490 982 dividitur
515 933 647 983 enim
667 935 867 997 paribus
887 934 1104 983 numeris
1132 936 1228 982 sic:
1261 944 1396 984 sexta
1425 952 1511 998 per
1535 953 1586 983 as
1608 954 1621 996 3
1652 937 1702 983 in
1722 933 1862 983 tertia

45 1029 89 1059 ¹0
114 1031 198 1077 per
224 1014 508 1077 dupondios
532 1034 544 1076 3
581 1025 652 1064 ter
673 1015 788 1074 bini,
813 1032 896 1064 sex
914 1035 927 1076 3
964 1017 1012 1064 in
1040 1015 1317 1076 dimidium,
1341 1018 1392 1065 id
1412 1026 1484 1066 est
1504 1018 1580 1066 bis
1601 1018 1738 1076 terni,
1763 1036 1858 1066 sex.

113 1095 264 1145 Aliud
290 1099 427 1159 quod
453 1096 519 1145 ita
545 1097 735 1146 dividas
755 1114 841 1160 per
866 1115 1006 1160 pares
1033 1115 1264 1147 numeros
1287 1098 1520 1158 invenies,
1542 1101 1678 1162 quod
1703 1117 1732 1148 a
1756 1116 1862 1162 pro-

113 1178 276 1241 posito
305 1179 608 1228 conveniens
644 1179 718 1229 sit.
793 1181 929 1228 Inter
962 1182 1176 1243 primum
1211 1183 1260 1228 in
1295 1180 1482 1241 ordine,
1511 1182 1562 1230 id
1595 1191 1669 1230 est
1698 1197 1747 1241 X,
1776 1183 1860 1244 qui
1884 1193 1914 1240 5

112 1269 310 1323 propter
342 1263 555 1324 primum
586 1264 856 1324 perfectum
892 1279 1154 1310 numerum
1190 1279 1303 1310 cum
1335 1265 1495 1325 primo
1529 1280 1671 1312 versu
1704 1265 1862 1311 multi-

114 1342 302 1405 plicans
328 1346 483 1393 sexies
503 1344 700 1404 noveni,
726 1360 810 1392 LIV
831 1363 844 1406 3
875 1344 1044 1394 novies
1066 1345 1183 1405 seni,
1208 1360 1305 1392 LIV.
1357 1346 1634 1409 †Facitque
1660 1345 1861 1393 materia

40 1440 86 1480 15
113 1433 186 1472 tot
202 1434 364 1488 partes
374 1426 608 1475 habuisse
628 1426 941 1489 cognoscitur
957 1444 1056 1476 non
1069 1427 1298 1476 inmerito
1315 1428 1561 1488 duobUS‚†
1574 1429 1666 1491 (e)
1681 1427 1860 1490 quibus

112 1507 264 1555 habet
298 1524 453 1555 unum
487 1507 536 1555 in
572 1507 655 1556 tali
689 1507 891 1557 ordine:
933 1524 962 1567 1,
1002 1524 1054 1569 11,
1088 1525 1160 1570 111,
1200 1525 1264 1569 1v,
1303 1526 1374 1570 ix,
1409 1526 1518 1570 V111,
1556 1510 1678 1559 alios
1717 1509 1861 1559 simul

111 1586 302 1654 xxvn.]

794 1806 889 1852 DE
929 1806 1193 1855 MVSICA

247 1913 331 1959 DE
363 1914 570 1960 MvsmA
603 1928 666 1961 ET
700 1929 814 1962 Elvs
846 1930 1074 1964 NOMINE.
1150 1915 1349 1964 Musica
1378 1924 1451 1964 est
1477 1916 1649 1978 peritia
1686 1920 1857 1966 modu-
1881 1926 1962 1965 XV

37 2013 90 2041 20
113 1994 309 2042 lationis
349 2011 472 2043 sono
512 2004 760 2058 cantuque
791 1997 1080 2045 consistens.
1156 2000 1220 2046 Et
1253 1998 1386 2046 dicta
1419 1999 1614 2047 Musica
1650 2017 1735 2063 per
1771 2002 1856 2049 de-

113 2076 402 2126 rivationem
435 2094 464 2124 a
499 2078 673 2126 Musis.
753 2081 929 2127 Musae
958 2088 1124 2128 autem
1157 2082 1432 2143 appellatae
1466 2083 1558 2130 ἀπὸ
1582 2086 1663 2130 τοῦ
1687 2084 1853 2145 μάσαι,

113 2158 164 2207 id
198 2167 271 2207 est
303 2176 332 2206 a
365 2161 665 2221 quaerendo,
695 2162 831 2223 quod
861 2178 947 2223 per
976 2178 1072 2220 eas,
1103 2161 1228 2210 sicut
1260 2162 1451 2225 antiqui
1482 2165 1756 2225 voluerunt,
1784 2165 1855 2214 vis

110 2240 384 2290 carminum
425 2250 473 2289 et
522 2243 656 2290 vocis
700 2242 976 2291 modulatio
1019 2253 1346 2305 quaereretur.
1421 2246 1645 2306 Quarum
1688 2264 1852 2306 sonus,
1880 2260 1910 2294 2

111 2322 226 2385 quia
252 2322 496 2371 sensibilis
526 2340 600 2372 res
628 2334 714 2383 est,
744 2334 792 2373 et
821 2326 1120 2388 praeterfluit
1146 2327 1195 2374 in
1221 2326 1537 2389 praeteritum
1563 2338 1758 2391 tempus
1785 2329 1856 2376 in-

36 2421 83 2460 25
111 2404 434 2468 primiturque
461 2406 741 2455 memoriae.
818 2408 946 2456 Inde
971 2424 999 2456 a
1024 2409 1183 2470 poetis
1206 2410 1338 2458 Iovis
1365 2419 1412 2457 et
1434 2411 1709 2460 Memoriae
1735 2414 1857 2461 filias

113 2489 285 2535 Musas
325 2504 433 2536 esse
481 2489 750 2536 confictum
799 2498 885 2537 est.
961 2488 1071 2538 Nisi
1109 2489 1238 2538 enim
1278 2491 1342 2538 ab
1379 2492 1581 2541 homine
1619 2494 1858 2542 memoria

109 2577 367 2617 teneantur
392 2569 513 2628 soni,
542 2580 763 2633 pereunt,
792 2570 906 2634 quia
933 2570 1078 2620 scribi
1103 2589 1206 2620 non
1232 2582 1451 2635 possunt.

161 2711 188 2748 3
216 2698 283 2737 hic
304 2699 418 2748 prius
439 2700 502 2739 U:
533 2700 629 2739 hinc
647 2714 688 2750 p.
713 2700 750 2739 T
855 2714 876 2751 7
907 2702 974 2740 hic
1006 2703 1090 2740 duo
1111 2702 1342 2753 cubi]f0rt.
1366 2704 1408 2741 hi
1424 2704 1506 2742 duo
1524 2704 1619 2742 cubi
1731 2718 1756 2754 9
1781 2717 1859 2754 per

109 2752 175 2804 as]
198 2766 273 2803 per
293 2754 369 2792 has
389 2754 426 2793 T
536 2768 580 2793 11
613 2769 637 2793 a
656 2756 1013 2807 proposito]fort.
1034 2758 1086 2795 ad
1103 2758 1362 2806 propositum
1478 2759 1527 2796 16
1555 2759 1662 2797 alius
1682 2759 1804 2797 simul
1826 2759 1864 2797 T

107 2807 287 2858 Figura-s
319 2809 677 2858 quemadmodum
708 2811 752 2849 in
793 2810 830 2848 T
857 2811 1097 2849 exhibentur
1125 2811 1297 2850 reddidit
1324 2811 1364 2850 A
1373 2813 1549 2863 amalus,
1582 2813 1662 2852 coll.
1696 2815 1856 2864 869-72

114 2875 162 2912 19
199 2863 352 2913 peritia
380 2876 463 2904 om.
484 2864 531 2902 K
558 2867 663 2907 (non
683 2864 745 2914 A)
933 2879 987 2905 20
1025 2866 1158 2917 dicta]
1192 2866 1291 2904 inde
1321 2866 1391 2905 K:
1431 2867 1541 2906 dicta
1572 2881 1622 2906 ex
1651 2869 1790 2906 deleta
1811 2868 1852 2905 A

108 2928 155 2953 21
187 2915 330 2969 μάσαι]
361 2931 477 2959 maso
504 2919 601 2958 CT:
641 2932 788 2958 mason
815 2919 949 2957 ABK
964 2934 972 2958 z
1008 2932 1156 2959 muson
1190 2920 1271 2960 Col.
1293 2935 1302 2959 ε
1335 2921 1486 2969 μῶσθαι
1508 2922 1632 2961 Arev.
1656 2924 1724 2971 (ex
1742 2922 1854 2961 Plat.

112 2969 261 3022 Crazfyl.
285 2975 367 3022 406
381 2975 429 3024 A)
609 2986 661 3012 22
700 2975 767 3012 vel
797 2975 908 3023 quod
937 2974 975 3014 T
1133 2988 1184 3024 23
1223 2976 1442 3025 quaeritur
1463 2977 1535 3015 K:
1573 2981 1802 3025 quaeretur
1823 2977 1858 3016 C

109 3037 160 3072 24
197 3038 259 3066 so,
292 3040 347 3065 ex
374 3029 566 3068 sensibili
595 3042 642 3067 re
672 3034 739 3068 est
768 3041 829 3078 pr.
854 3029 901 3067 K
930 3031 1035 3080 (non
1063 3030 1129 3081 A)
1296 3042 1347 3080 25
1391 3031 1596 3069 memoria
1616 3030 1662 3069 K
1769 3031 1857 3071 filia

111 3081 269 3120 musica
289 3094 386 3124 esse
405 3083 452 3121 K
614 3086 667 3122 26
696 3083 877 3123 hominis
903 3084 942 3123 T
953 3098 1003 3124 ex
1021 3097 1119 3124 corr.
1234 3086 1466 3125 memoriae
1485 3085 1532 3124 K
