2176 3424
1101 125 1373 174 ISIDORI

367 251 572 300 Latinos
612 253 908 317 imaginibus
938 256 1126 302 notavit
1169 263 1217 303 et
1250 253 1393 303 titulo
1429 255 1645 304 nominis
1682 256 1756 304 sui
1793 255 2114 319 praescripsit.

294 352 340 384 11
368 335 405 380 F
407 335 528 382 olles
554 334 786 383 dicuntur
810 352 839 383 a
865 337 1064 384 sacculo
1090 352 1190 398 quo
1216 338 1514 397 conduntur,
1538 353 1568 384 a
1592 336 1879 386 continente
1904 337 1954 387 id
1977 338 2116 400 quod

285 433 340 468 12
366 415 646 465 continetur
671 419 986 481 appellatum.
1062 419 1124 466 In
1149 418 1445 467 nomismate
1471 418 1561 467 tria
1585 428 1914 482 quaeruntur:
1950 421 2117 468 metal-

365 498 483 557 lum,
513 499 667 561 figura
693 509 740 547 et
765 501 978 562 pondus.
1031 499 1081 549 Si
1106 517 1164 549 ex
1188 499 1264 548 his
1288 499 1477 563 aliquid
1501 500 1727 562 defuerit,
1742 501 1990 550 nomisma
2013 518 2115 549 non

287 597 341 644 13
365 579 471 630 erit.
523 582 640 629 Tria
665 590 780 629 sunt
804 590 969 631 autem
990 598 1169 645 genera
1188 583 1375 645 argenti
1396 590 1444 631 et
1467 582 1571 630 auri
1596 591 1644 631 et
1663 583 1786 631 aeris
1806 602 1815 632 :
1853 583 2114 647 signatum,
2141 605 2163 644 5

365 665 564 723 factum,
592 662 845 712 infectum.
919 663 1175 727 Signatum
1202 673 1275 713 est
1294 665 1431 727 quod
1457 664 1507 712 in
1531 665 1749 713 nummis
1775 674 1879 725 est;
1914 667 2113 725 factum,

363 747 501 808 quod
540 746 591 793 in
629 745 754 794 vasis
798 756 846 795 et
889 746 1068 809 signis,·
1106 746 1357 805 infectum,
1391 747 1528 808 quod
1567 745 1617 794 in
1660 747 1831 795 massis
1851 765 1863 806 ;
1899 749 2035 810 quod
2069 756 2117 796 et

362 844 506 891 grave
548 827 741 889 dicitur,
785 828 836 877 id
876 838 948 877 est
988 845 1162 877 massa.
1256 830 1317 876 In
1358 827 1585 877 notitiam
1633 838 1799 877 autem
1847 830 2114 878 formarum

364 912 562 958 metalla
603 910 670 959 ita
708 920 983 972 venerunt3
1035 912 1155 960 dum
1195 912 1328 959 enim
1368 927 1686 974 quocumque
1729 927 1845 959 casu
1886 912 2115 961 ardentes

362 991 511 1041 silvae
528 1002 900 1056 exquoquerent
917 1002 1109 1053 terram,
1121 1009 1248 1055 quae
1259 991 1505 1042 calefactis
1521 992 1657 1041 venis
1674 992 1799 1042 fudit
1816 992 1943 1042 rivos
1959 993 2115 1042 cuius·
2140 1012 2176 1040 ιε

283 1087 339 1134 14
363 1091 579 1137 cumque
627 1083 912 1134 structurae,
958 1074 1060 1123 sive
1103 1075 1248 1138 igitur
1289 1091 1372 1123 aes
1421 1075 1543 1122 illud
1585 1075 1741 1123 fuerat
1783 1073 1884 1123 sive
1924 1091 2111 1134 aurum,

363 1172 516 1219 quum
543 1155 594 1204 in
613 1157 724 1205 loca
749 1165 903 1206 terrae
923 1156 1230 1220 depressiora
1264 1157 1556 1216 decurreret,
1586 1155 1794 1219 sumpsit
1819 1157 2037 1219 figuram,
2066 1156 2115 1205 in

362 1254 512 1301 quam
539 1237 661 1286 illud
687 1239 764 1287 vel
790 1239 1039 1301 profluens
1065 1237 1194 1286 rivus
1219 1239 1295 1286 vel
1316 1236 1566 1300 excipiens
1599 1238 1776 1286 lacuna
1808 1238 2112 1286 formaverat.

363 1321 588 1382 Quarum
615 1336 775 1368 rerum
807 1321 1071 1383 splendore
1102 1318 1232 1383 capti
1262 1318 1490 1368 homines
1524 1334 1677 1382 quum
1712 1317 1882 1381 ligatas
1912 1320 2116 1368 adtolle-

360 1412 468 1451 rent
505 1418 706 1462 massaS,
745 1401 974 1450 viderunt
1011 1400 1061 1449 in
1099 1417 1156 1450 ea
1193 1410 1347 1450 terrae
1382 1399 1585 1463 vestigia
1627 1401 1831 1463 figurata
1849 1418 1862 1461 3
1896 1400 2112 1464 hincque
2142 1418 2174 1455 η

363 1485 762 1547 excogitaverunt
787 1483 1074 1546 liquefactas
1101 1484 1165 1532 ad
1191 1499 1390 1532 omnem
1417 1484 1625 1531 formam
1651 1498 1797 1545 posse
1823 1481 2018 1531 deduci.

232 1575 338 1614 XIX
502 1568 583 1613 DE
609 1580 871 1614 ARGENTO.
923 1567 1197 1628 Argentum
1224 1581 1327 1612 non
1351 1566 1497 1627 longe
1522 1580 1551 1612 a
1570 1564 1759 1612 Graeca
1783 1564 2116 1627 appellatione

362 1647 510 1697 distat
528 1666 542 1708 3
577 1648 674 1695 hoc
708 1648 841 1695 enim
875 1646 943 1695 illi
978 1650 1178 1714 ἄργυρον
1213 1655 1406 1695 vocant.
1480 1644 1576 1695 Cui
1610 1646 1787 1693 mirum
1825 1645 1874 1693 in
1908 1646 2114 1694 modum

362 1729 483 1778 illud
521 1738 587 1789 ut,
626 1730 746 1778 dum
785 1729 1053 1778 candidum
1093 1729 1166 1788 sit,
1207 1728 1483 1792 inpressum
1526 1726 1718 1790 corpori
1759 1726 1912 1776 lineas
1954 1726 2114 1790 nigras

308 1827 339 1860 2
361 1812 548 1860 reddat.
623 1812 897 1874 Argentum
941 1811 1105 1859 vivum
1149 1810 1337 1859 dictum
1381 1810 1517 1872 quod
1556 1807 1749 1858 excidat
1790 1807 2016 1858 materias
2063 1808 2114 1856 in
2140 1825 2172 1853 2·

362 1892 542 1956 quibus
579 1892 805 1954 inicitur,
841 1894 937 1941 hoc
974 1902 1022 1942 et
1061 1891 1319 1955 liquidum,
1365 1890 1480 1954 quia
1522 1889 1770 1953 percurrit.
1862 1890 2116 1939 Invenitur

363 1974 638 2038 specialiter
657 1974 707 2023 in
726 1974 935 2024 metallis
953 1974 1119 2023 sivein
1139 1972 1421 2038 argentariis
1441 1972 1723 2021 fornacibus
1739 1979 1985 2035 guttarum
2002 1988 2115 2020 con-

361 2056 578 2105 cretione
604 2056 746 2105 tectis
772 2056 1048 2117 inhaerens,
1070 2073 1217 2119 saepe
1237 2054 1384 2104 etiam
1411 2063 1458 2103 et
1478 2053 1528 2102 in
1554 2063 1765 2103 stercore
1784 2052 2114 2102 vetustissimo

362 2140 640 2187 cloacarum
667 2140 744 2188 vel
769 2147 1030 2201 puteorum
1055 2137 1189 2186 limo.
1262 2136 1341 2185 Fit
1373 2135 1522 2185 etiam
1548 2145 1595 2184 et
1616 2153 1675 2185 ex
1707 2135 1874 2184 mineo
1898 2134 2114 2199 inposito

363 2222 638 2269 conchulae
677 2223 860 2270 ferreae
900 2229 1081 2285 patena
1119 2229 1275 2269 testea
1317 2217 1657 2282 superposita3
1694 2226 1799 2266 tum
1838 2216 2113 2266 circumlito
2138 2231 2171 2260 2·

365 2304 566 2351 vasculo
582 2301 951 2352 circumdantur
967 2302 1222 2361 carbones,
1235 2300 1405 2364 sicque
1419 2310 1675 2364 argentum
1692 2299 1855 2348 vivum
1872 2315 1931 2348 ex
1948 2298 2113 2348 mineo

364 2384 566 2434 distillat
583 2403 597 2446 3
634 2384 739 2434 sine
769 2386 865 2433 hoc
902 2401 1065 2448 neque
1101 2393 1358 2448 argentum
1392 2399 1554 2446 neque
1582 2399 1664 2430 aes
1702 2380 1911 2430 inaurari
1935 2390 2110 2444 potest.

310 2482 341 2528 3
364 2469 556 2515 Tantae
591 2475 758 2515 autem
788 2466 977 2515 virtutis
1012 2476 1088 2515 est
1125 2475 1192 2526 ut,
1233 2465 1273 2514 si
1312 2481 1458 2528 super
1494 2463 1756 2513 sextarium
1793 2462 1979 2526 argenti
2017 2462 2111 2511 vivi

424 2609 441 2634 1
473 2596 645 2646 scripsit
665 2594 711 2632 K
730 2596 834 2648 (non
857 2596 912 2647 C)
1116 2607 1140 2632 2
1170 2592 1275 2644 quo]
1297 2606 1375 2642 qua
1397 2592 1441 2630 K
1462 2591 1565 2642 (non
1590 2590 1642 2643 C)
1790 2591 1924 2643 quod]
1945 2603 2051 2641 quae
2070 2589 2112 2627 Β

364 2666 390 2703 3
418 2664 516 2702 app.
541 2664 624 2690 om.
646 2649 694 2687 K
712 2653 815 2700 (non
838 2650 892 2702 C)
1003 2663 1028 2698 4
1059 2654 1100 2688 et
1120 2662 1203 2688 om.
1236 2646 1288 2685 T1
1399 2660 1420 2696 7
1450 2646 1585 2696 signis
1605 2647 1682 2685 sed
1703 2646 1774 2686 inf.
1794 2646 1834 2684 B
1956 2658 1984 2697 9
2010 2658 2110 2695 qua-

365 2719 542 2756 cumque
561 2718 687 2745 causa
707 2704 754 2743 K
771 2706 877 2758 <non
900 2704 951 2756 C)
1095 2716 1144 2742 12
1173 2704 1266 2742 loco
1293 2702 1331 2740 T
1423 2701 1756 2752 deprehensiora
1776 2700 1817 2738 Β
1914 2700 2110 2739 decurret

365 2762 422 2800 Β1
540 2772 588 2809 13
618 2761 806 2811 profluus
824 2760 865 2798 Β
979 2773 1028 2809 14
1055 2758 1236 2808 liquatas
1256 2756 1454 2796 Schwarz
1575 2768 1623 2806 15
1652 2756 1735 2795 vid.
1758 2787 1767 2796 .
1792 2786 1802 2797 .
1823 2787 1833 2796 .
1856 2755 1925 2805 fig.
1946 2753 2042 2795 add.
2065 2755 2107 2792 in

367 2830 506 2868 marg.
536 2812 574 2854 T
725 2813 928 2866 hincque]
950 2814 992 2853 in
1011 2826 1119 2863 quae
1138 2813 1179 2851 B
1345 2823 1395 2862 19
1422 2817 1467 2850 ut
1486 2825 1570 2850 om.
1591 2809 1638 2848 K
1790 2810 2010 2860 inpressus
2029 2808 2114 2848 BT

366 2885 420 2911 20
448 2872 600 2911 reddat
627 2870 664 2908 T
755 2871 934 2910 excedat
961 2869 998 2907 T
1014 2870 1118 2921 (pro
1137 2868 1289 2907 exedat
1305 2867 1337 2918 2)
1478 2879 1527 2905 21
1560 2866 1642 2905 hoc
1661 2871 1726 2905 est
1746 2865 1786 2905 li.
1815 2864 1853 2902 T
1983 2877 2035 2903 22
2065 2865 2107 2902 in

367 2932 466 2966 met.
488 2939 603 2976 spec.
622 2924 668 2963 K
686 2923 787 2975 (non
811 2924 861 2975 C)
1012 2936 1065 2962 22
1093 2921 1427 2972 congregatione
1454 2920 1596 2960 Tante
1612 2932 1714 2960 corr.
1864 2932 1916 2969 24
1945 2919 2045 2960 min.
2065 2924 2108 2957 et

369 2983 517 3031 impos.
541 2981 628 3020 ΒΚ
709 2982 762 3018 26
783 2979 1048 3018 vascolorum
1069 2979 1222 3016 dantur
1241 2975 1287 3013 K
1304 2975 1407 3026 (non
1430 2975 1480 3026 C)
1565 2988 1615 3024 27
1646 2974 1828 3014 distilla*
1857 2972 1909 3012 Tl
1929 2973 2034 3025 (non
2054 2972 2108 3026 C)

369 3037 421 3073 28
450 3037 576 3075 Tanti
598 3036 639 3074 Β
775 3040 956 3083 argento
975 3034 1069 3072 vibo
1097 3031 1134 3070 T

2156 3312 2176 3424 animm.
2167 3262 2176 3270 .=
