2176 3424
1117 134 1389 184 ISIDORI

372 268 537 308 autem
563 259 640 309 via
663 270 747 309 aut
773 261 970 323 publica
996 271 1067 311 est
1093 272 1176 312 aut
1201 263 1397 327 privata.
1474 265 1679 314 Publica
1704 276 1776 315 est
1796 283 1924 329 quae
1942 267 1991 316 in
2014 269 2120 316 solo

373 340 574 401 publico
608 351 696 403 est,
723 360 820 406 qua
853 343 955 404 iter,
984 354 1123 393 actus
1153 347 1340 409 populo
1378 355 1525 409 patet.
1601 350 1745 397 Haec
1779 358 1865 398 aut
1894 351 1958 399 ad
1987 366 2122 399 mare

370 431 455 470 aut
479 425 543 472 ad
569 424 753 488 oppida
778 425 1003 489 pertinet.
1078 426 1271 476 Privata
1295 436 1369 478 est
1385 445 1512 491 quae
1527 429 1691 478 vicino
1711 429 1984 494 municipio
2003 433 2118 481 data

312 505 347 554 6
370 514 456 554 est.
531 507 689 556 Strata
715 507 848 557 dicta
872 508 1012 571 quasi
1037 509 1167 573 vulgi
1192 510 1404 572 pedibus
1430 512 1554 560 trita.
1610 514 1867 561 Lucretius
1885 514 1952 579 (1,
1975 512 2118 578 315):

641 590 898 653 Strataque
935 590 1033 638 iam
1069 591 1201 655 vulgi
1237 592 1450 655 pedibus
1488 594 1666 642 detrita
1702 595 1908 644 viarum.
2143 618 2166 658 5

369 670 486 732 Ipsa
528 679 600 719 est
637 680 685 719 et
721 673 1016 735 delapidata,
1054 674 1105 722 id
1141 682 1214 723 est
1250 674 1497 738 lapidibus
1534 684 1693 724 strata.
1769 678 1918 725 Primi
1953 686 2118 727 autem

369 752 521 799 Poeni
545 751 775 801 dicuntur
795 754 1042 817 lapidibus
1071 754 1171 804 vias
1197 755 1423 805 stravisse
1444 776 1457 817 3
1492 767 1665 821 postea
1691 758 1908 807 Romani
1933 776 2014 808 eas
2034 775 2120 823 per

367 849 569 882 omnem
606 851 735 898 pene
771 837 943 885 orbem
978 837 1340 900 disposuerunt,
1367 848 1566 902 propter
1603 839 1949 889 rectitudinem
1982 840 2119 890 itine-

312 925 341 975 7
366 931 473 963 rum
512 926 560 965 et
595 934 656 966 ne
692 918 833 980 plebs
870 929 997 968 esset
1034 919 1208 970 otiosa.
1278 923 1440 984 Agger
1481 930 1554 970 est
1591 921 1755 970 media
1784 931 1961 971 stratae
1997 922 2117 972 emi-

364 997 532 1046 nentia
549 1002 850 1063 coaggeratis
867 1001 1115 1064 lapidibus
1133 1011 1294 1063 strata,
1307 1002 1371 1051 ab
1386 1019 1574 1066 aggere,
1586 1004 1637 1052 id
1656 1013 1729 1052 est
1745 1004 2117 1054 coacervatione
2142 1027 2176 1056 1<

362 1078 494 1128 dicta
515 1099 528 1141 3
578 1097 727 1144 quarn
768 1081 987 1132 historici
1030 1083 1159 1132 viam
1198 1083 1459 1134 militarem
1496 1084 1681 1143 dicunt,
1720 1096 1774 1134 ut
1812 1086 1967 1150 (Virg.
1988 1089 2112 1136 Aen.

362 1175 406 1223 5,
430 1163 577 1224 273)=

532 1244 705 1306 Qualis
744 1262 890 1309 saepe
927 1245 1034 1296 viae
1071 1248 1342 1311 deprensus
1381 1250 1430 1296 in
1466 1265 1640 1312 aggere
1676 1265 1891 1313 serpens.

306 1329 335 1375 8
363 1328 463 1375 Iter
498 1329 574 1375 vel
609 1328 703 1375 itus
741 1337 814 1376 est
852 1328 927 1376 via
958 1346 1056 1392 qua
1089 1329 1143 1377 iri
1177 1330 1241 1379 ab
1278 1332 1482 1379 homine
1513 1347 1905 1394 quaquaversum
1936 1341 2112 1395 potest.

363 1409 462 1456 Iter
504 1418 669 1457 autem
711 1418 758 1458 et
801 1411 944 1458 itiner
984 1412 1228 1461 diversam
1277 1412 1688 1475 significationem
1738 1412 1939 1462 habent.
2015 1415 2114 1462 Iter
2139 1435 2176 1476 15

361 1488 536 1556 [enim]
555 1501 627 1539 est
645 1493 782 1540 locus
803 1493 1009 1542 transitu
1026 1494 1207 1555 facilis3
1241 1496 1374 1544 unde
1390 1497 1695 1559 appellamus
1716 1504 1763 1544 et
1780 1495 1916 1544 itum.
1961 1495 2114 1545 Itiner

356 1581 524 1621 autem
551 1582 624 1621 est
649 1573 744 1622 itus
770 1576 946 1637 longae
971 1575 1091 1635 viae,
1115 1586 1163 1625 et
1189 1577 1293 1640 ipse
1319 1577 1458 1626 labor
1482 1577 1772 1626 ambulandi
1799 1587 1852 1625 ut
1877 1594 1978 1641 quo
1993 1578 2112 1627 velis

298 1669 332 1716 9
359 1655 630 1718 pervenias.
680 1656 864 1705 Semita
881 1657 1065 1706 itineris
1085 1658 1348 1708 dimidium
1369 1668 1455 1720 est,
1474 1676 1502 1708 a
1519 1659 1714 1709 semiitu
1732 1659 1877 1709 dicta.
1929 1662 2113 1710 Semita

275 1749 334 1784 10
357 1746 524 1785 autem
550 1738 811 1786 hominum
837 1748 925 1797 est,
947 1741 1095 1789 calles
1121 1741 1330 1790 ferarum
1358 1750 1406 1790 et
1430 1743 1693 1805 pecudum.
1757 1742 1907 1790 Callis
1933 1751 2006 1791 est
2023 1742 2112 1792 iter

358 1821 607 1882 pecudum
630 1821 755 1869 inter
780 1830 974 1869 montes
999 1830 1262 1885 angustum
1289 1832 1336 1871 et
1361 1822 1542 1883 tritum,
1561 1840 1590 1871 a
1614 1824 1740 1871 callo
1760 1824 1944 1886 pedum
1970 1840 2109 1873 voca·
2134 1851 2176 1879 π

357 1910 478 1962 tum,
507 1903 608 1950 sive
633 1918 661 1950 a
687 1904 813 1950 callo
839 1905 1088 1965 pecudum
1116 1905 1477 1968 praeduratum.
1552 1906 1795 1953 Tramites
1822 1914 1935 1953 sunt
1961 1913 2108 1954 trans-

356 2000 493 2032 versa
533 1983 581 2032 in
621 1984 746 2047 agris
783 1984 969 2044 itinera,
1010 1985 1111 2035 sive
1148 1995 1278 2035 recta
1322 1986 1411 2046 via,
1452 1987 1584 2035 dieta
1620 1988 1756 2049 quod
1794 1986 2103 2036 transmittat.

286 2071 330 2105 11
358 2064 582 2115 Divortia
608 2075 721 2115 sunt
755 2067 907 2116 flexus
942 2068 1143 2127 viarum,
1172 2070 1268 2116 boc
1299 2077 1372 2117 est
1397 2069 1504 2117 viae
1538 2069 1587 2116 in
1614 2068 1805 2118 diversa
1831 2070 2103 2118 tendentes.

358 2150 499 2197 Idem
540 2148 827 2199 diverticula
864 2159 992 2211 sunt,
1031 2151 1127 2198 hoc
1165 2158 1238 2199 est
1274 2150 1495 2200 diversae
1530 2166 1588 2199 ac
1625 2149 1810 2199 divisae
1846 2150 1966 2208 viae,
2003 2150 2104 2200 sive

275 2243 332 2278 12
355 2231 559 2280 semitae
598 2241 902 2281 transversae
950 2248 1076 2295 quae
1125 2242 1239 2280 sunt
1285 2249 1314 2280 a
1351 2234 1502 2282 latere
1540 2231 1661 2281 viae.
1734 2232 1941 2292 Bivium,
1987 2234 2102 2295 quia
2129 2260 2176 2302 ²5

408 2375 431 2400 2
461 2375 568 2411 quae
590 2362 669 2400 iter
697 2360 758 2400 T:
789 2375 894 2412 quae
916 2362 1027 2400 inter
1046 2361 1134 2399 ΒΚ
1310 2362 1448 2414 actus]
1470 2376 1595 2413 agros
1618 2362 1663 2401 K
1835 2363 1942 2402 haee
1961 2370 2099 2403 autem

352 2422 424 2455 aut
445 2417 497 2456 ad
527 2417 585 2455 T:
617 2418 720 2455 haec
741 2423 881 2455 autem
902 2418 954 2455 ad
974 2417 1016 2455 Β
1206 2430 1231 2466 3
1264 2417 1392 2469 pert.]
1418 2418 1553 2468 pergit
1576 2417 1611 2456 C
1801 2431 1825 2467 4
1857 2419 1950 2468 quia
1969 2419 2005 2457 si
2026 2418 2073 2456 K
2088 2434 2097 2459 :

351 2483 454 2521 quas
484 2471 520 2509 T
742 2472 896 2511 detrita
925 2472 961 2509 T
1175 2473 1201 2510 6
1232 2472 1416 2522 lapidata
1439 2473 1474 2512 C
1698 2486 1718 2522 7
1750 2472 1905 2524 Poeni]
1927 2486 2038 2523 pena
2058 2473 2100 2511 Β

351 2527 416 2565 via
436 2526 658 2565 stratuisse
679 2525 724 2563 K
866 2528 891 2566 8
921 2526 1072 2566 iterum
1096 2526 1146 2566 Cl
1284 2539 1310 2576 9
1338 2527 1459 2576 Ager
1479 2526 1622 2566 BC1T
1758 2540 1807 2566 10
1836 2529 2096 2567 coacervatis

350 2579 397 2618 K
558 2581 610 2619 ab
630 2581 767 2620 accire
789 2580 834 2618 K
1011 2588 1077 2621 est
1096 2596 1119 2620 a
1141 2594 1253 2621 coac.
1278 2580 1324 2618 K
1507 2595 1551 2620 11
1587 2582 1687 2621 dicti
1710 2581 1760 2621 C1
1947 2595 1994 2632 13
2024 2584 2096 2622 de-

351 2636 605 2686 praehinsus
626 2636 666 2674 in
688 2649 787 2674 aere
808 2635 854 2673 K
1074 2650 1121 2686 14
1154 2637 1204 2676 It.
1227 2637 1363 2675 veitus
1384 2636 1450 2677 B:
1485 2636 1601 2676 Inter
1619 2637 1797 2676 vallatus
1821 2636 1867 2675 Cl
2033 2638 2094 2676 ire

351 2690 440 2729 ΚΤ
603 2703 650 2740 15
679 2691 857 2743 habent]
890 2692 1039 2730 berent
1060 2696 1108 2730 ut
1129 2691 1213 2731 vid.
1235 2690 1282 2729 K
1447 2694 1496 2730 16
1526 2692 1639 2731 enim
1659 2691 1751 2732 hab.
1773 2691 1878 2732 BT:
1910 2704 1992 2731 om.
2017 2690 2098 2731 CK

348 2759 445 2796 app.
470 2746 629 2785 exitum
653 2744 701 2784 C¹
858 2759 902 2796 17
934 2747 1018 2786 itus
1037 2760 1118 2786 om.
1144 2746 1190 2784 K
1296 2746 1410 2796 quod
1440 2745 1475 2782 T
1623 2748 1672 2786 18
1703 2746 1822 2798 dim.]
1845 2747 2027 2785 medium
2050 2745 2095 2784 K

349 2807 415 2839 est
435 2814 517 2840 om.
543 2800 577 2839 C
763 2801 942 2840 semeitu
964 2801 1011 2839 K
1028 2816 1037 2841 :
1068 2801 1260 2840 semicitu
1288 2800 1345 2840 T:
1375 2801 1550 2841 semivia
1572 2800 1608 2840 C
1845 2813 1896 2851 19
1923 2799 2041 2840 callis
2062 2801 2089 2842 f.

348 2861 420 2894 aut
440 2868 482 2906 p.
505 2855 552 2893 K
725 2869 779 2894 20
807 2869 830 2894 a
850 2855 958 2895 collo
978 2857 1164 2907 peduum
1187 2855 1225 2894 T
1395 2868 1444 2895 21
1473 2857 1562 2896 sive
1582 2869 1645 2896 ca.
1668 2854 1714 2893 K
1730 2869 1739 2895 :
1768 2855 1857 2894 sive
1877 2868 1902 2894 a
1921 2854 2032 2894 collo
2061 2855 2098 2894 T

348 2911 504 2960 pedum
525 2909 571 2948 K
577 2909 613 2948 T
784 2911 1054 2960 perduratum
1075 2909 1156 2950 BC
1167 2925 1177 2950 ε
1206 2911 1398 2949 duratum
1420 2909 1466 2948 K
1693 2923 1745 2948 22
1775 2911 1814 2949 d.
1837 2910 1933 2960 quia
1952 2915 2090 2950 trans·

348 2966 516 3004 mittant
538 2964 574 3003 C
799 2978 851 3015 23
881 2967 992 3005 flexu
1013 2965 1059 3004 K
1072 2980 1081 3005 ε
1111 2966 1251 3004 flexua
1270 2965 1318 3004 N
1503 2965 1592 3004 vias
1612 2965 1657 3004 in
1678 2965 1717 3005 d.
1740 2964 1827 3003 ΒΚ
1833 2963 1891 3004 T:
1918 2963 2026 3004 viam
2046 2965 2089 3004 in

346 3020 557 3059 diversam
578 3020 624 3059 N
762 3033 813 3069 24
844 3020 935 3060 sive
962 3051 970 3060 .
993 3051 1003 3063 .
1028 3053 1036 3061 .
1058 3021 1152 3061 viae
1173 3033 1256 3061 om.
1280 3018 1371 3058 KN
1494 3030 1545 3068 25
1575 3032 1599 3058 a
1619 3018 1712 3071 lat.]
1732 3019 1864 3058 altere
1886 3019 1994 3072 (-ae)
2023 3019 2093 3059 TC

347 3074 516 3113 Divium
531 3073 659 3113 KNP
