<?xml version="1.0" encoding="UTF-8"?>
<!DOCTYPE html PUBLIC "-//W3C//DTD XHTML 1.0 Transitional//EN"
    "http://www.w3.org/TR/xhtml1/DTD/xhtml1-transitional.dtd">
<html xmlns="http://www.w3.org/1999/xhtml" xml:lang="en" lang="en">
 <head>
  <title>
</title>
<meta http-equiv="Content-Type" content="text/html;charset=utf-8" />
  <meta name='ocr-system' content='tesseract 3.04.00' />
  <meta name='ocr-capabilities' content='ocr_page ocr_carea ocr_par ocr_line ocrx_word'/>
</head>
<body>
  <div class='ocr_page' id='page_1' title='image "./isidori01isiduoft/isidori01isiduoft_0760.png"; bbox 0 0 2176 3424; ppageno 0'>
   <div class='ocr_carea' id='block_1_1' title="bbox 1012 120 1287 169">
    <p class='ocr_par' dir='ltr' id='par_1_1' title="bbox 1012 120 1287 169">
     <span class='ocr_line' id='line_1_1' title="bbox 1012 120 1287 169; baseline -0.004 -1"><span class='ocrx_word' id='word_1_1' title='bbox 1012 120 1287 169; x_wconf 90' lang='lat' dir='ltr'>ISIDORI</span> 
     </span>
    </p>
   </div>
   <div class='ocr_carea' id='block_1_2' title="bbox 155 247 2133 2191">
    <p class='ocr_par' dir='ltr' id='par_1_2' title="bbox 155 247 2133 2191">
     <span class='ocr_line' id='line_1_2' title="bbox 278 247 2033 311; baseline -0.007 -6"><span class='ocrx_word' id='word_1_2' title='bbox 278 256 527 305; x_wconf 89' lang='lat' dir='ltr'>Gallicum</span> <span class='ocrx_word' id='word_1_3' title='bbox 553 271 738 303; x_wconf 91' lang='lat' dir='ltr'>nomen</span> <span class='ocrx_word' id='word_1_4' title='bbox 772 262 875 302; x_wconf 84' lang='lat' dir='ltr'>est:</span> <span class='ocrx_word' id='word_1_5' title='bbox 915 250 1104 300; x_wconf 88' lang='lat' dir='ltr'>dictum</span> <span class='ocrx_word' id='word_1_6' title='bbox 1130 259 1295 298; x_wconf 91' lang='lat' dir='ltr'>autern</span> <span class='ocrx_word' id='word_1_7' title='bbox 1331 264 1503 311; x_wconf 89' lang='lat' dir='ltr'>sagum</span> <span class='ocrx_word' id='word_1_8' title='bbox 1541 247 1785 310; x_wconf 85' lang='lat' dir='ltr'>quadrum</span> <span class='ocrx_word' id='word_1_9' title='bbox 1811 262 1871 294; x_wconf 86' lang='lat' dir='ltr'>eo</span> <span class='ocrx_word' id='word_1_10' title='bbox 1896 247 2033 308; x_wconf 90' lang='lat' dir='ltr'>quod</span> 
     </span>
     <span class='ocr_line' id='line_1_3' title="bbox 202 328 2035 404; baseline -0.009 -15"><span class='ocrx_word' id='word_1_11' title='bbox 202 357 258 404; x_wconf 92' lang='lat'>14</span> <span class='ocrx_word' id='word_1_12' title='bbox 280 340 415 402; x_wconf 88' lang='lat' dir='ltr'>apud</span> <span class='ocrx_word' id='word_1_13' title='bbox 440 354 524 387; x_wconf 90' lang='lat' dir='ltr'>eos</span> <span class='ocrx_word' id='word_1_14' title='bbox 550 335 762 400; x_wconf 90' lang='lat' dir='ltr'>primum</span> <span class='ocrx_word' id='word_1_15' title='bbox 790 334 1058 397; x_wconf 90' lang='lat' dir='ltr'>quadratus</span> <span class='ocrx_word' id='word_1_16' title='bbox 1083 333 1160 380; x_wconf 91' lang='lat' dir='ltr'>vel</span> <span class='ocrx_word' id='word_1_17' title='bbox 1185 331 1491 393; x_wconf 84' lang='lat' dir='ltr'>quadruplex</span> <span class='ocrx_word' id='word_1_18' title='bbox 1516 337 1656 377; x_wconf 88' lang='lat' dir='ltr'>esset.</span> <span class='ocrx_word' id='word_1_19' title='bbox 1721 328 1938 375; x_wconf 88' lang='lat' dir='ltr'>Paenula</span> <span class='ocrx_word' id='word_1_20' title='bbox 1963 335 2035 375; x_wconf 91' lang='lat' dir='ltr'>est</span> 
     </span>
     <span class='ocr_line' id='line_1_4' title="bbox 282 408 2037 483; baseline -0.007 -15"><span class='ocrx_word' id='word_1_21' title='bbox 282 419 484 483; x_wconf 88' lang='lat' dir='ltr'>pallium</span> <span class='ocrx_word' id='word_1_22' title='bbox 510 435 623 466; x_wconf 92' lang='lat' dir='ltr'>cum</span> <span class='ocrx_word' id='word_1_23' title='bbox 642 415 847 465; x_wconf 89' lang='lat' dir='ltr'>fimbriis</span> <span class='ocrx_word' id='word_1_24' title='bbox 873 413 1044 477; x_wconf 84' lang='lat' dir='ltr'>longis.</span> <span class='ocrx_word' id='word_1_25' title='bbox 1108 415 1328 461; x_wconf 91' lang='lat' dir='ltr'>Lacerna</span> <span class='ocrx_word' id='word_1_26' title='bbox 1353 411 1554 473; x_wconf 89' lang='lat' dir='ltr'>pallium</span> <span class='ocrx_word' id='word_1_27' title='bbox 1581 408 1881 458; x_wconf 89' lang='lat' dir='ltr'>fimbriatum</span> <span class='ocrx_word' id='word_1_28' title='bbox 1902 409 2037 470; x_wconf 93' lang='lat' dir='ltr'>quod</span> 
     </span>
     <span class='ocr_line' id='line_1_5' title="bbox 283 489 2037 556; baseline -0.009 -5"><span class='ocrx_word' id='word_1_29' title='bbox 283 501 400 551; x_wconf 91' lang='lat' dir='ltr'>olim</span> <span class='ocrx_word' id='word_1_30' title='bbox 428 501 517 550; x_wconf 90' lang='lat' dir='ltr'>soli</span> <span class='ocrx_word' id='word_1_31' title='bbox 546 498 724 547; x_wconf 81' lang='lat' dir='ltr'>milites</span> <span class='ocrx_word' id='word_1_32' title='bbox 755 497 1020 546; x_wconf 88' lang='lat' dir='ltr'>utebantur</span> <span class='ocrx_word' id='word_1_33' title='bbox 1042 514 1054 556; x_wconf 88' lang='lat'><em>3</em></span> <span class='ocrx_word' id='word_1_34' title='bbox 1104 495 1239 542; x_wconf 91' lang='lat' dir='ltr'>unde</span> <span class='ocrx_word' id='word_1_35' title='bbox 1273 505 1319 541; x_wconf 87' lang='lat' dir='ltr'>et</span> <span class='ocrx_word' id='word_1_36' title='bbox 1351 491 1399 539; x_wconf 90' lang='lat' dir='ltr'>in</span> <span class='ocrx_word' id='word_1_37' title='bbox 1427 490 1778 554; x_wconf 86' lang='lat' dir='ltr'>distinguenda</span> <span class='ocrx_word' id='word_1_38' title='bbox 1802 489 2037 538; x_wconf 84' lang='lat' dir='ltr'>castrensi</span> 
     </span>
     <span class='ocr_line' id='line_1_6' title="bbox 282 571 2089 646; baseline -0.008 -14"><span class='ocrx_word' id='word_1_39' title='bbox 282 583 571 646; x_wconf 83' lang='lat' dir='ltr'>urbanaque</span> <span class='ocrx_word' id='word_1_40' title='bbox 604 581 748 629; x_wconf 90' lang='lat' dir='ltr'>turba</span> <span class='ocrx_word' id='word_1_41' title='bbox 782 581 872 627; x_wconf 89' lang='lat' dir='ltr'>hos</span> <span class='ocrx_word' id='word_1_42' title='bbox 898 587 1104 640; x_wconf 86' lang='lat' dir='ltr'>togatos,</span> <span class='ocrx_word' id='word_1_43' title='bbox 1134 575 1241 624; x_wconf 89' lang='lat' dir='ltr'>illos</span> <span class='ocrx_word' id='word_1_44' title='bbox 1275 576 1548 623; x_wconf 86' lang='lat' dir='ltr'>lacernatos</span> <span class='ocrx_word' id='word_1_45' title='bbox 1578 572 1837 621; x_wconf 90' lang='lat' dir='ltr'>vocabant.</span> <span class='ocrx_word' id='word_1_46' title='bbox 1913 571 2039 619; x_wconf 91' lang='lat' dir='ltr'>Inde</span> <span class='ocrx_word' id='word_1_47' title='bbox 2066 596 2089 637; x_wconf 83' lang='lat'>5</span> 
     </span>
     <span class='ocr_line' id='line_1_7' title="bbox 283 647 2042 724; baseline -0.01 -11"><span class='ocrx_word' id='word_1_48' title='bbox 283 675 447 713; x_wconf 91' lang='lat' dir='ltr'>autem</span> <span class='ocrx_word' id='word_1_49' title='bbox 475 666 700 712; x_wconf 88' lang='lat' dir='ltr'>lacernae</span> <span class='ocrx_word' id='word_1_50' title='bbox 726 660 866 724; x_wconf 87' lang='lat' dir='ltr'>quasi</span> <span class='ocrx_word' id='word_1_51' title='bbox 889 657 1155 722; x_wconf 88' lang='lat' dir='ltr'>amputatis</span> <span class='ocrx_word' id='word_1_52' title='bbox 1181 655 1425 719; x_wconf 87' lang='lat' dir='ltr'>capitibus</span> <span class='ocrx_word' id='word_1_53' title='bbox 1447 653 1764 712; x_wconf 90' lang='lat' dir='ltr'>fimbriarum,</span> <span class='ocrx_word' id='word_1_54' title='bbox 1787 666 1949 714; x_wconf 91' lang='lat' dir='ltr'>neque</span> <span class='ocrx_word' id='word_1_55' title='bbox 1975 647 2042 697; x_wconf 90' lang='lat' dir='ltr'>ita</span> 
     </span>
     <span class='ocr_line' id='line_1_8' title="bbox 209 735 2041 808; baseline -0.008 -16"><span class='ocrx_word' id='word_1_56' title='bbox 209 756 264 804; x_wconf 86' lang='lat'>15</span> <span class='ocrx_word' id='word_1_57' title='bbox 285 746 404 796; x_wconf 90' lang='lat' dir='ltr'>laxis</span> <span class='ocrx_word' id='word_1_58' title='bbox 422 757 474 795; x_wconf 92' lang='lat' dir='ltr'>ut</span> <span class='ocrx_word' id='word_1_59' title='bbox 492 755 605 794; x_wconf 89' lang='lat' dir='ltr'>sunt</span> <span class='ocrx_word' id='word_1_60' title='bbox 625 745 961 808; x_wconf 87' lang='lat' dir='ltr'>paenularum.</span> <span class='ocrx_word' id='word_1_61' title='bbox 1026 742 1258 788; x_wconf 88' lang='lat' dir='ltr'>Mantum</span> <span class='ocrx_word' id='word_1_62' title='bbox 1280 736 1495 800; x_wconf 88' lang='lat' dir='ltr'>Hispani</span> <span class='ocrx_word' id='word_1_63' title='bbox 1516 744 1694 784; x_wconf 87' lang='lat' dir='ltr'>vocant</span> <span class='ocrx_word' id='word_1_64' title='bbox 1711 735 1847 798; x_wconf 93' lang='lat' dir='ltr'>quod</span> <span class='ocrx_word' id='word_1_65' title='bbox 1868 746 2041 779; x_wconf 89' lang='lat' dir='ltr'>manus</span> 
     </span>
     <span class='ocr_line' id='line_1_9' title="bbox 203 813 2044 893; baseline -0.011 -13"><span class='ocrx_word' id='word_1_66' title='bbox 203 835 261 882; x_wconf 89' lang='lat'>16</span> <span class='ocrx_word' id='word_1_67' title='bbox 288 838 417 893; x_wconf 85' lang='lat' dir='ltr'>tegat</span> <span class='ocrx_word' id='word_1_68' title='bbox 444 837 636 876; x_wconf 89' lang='lat' dir='ltr'>tantum</span> <span class='ocrx_word' id='word_1_69' title='bbox 658 845 670 886; x_wconf 97' lang='lat'><em>3</em></span> <span class='ocrx_word' id='word_1_70' title='bbox 719 834 793 874; x_wconf 90' lang='lat' dir='ltr'>est</span> <span class='ocrx_word' id='word_1_71' title='bbox 819 824 951 874; x_wconf 89' lang='lat' dir='ltr'>enirn</span> <span class='ocrx_word' id='word_1_72' title='bbox 979 824 1126 871; x_wconf 91' lang='lat' dir='ltr'>breve</span> <span class='ocrx_word' id='word_1_73' title='bbox 1152 819 1404 870; x_wconf 88' lang='lat' dir='ltr'>amictum.</span> <span class='ocrx_word' id='word_1_74' title='bbox 1479 821 1736 866; x_wconf 84' lang='lat' dir='ltr'>Praetexta</span> <span class='ocrx_word' id='word_1_75' title='bbox 1761 813 1946 878; x_wconf 87' lang='lat' dir='ltr'>puerile</span> <span class='ocrx_word' id='word_1_76' title='bbox 1971 821 2044 861; x_wconf 88' lang='lat' dir='ltr'>est</span> 
     </span>
     <span class='ocr_line' id='line_1_10' title="bbox 287 881 2044 975; baseline -0.011 -15"><span class='ocrx_word' id='word_1_77' title='bbox 287 913 489 975; x_wconf 89' lang='lat' dir='ltr'>pallium</span> <span class='ocrx_word' id='word_1_78' title='bbox 507 925 608 973; x_wconf 92' lang='lat' dir='ltr'>quo</span> <span class='ocrx_word' id='word_1_79' title='bbox 626 908 856 971; x_wconf 83' lang='lat' dir='ltr'>usquead</span> <span class='ocrx_word' id='word_1_80' title='bbox 874 904 1091 955; x_wconf 88' lang='lat' dir='ltr'>sedecim</span> <span class='ocrx_word' id='word_1_81' title='bbox 1109 919 1266 952; x_wconf 91' lang='lat' dir='ltr'>annos</span> <span class='ocrx_word' id='word_1_82' title='bbox 1283 900 1420 965; x_wconf 89' lang='lat' dir='ltr'>pueri</span> <span class='ocrx_word' id='word_1_83' title='bbox 1439 899 1628 949; x_wconf 91' lang='lat' dir='ltr'>nobiles</span> <span class='ocrx_word' id='word_1_84' title='bbox 1646 897 1738 947; x_wconf 91' lang='lat' dir='ltr'>sub</span> <span class='ocrx_word' id='word_1_85' title='bbox 1755 881 2044 959; x_wconf 89' lang='lat' dir='ltr'>disciplinae</span> 
     </span>
     <span class='ocr_line' id='line_1_11' title="bbox 289 975 2124 1050; baseline -0.011 -8"><span class='ocrx_word' id='word_1_86' title='bbox 289 995 423 1042; x_wconf 91' lang='lat' dir='ltr'>cultu</span> <span class='ocrx_word' id='word_1_87' title='bbox 450 992 741 1050; x_wconf 86' lang='lat' dir='ltr'>utebantur3</span> <span class='ocrx_word' id='word_1_88' title='bbox 779 989 914 1037; x_wconf 88' lang='lat' dir='ltr'>unde</span> <span class='ocrx_word' id='word_1_89' title='bbox 931 997 978 1036; x_wconf 93' lang='lat' dir='ltr'>et</span> <span class='ocrx_word' id='word_1_90' title='bbox 998 982 1287 1050; x_wconf 88' lang='lat' dir='ltr'>praetextati</span> <span class='ocrx_word' id='word_1_91' title='bbox 1304 981 1440 1045; x_wconf 89' lang='lat' dir='ltr'>pueri</span> <span class='ocrx_word' id='word_1_92' title='bbox 1456 979 1686 1044; x_wconf 88' lang='lat' dir='ltr'>appellati</span> <span class='ocrx_word' id='word_1_93' title='bbox 1708 988 1835 1027; x_wconf 90' lang='lat' dir='ltr'>sunt.</span> <span class='ocrx_word' id='word_1_94' title='bbox 1899 975 2046 1024; x_wconf 90' lang='lat' dir='ltr'>Dicta</span> <span class='ocrx_word' id='word_1_95' title='bbox 2072 1002 2124 1032; x_wconf 81' lang='lat'>10</span> 
     </span>
     <span class='ocr_line' id='line_1_12' title="bbox 215 1059 2043 1140; baseline -0.011 -15"><span class='ocrx_word' id='word_1_96' title='bbox 215 1091 267 1140; x_wconf 93' lang='lat'>17</span> <span class='ocrx_word' id='word_1_97' title='bbox 290 1085 456 1124; x_wconf 90' lang='lat' dir='ltr'>autem</span> <span class='ocrx_word' id='word_1_98' title='bbox 485 1082 732 1137; x_wconf 89' lang='lat' dir='ltr'>praetexta</span> <span class='ocrx_word' id='word_1_99' title='bbox 758 1072 874 1135; x_wconf 91' lang='lat' dir='ltr'>quia</span> <span class='ocrx_word' id='word_1_100' title='bbox 910 1067 1285 1133; x_wconf 86' lang='lat' dir='ltr'>praetexebatur</span> <span class='ocrx_word' id='word_1_101' title='bbox 1315 1064 1359 1113; x_wconf 90' lang='lat' dir='ltr'>ei</span> <span class='ocrx_word' id='word_1_102' title='bbox 1392 1065 1533 1112; x_wconf 91' lang='lat' dir='ltr'>latior</span> <span class='ocrx_word' id='word_1_103' title='bbox 1565 1078 1792 1126; x_wconf 90' lang='lat' dir='ltr'>purpura.</span> <span class='ocrx_word' id='word_1_104' title='bbox 1865 1059 2043 1109; x_wconf 88' lang='lat' dir='ltr'>Casula</span> 
     </span>
     <span class='ocr_line' id='line_1_13' title="bbox 291 1142 2046 1213; baseline -0.011 -8"><span class='ocrx_word' id='word_1_105' title='bbox 291 1166 363 1205; x_wconf 88' lang='lat' dir='ltr'>est</span> <span class='ocrx_word' id='word_1_106' title='bbox 390 1154 535 1204; x_wconf 89' lang='lat' dir='ltr'>vestis</span> <span class='ocrx_word' id='word_1_107' title='bbox 561 1154 820 1212; x_wconf 90' lang='lat' dir='ltr'>cucullata,</span> <span class='ocrx_word' id='word_1_108' title='bbox 843 1151 975 1200; x_wconf 88' lang='lat' dir='ltr'>dicta</span> <span class='ocrx_word' id='word_1_109' title='bbox 1000 1167 1086 1213; x_wconf 92' lang='lat' dir='ltr'>per</span> <span class='ocrx_word' id='word_1_110' title='bbox 1111 1146 1493 1198; x_wconf 86' lang='lat' dir='ltr'>diminutionem</span> <span class='ocrx_word' id='word_1_111' title='bbox 1519 1162 1547 1193; x_wconf 91' lang='lat' dir='ltr'>a</span> <span class='ocrx_word' id='word_1_112' title='bbox 1572 1160 1698 1202; x_wconf 89' lang='lat' dir='ltr'>casa,</span> <span class='ocrx_word' id='word_1_113' title='bbox 1726 1142 1862 1205; x_wconf 91' lang='lat' dir='ltr'>quod</span> <span class='ocrx_word' id='word_1_114' title='bbox 1887 1148 2046 1188; x_wconf 89' lang='lat' dir='ltr'>totum</span> 
     </span>
     <span class='ocr_line' id='line_1_14' title="bbox 292 1221 2050 1299; baseline -0.01 -13"><span class='ocrx_word' id='word_1_115' title='bbox 292 1237 547 1286; x_wconf 86' lang='lat' dir='ltr'>hominem</span> <span class='ocrx_word' id='word_1_116' title='bbox 574 1244 705 1299; x_wconf 84' lang='lat' dir='ltr'>tegat</span> <span class='ocrx_word' id='word_1_117' title='bbox 732 1234 872 1297; x_wconf 90' lang='lat' dir='ltr'>quasi</span> <span class='ocrx_word' id='word_1_118' title='bbox 895 1232 1055 1280; x_wconf 90' lang='lat' dir='ltr'>minor</span> <span class='ocrx_word' id='word_1_119' title='bbox 1081 1247 1209 1278; x_wconf 88' lang='lat' dir='ltr'>casa.</span> <span class='ocrx_word' id='word_1_120' title='bbox 1274 1230 1401 1277; x_wconf 93' lang='lat' dir='ltr'>Inde</span> <span class='ocrx_word' id='word_1_121' title='bbox 1427 1236 1475 1275; x_wconf 93' lang='lat' dir='ltr'>et</span> <span class='ocrx_word' id='word_1_122' title='bbox 1500 1227 1707 1285; x_wconf 89' lang='lat' dir='ltr'>cuculla,</span> <span class='ocrx_word' id='word_1_123' title='bbox 1731 1222 1870 1287; x_wconf 90' lang='lat' dir='ltr'>quasi</span> <span class='ocrx_word' id='word_1_124' title='bbox 1891 1221 2050 1270; x_wconf 92' lang='lat' dir='ltr'>minor</span> 
     </span>
     <span class='ocr_line' id='line_1_15' title="bbox 291 1305 2051 1378; baseline -0.01 -10"><span class='ocrx_word' id='word_1_125' title='bbox 291 1322 429 1369; x_wconf 89' lang='lat' dir='ltr'>cella.</span> <span class='ocrx_word' id='word_1_126' title='bbox 501 1320 581 1368; x_wconf 89' lang='lat' dir='ltr'>Sic</span> <span class='ocrx_word' id='word_1_127' title='bbox 619 1326 667 1366; x_wconf 90' lang='lat' dir='ltr'>et</span> <span class='ocrx_word' id='word_1_128' title='bbox 704 1318 894 1366; x_wconf 88' lang='lat' dir='ltr'>Graece</span> <span class='ocrx_word' id='word_1_129' title='bbox 928 1316 1164 1378; x_wconf 84' lang='lat' dir='ltr'>planetaS‚</span> <span class='ocrx_word' id='word_1_130' title='bbox 1193 1310 1326 1361; x_wconf 89' lang='lat' dir='ltr'>dicta</span> <span class='ocrx_word' id='word_1_131' title='bbox 1359 1308 1476 1373; x_wconf 89' lang='lat' dir='ltr'>quia</span> <span class='ocrx_word' id='word_1_132' title='bbox 1505 1307 1600 1357; x_wconf 90' lang='lat' dir='ltr'>oris</span> <span class='ocrx_word' id='word_1_133' title='bbox 1634 1305 1908 1355; x_wconf 90' lang='lat' dir='ltr'>errantibus</span> <span class='ocrx_word' id='word_1_134' title='bbox 1945 1321 2051 1352; x_wconf 92' lang='lat' dir='ltr'>eva—</span> 
     </span>
     <span class='ocr_line' id='line_1_16' title="bbox 293 1387 2126 1466; baseline -0.008 -16"><span class='ocrx_word' id='word_1_135' title='bbox 293 1410 480 1466; x_wconf 80' lang='lat' dir='ltr'>gantur.</span> <span class='ocrx_word' id='word_1_136' title='bbox 555 1401 704 1447; x_wconf 88' lang='lat' dir='ltr'>Vnde</span> <span class='ocrx_word' id='word_1_137' title='bbox 738 1408 786 1447; x_wconf 88' lang='lat' dir='ltr'>et</span> <span class='ocrx_word' id='word_1_138' title='bbox 819 1399 987 1446; x_wconf 90' lang='lat' dir='ltr'>stellae</span> <span class='ocrx_word' id='word_1_139' title='bbox 1018 1397 1259 1459; x_wconf 85' lang='lat' dir='ltr'>planetae,</span> <span class='ocrx_word' id='word_1_140' title='bbox 1288 1392 1338 1441; x_wconf 93' lang='lat' dir='ltr'>id</span> <span class='ocrx_word' id='word_1_141' title='bbox 1374 1401 1446 1440; x_wconf 87' lang='lat' dir='ltr'>est</span> <span class='ocrx_word' id='word_1_142' title='bbox 1479 1406 1643 1453; x_wconf 86' lang='lat' dir='ltr'>vagae,</span> <span class='ocrx_word' id='word_1_143' title='bbox 1671 1405 1731 1437; x_wconf 93' lang='lat' dir='ltr'>eo</span> <span class='ocrx_word' id='word_1_144' title='bbox 1762 1387 1899 1450; x_wconf 91' lang='lat' dir='ltr'>quod</span> <span class='ocrx_word' id='word_1_145' title='bbox 1927 1401 2051 1447; x_wconf 86' lang='lat' dir='ltr'>vago</span> <span class='ocrx_word' id='word_1_146' title='bbox 2079 1409 2126 1450; x_wconf 82' lang='lat'>¹5</span> 
     </span>
     <span class='ocr_line' id='line_1_17' title="bbox 217 1468 2051 1543; baseline -0.01 -9"><span class='ocrx_word' id='word_1_147' title='bbox 217 1488 272 1534; x_wconf 90' lang='lat'>18</span> <span class='ocrx_word' id='word_1_148' title='bbox 297 1483 371 1533; x_wconf 89' lang='lat' dir='ltr'>sui</span> <span class='ocrx_word' id='word_1_149' title='bbox 408 1499 567 1532; x_wconf 92' lang='lat' dir='ltr'>errore</span> <span class='ocrx_word' id='word_1_150' title='bbox 612 1490 849 1543; x_wconf 91' lang='lat' dir='ltr'>motuque</span> <span class='ocrx_word' id='word_1_151' title='bbox 888 1478 1183 1528; x_wconf 92' lang='lat' dir='ltr'>discurrunt.</span> <span class='ocrx_word' id='word_1_152' title='bbox 1257 1474 1422 1523; x_wconf 90' lang='lat' dir='ltr'>Birrus</span> <span class='ocrx_word' id='word_1_153' title='bbox 1460 1490 1489 1523; x_wconf 91' lang='lat' dir='ltr'>a</span> <span class='ocrx_word' id='word_1_154' title='bbox 1525 1473 1718 1521; x_wconf 91' lang='lat' dir='ltr'>Graeco</span> <span class='ocrx_word' id='word_1_155' title='bbox 1754 1468 2051 1519; x_wconf 88' lang='lat' dir='ltr'>vocabulum</span> 
     </span>
     <span class='ocr_line' id='line_1_18' title="bbox 214 1549 2053 1629; baseline -0.01 -14"><span class='ocrx_word' id='word_1_156' title='bbox 214 1582 275 1629; x_wconf 89' lang='lat'>19</span> <span class='ocrx_word' id='word_1_157' title='bbox 300 1567 458 1624; x_wconf 88' lang='lat' dir='ltr'>trahit,</span> <span class='ocrx_word' id='word_1_158' title='bbox 495 1563 563 1612; x_wconf 90' lang='lat' dir='ltr'>illi</span> <span class='ocrx_word' id='word_1_159' title='bbox 599 1562 731 1612; x_wconf 90' lang='lat' dir='ltr'>enim</span> <span class='ocrx_word' id='word_1_160' title='bbox 767 1562 953 1610; x_wconf 90' lang='lat' dir='ltr'>birrum</span> <span class='ocrx_word' id='word_1_161' title='bbox 990 1559 1188 1609; x_wconf 89' lang='lat' dir='ltr'>bibrum</span> <span class='ocrx_word' id='word_1_162' title='bbox 1219 1557 1404 1607; x_wconf 91' lang='lat' dir='ltr'>dicunt.</span> <span class='ocrx_word' id='word_1_163' title='bbox 1481 1556 1713 1613; x_wconf 83' lang='lat' dir='ltr'>Melotes,</span> <span class='ocrx_word' id='word_1_164' title='bbox 1741 1567 1869 1616; x_wconf 90' lang='lat' dir='ltr'>quae</span> <span class='ocrx_word' id='word_1_165' title='bbox 1905 1549 2053 1599; x_wconf 88' lang='lat' dir='ltr'>etiam</span> 
     </span>
     <span class='ocr_line' id='line_1_19' title="bbox 298 1630 2054 1715; baseline -0.01 -20"><span class='ocrx_word' id='word_1_166' title='bbox 298 1663 412 1715; x_wconf 88' lang='lat' dir='ltr'>pera</span> <span class='ocrx_word' id='word_1_167' title='bbox 451 1654 666 1704; x_wconf 91' lang='lat' dir='ltr'>vocatur,</span> <span class='ocrx_word' id='word_1_168' title='bbox 707 1642 847 1707; x_wconf 91' lang='lat' dir='ltr'>pellis</span> <span class='ocrx_word' id='word_1_169' title='bbox 891 1652 964 1691; x_wconf 90' lang='lat' dir='ltr'>est</span> <span class='ocrx_word' id='word_1_170' title='bbox 1001 1639 1202 1704; x_wconf 89' lang='lat' dir='ltr'>caprina</span> <span class='ocrx_word' id='word_1_171' title='bbox 1239 1636 1309 1705; x_wconf 90' lang='lat' dir='ltr'>[a]</span> <span class='ocrx_word' id='word_1_172' title='bbox 1348 1638 1477 1687; x_wconf 92' lang='lat' dir='ltr'>collo</span> <span class='ocrx_word' id='word_1_173' title='bbox 1515 1636 1738 1699; x_wconf 90' lang='lat' dir='ltr'>pendens</span> <span class='ocrx_word' id='word_1_174' title='bbox 1774 1630 2054 1696; x_wconf 89' lang='lat' dir='ltr'>praecincta</span> 
     </span>
     <span class='ocr_line' id='line_1_20' title="bbox 299 1713 2054 1792; baseline -0.01 -14"><span class='ocrx_word' id='word_1_175' title='bbox 299 1745 456 1792; x_wconf 89' lang='lat' dir='ltr'>usque</span> <span class='ocrx_word' id='word_1_176' title='bbox 493 1728 556 1775; x_wconf 91' lang='lat' dir='ltr'>ad</span> <span class='ocrx_word' id='word_1_177' title='bbox 593 1726 821 1774; x_wconf 90' lang='lat' dir='ltr'>lumbos:</span> <span class='ocrx_word' id='word_1_178' title='bbox 873 1732 946 1772; x_wconf 93' lang='lat' dir='ltr'>est</span> <span class='ocrx_word' id='word_1_179' title='bbox 982 1732 1148 1771; x_wconf 91' lang='lat' dir='ltr'>autem</span> <span class='ocrx_word' id='word_1_180' title='bbox 1186 1719 1384 1769; x_wconf 90' lang='lat' dir='ltr'>habitus</span> <span class='ocrx_word' id='word_1_181' title='bbox 1419 1716 1614 1781; x_wconf 87' lang='lat' dir='ltr'>proprie</span> <span class='ocrx_word' id='word_1_182' title='bbox 1649 1715 1953 1765; x_wconf 88' lang='lat' dir='ltr'>necessarius</span> <span class='ocrx_word' id='word_1_183' title='bbox 1990 1713 2054 1761; x_wconf 91' lang='lat' dir='ltr'>ad</span> 
     </span>
     <span class='ocr_line' id='line_1_21' title="bbox 301 1795 2133 1874; baseline -0.007 -15"><span class='ocrx_word' id='word_1_184' title='bbox 301 1810 462 1874; x_wconf 88' lang='lat' dir='ltr'>operis</span> <span class='ocrx_word' id='word_1_185' title='bbox 488 1807 787 1859; x_wconf 88' lang='lat' dir='ltr'>exercitium.</span> <span class='ocrx_word' id='word_1_186' title='bbox 862 1808 900 1853; x_wconf 91' lang='lat' dir='ltr'>F</span> <span class='ocrx_word' id='word_1_187' title='bbox 903 1805 1036 1854; x_wconf 89' lang='lat' dir='ltr'>iebat</span> <span class='ocrx_word' id='word_1_188' title='bbox 1067 1813 1233 1852; x_wconf 90' lang='lat' dir='ltr'>autern</span> <span class='ocrx_word' id='word_1_189' title='bbox 1261 1801 1406 1865; x_wconf 92' lang='lat' dir='ltr'>prius,</span> <span class='ocrx_word' id='word_1_190' title='bbox 1435 1809 1489 1848; x_wconf 90' lang='lat' dir='ltr'>ut</span> <span class='ocrx_word' id='word_1_191' title='bbox 1522 1799 1725 1862; x_wconf 90' lang='lat' dir='ltr'>quidam</span> <span class='ocrx_word' id='word_1_192' title='bbox 1760 1795 2052 1854; x_wconf 88' lang='lat' dir='ltr'>existimant,</span> <span class='ocrx_word' id='word_1_193' title='bbox 2081 1817 2133 1846; x_wconf 83' lang='lat'>20</span> 
     </span>
     <span class='ocr_line' id='line_1_22' title="bbox 213 1875 2056 1956; baseline -0.011 -12"><span class='ocrx_word' id='word_1_194' title='bbox 213 1909 281 1945; x_wconf 85' lang='lat'>20</span> <span class='ocrx_word' id='word_1_195' title='bbox 304 1895 366 1942; x_wconf 92' lang='lat' dir='ltr'>de</span> <span class='ocrx_word' id='word_1_196' title='bbox 386 1890 626 1956; x_wconf 89' lang='lat' dir='ltr'>pelliculis</span> <span class='ocrx_word' id='word_1_197' title='bbox 647 1891 900 1938; x_wconf 87' lang='lat' dir='ltr'>melonum</span> <span class='ocrx_word' id='word_1_198' title='bbox 911 1906 923 1948; x_wconf 90' lang='lat'><em>3</em></span> <span class='ocrx_word' id='word_1_199' title='bbox 961 1888 1095 1935; x_wconf 90' lang='lat' dir='ltr'>unde</span> <span class='ocrx_word' id='word_1_200' title='bbox 1112 1893 1160 1934; x_wconf 92' lang='lat' dir='ltr'>et</span> <span class='ocrx_word' id='word_1_201' title='bbox 1177 1885 1383 1932; x_wconf 91' lang='lat' dir='ltr'>melotes</span> <span class='ocrx_word' id='word_1_202' title='bbox 1400 1890 1603 1930; x_wconf 90' lang='lat' dir='ltr'>vocatae</span> <span class='ocrx_word' id='word_1_203' title='bbox 1621 1888 1747 1928; x_wconf 90' lang='lat' dir='ltr'>sunt.</span> <span class='ocrx_word' id='word_1_204' title='bbox 1811 1875 2056 1925; x_wconf 89' lang='lat' dir='ltr'>Fimbriae</span> 
     </span>
     <span class='ocr_line' id='line_1_23' title="bbox 303 1959 2057 2028; baseline -0.01 -4"><span class='ocrx_word' id='word_1_205' title='bbox 303 1984 506 2024; x_wconf 88' lang='lat' dir='ltr'>vocatae</span> <span class='ocrx_word' id='word_1_206' title='bbox 525 1989 609 2021; x_wconf 89' lang='lat' dir='ltr'>ora</span> <span class='ocrx_word' id='word_1_207' title='bbox 634 1972 1057 2028; x_wconf 90' lang='lat' dir='ltr'>vestimentorum,</span> <span class='ocrx_word' id='word_1_208' title='bbox 1079 1969 1176 2015; x_wconf 92' lang='lat' dir='ltr'>hoc</span> <span class='ocrx_word' id='word_1_209' title='bbox 1202 1974 1275 2015; x_wconf 89' lang='lat' dir='ltr'>est</span> <span class='ocrx_word' id='word_1_210' title='bbox 1299 1966 1436 2025; x_wconf 90' lang='lat' dir='ltr'>fines,</span> <span class='ocrx_word' id='word_1_211' title='bbox 1460 1980 1518 2012; x_wconf 91' lang='lat' dir='ltr'>ex</span> <span class='ocrx_word' id='word_1_212' title='bbox 1543 1963 1735 2012; x_wconf 91' lang='lat' dir='ltr'>Graeco</span> <span class='ocrx_word' id='word_1_213' title='bbox 1759 1959 2057 2009; x_wconf 91' lang='lat' dir='ltr'>vocabulum</span> 
     </span>
     <span class='ocr_line' id='line_1_24' title="bbox 302 2047 1553 2115; baseline -0.01 -11"><span class='ocrx_word' id='word_1_214' title='bbox 302 2057 501 2105; x_wconf 89' lang='lat' dir='ltr'>trahunt</span> <span class='ocrx_word' id='word_1_215' title='bbox 524 2073 536 2115; x_wconf 88' lang='lat'><em>3</em></span> <span class='ocrx_word' id='word_1_216' title='bbox 571 2051 748 2103; x_wconf 91' lang='lat' dir='ltr'>Graeci</span> <span class='ocrx_word' id='word_1_217' title='bbox 775 2050 907 2100; x_wconf 88' lang='lat' dir='ltr'>enim</span> <span class='ocrx_word' id='word_1_218' title='bbox 934 2050 1200 2098; x_wconf 90' lang='lat' dir='ltr'>terminum</span> <span class='ocrx_word' id='word_1_219' title='bbox 1227 2047 1335 2110; x_wconf 84' lang='grc' dir='ltr'>ὅρον</span> <span class='ocrx_word' id='word_1_220' title='bbox 1359 2053 1553 2094; x_wconf 88' lang='lat' dir='ltr'>vocant.</span> 
     </span>
     <span class='ocr_line' id='line_1_25' title="bbox 155 2118 2060 2191; baseline -0.01 -4"><span class='ocrx_word' id='word_1_221' title='bbox 155 2147 279 2187; x_wconf 86' lang='lat' dir='ltr'>XXV</span> <span class='ocrx_word' id='word_1_222' title='bbox 441 2139 524 2184; x_wconf 85' lang='lat' dir='ltr'>DE</span> <span class='ocrx_word' id='word_1_223' title='bbox 566 2148 765 2183; x_wconf 83' lang='lat' dir='ltr'>PALLus</span> <span class='ocrx_word' id='word_1_224' title='bbox 806 2145 1141 2180; x_wconf 83' lang='lat' dir='ltr'>FEMINARVM.</span> <span class='ocrx_word' id='word_1_225' title='bbox 1217 2127 1466 2191; x_wconf 88' lang='lat' dir='ltr'>Regillum</span> <span class='ocrx_word' id='word_1_226' title='bbox 1505 2135 1579 2175; x_wconf 91' lang='lat' dir='ltr'>est</span> <span class='ocrx_word' id='word_1_227' title='bbox 1626 2124 1895 2187; x_wconf 88' lang='lat' dir='ltr'>praelatum</span> <span class='ocrx_word' id='word_1_228' title='bbox 1944 2118 2060 2183; x_wconf 80' lang='lat' dir='ltr'>regi-</span> 
     </span>
    </p>
   </div>
   <div class='ocr_carea' id='block_1_3' title="bbox 306 2250 2066 3083">
    <p class='ocr_par' dir='ltr' id='par_1_3' title="bbox 306 2250 2066 3083">
     <span class='ocr_line' id='line_1_26' title="bbox 364 2250 2057 2316; baseline -0.011 -10"><span class='ocrx_word' id='word_1_229' title='bbox 364 2281 380 2305; x_wconf 95' lang='lat'>1</span> <span class='ocrx_word' id='word_1_230' title='bbox 416 2267 620 2316; x_wconf 88' lang='lat' dir='ltr'>quadrum</span> <span class='ocrx_word' id='word_1_231' title='bbox 651 2261 958 2302; x_wconf 85' lang='lat' dir='ltr'>BCDEFTU:</span> <span class='ocrx_word' id='word_1_232' title='bbox 998 2261 1095 2310; x_wconf 88' lang='lat' dir='ltr'>quia</span> <span class='ocrx_word' id='word_1_233' title='bbox 1125 2259 1278 2298; x_wconf 88' lang='lat' dir='ltr'>dicitur</span> <span class='ocrx_word' id='word_1_234' title='bbox 1306 2255 1436 2295; x_wconf 87' lang='grc' dir='ltr'>ΚΝΡ</span> <span class='ocrx_word' id='word_1_235' title='bbox 1463 2255 1565 2307; x_wconf 85' lang='lat' dir='ltr'>(pro</span> <span class='ocrx_word' id='word_1_236' title='bbox 1594 2254 1713 2304; x_wconf 70' lang='lat' dir='ltr'>qadf,</span> <span class='ocrx_word' id='word_1_237' title='bbox 1733 2254 1799 2292; x_wconf 84' lang='lat' dir='ltr'>i.e.</span> <span class='ocrx_word' id='word_1_238' title='bbox 1830 2250 2057 2301; x_wconf 77' lang='lat' dir='ltr'>quadrum)</span> 
     </span>
     <span class='ocr_line' id='line_1_27' title="bbox 306 2304 2059 2361; baseline -0.01 0"><span class='ocrx_word' id='word_1_239' title='bbox 306 2336 330 2360; x_wconf 87' lang='lat'><em>2</em></span> <span class='ocrx_word' id='word_1_240' title='bbox 361 2327 473 2361; x_wconf 85' lang='lat' dir='ltr'>esset</span> <span class='ocrx_word' id='word_1_241' title='bbox 511 2319 755 2359; x_wconf 83' lang='lat' dir='ltr'>BCE2TU:</span> <span class='ocrx_word' id='word_1_242' title='bbox 805 2323 871 2357; x_wconf 87' lang='lat' dir='ltr'>est</span> <span class='ocrx_word' id='word_1_243' title='bbox 909 2315 1033 2354; x_wconf 83' lang='lat' dir='ltr'>E1F:</span> <span class='ocrx_word' id='word_1_244' title='bbox 1080 2321 1171 2353; x_wconf 87' lang='lat' dir='ltr'>erat</span> <span class='ocrx_word' id='word_1_245' title='bbox 1210 2313 1280 2351; x_wconf 88' lang='lat' dir='ltr'>K:</span> <span class='ocrx_word' id='word_1_246' title='bbox 1330 2316 1451 2350; x_wconf 88' lang='lat' dir='ltr'>erant</span> <span class='ocrx_word' id='word_1_247' title='bbox 1495 2310 1541 2348; x_wconf 94' lang='lat' dir='ltr'><em>N</em></span> <span class='ocrx_word' id='word_1_248' title='bbox 1713 2307 1878 2346; x_wconf 86' lang='lat' dir='ltr'>Penula</span> <span class='ocrx_word' id='word_1_249' title='bbox 1915 2304 2059 2344; x_wconf 89' lang='lat' dir='ltr'>BCT:</span> 
     </span>
     <span class='ocr_line' id='line_1_28' title="bbox 308 2360 2059 2423; baseline -0.01 -8"><span class='ocrx_word' id='word_1_250' title='bbox 308 2376 497 2415; x_wconf 90' lang='lat' dir='ltr'>Pendula</span> <span class='ocrx_word' id='word_1_251' title='bbox 517 2374 563 2412; x_wconf 90' lang='lat' dir='ltr'><em>K</em></span> <span class='ocrx_word' id='word_1_252' title='bbox 671 2387 696 2422; x_wconf 85' lang='lat'><strong>3</strong></span> <span class='ocrx_word' id='word_1_253' title='bbox 725 2386 808 2423; x_wconf 91' lang='lat' dir='ltr'>quo</span> <span class='ocrx_word' id='word_1_254' title='bbox 832 2402 841 2411; x_wconf 95' lang='lat'>.</span> <span class='ocrx_word' id='word_1_255' title='bbox 867 2403 876 2412; x_wconf 88' lang='lat'>.</span> <span class='ocrx_word' id='word_1_256' title='bbox 897 2401 906 2411; x_wconf 94' lang='lat'>.</span> <span class='ocrx_word' id='word_1_257' title='bbox 929 2371 1179 2409; x_wconf 89' lang='lat' dir='ltr'>velabantur</span> <span class='ocrx_word' id='word_1_258' title='bbox 1197 2368 1243 2406; x_wconf 90' lang='lat' dir='ltr'><em>K</em></span> <span class='ocrx_word' id='word_1_259' title='bbox 1350 2369 1376 2405; x_wconf 89' lang='lat'><strong>6</strong></span> <span class='ocrx_word' id='word_1_260' title='bbox 1406 2366 1576 2404; x_wconf 89' lang='lat' dir='ltr'>lacerna</span> <span class='ocrx_word' id='word_1_261' title='bbox 1596 2376 1664 2413; x_wconf 80' lang='lat' dir='ltr'>qu,</span> <span class='ocrx_word' id='word_1_262' title='bbox 1695 2361 1734 2400; x_wconf 89' lang='lat' dir='ltr'><em>T</em></span> <span class='ocrx_word' id='word_1_263' title='bbox 1851 2360 2059 2410; x_wconf 84' lang='lat' dir='ltr'>capitibus</span> 
     </span>
     <span class='ocr_line' id='line_1_29' title="bbox 306 2414 2058 2480; baseline -0.01 -10"><span class='ocrx_word' id='word_1_264' title='bbox 306 2431 393 2469; x_wconf 89' lang='grc' dir='ltr'>ΒΚ</span> <span class='ocrx_word' id='word_1_265' title='bbox 409 2445 417 2470; x_wconf 94' lang='lat'>:</span> <span class='ocrx_word' id='word_1_266' title='bbox 446 2429 611 2480; x_wconf 87' lang='lat' dir='ltr'>capitiis</span> <span class='ocrx_word' id='word_1_267' title='bbox 634 2428 732 2467; x_wconf 86' lang='lat' dir='ltr'>C1T</span> <span class='ocrx_word' id='word_1_268' title='bbox 746 2427 835 2479; x_wconf 77' lang='lat' dir='ltr'>(vix</span> <span class='ocrx_word' id='word_1_269' title='bbox 853 2430 947 2465; x_wconf 82' lang='lat' dir='ltr'>recte</span> <span class='ocrx_word' id='word_1_270' title='bbox 962 2439 980 2474; x_wconf 89' lang='lat'><em>;</em></span> <span class='ocrx_word' id='word_1_271' title='bbox 1008 2424 1081 2463; x_wconf 83' lang='lat' dir='ltr'>sed</span> <span class='ocrx_word' id='word_1_272' title='bbox 1096 2425 1142 2474; x_wconf 89' lang='lat' dir='ltr'>cf.</span> <span class='ocrx_word' id='word_1_273' title='bbox 1163 2422 1287 2462; x_wconf 85' lang='lat' dir='ltr'>Paul.</span> <span class='ocrx_word' id='word_1_274' title='bbox 1313 2421 1416 2460; x_wconf 84' lang='lat' dir='ltr'>Fest.</span> <span class='ocrx_word' id='word_1_275' title='bbox 1441 2420 1516 2458; x_wconf 89' lang='lat'>118</span> <span class='ocrx_word' id='word_1_276' title='bbox 1538 2418 1618 2468; x_wconf 72' lang='lat' dir='ltr'>M.)</span> <span class='ocrx_word' id='word_1_277' title='bbox 1757 2428 1778 2464; x_wconf 90' lang='grc'><strong>7</strong></span> <span class='ocrx_word' id='word_1_278' title='bbox 1810 2414 2058 2466; x_wconf 87' lang='lat' dir='ltr'>penularum</span> 
     </span>
     <span class='ocr_line' id='line_1_30' title="bbox 306 2471 2057 2534; baseline -0.011 -9"><span class='ocrx_word' id='word_1_279' title='bbox 306 2485 418 2525; x_wconf 88' lang='lat' dir='ltr'>codd.</span> <span class='ocrx_word' id='word_1_280' title='bbox 532 2487 556 2523; x_wconf 92' lang='lat'>8</span> <span class='ocrx_word' id='word_1_281' title='bbox 588 2482 741 2534; x_wconf 85' lang='lat' dir='ltr'>puerili</span> <span class='ocrx_word' id='word_1_282' title='bbox 760 2481 801 2519; x_wconf 85' lang='grc' dir='ltr'><em>Β</em></span> <span class='ocrx_word' id='word_1_283' title='bbox 912 2495 938 2530; x_wconf 88' lang='grc'>9</span> <span class='ocrx_word' id='word_1_284' title='bbox 967 2480 1094 2518; x_wconf 86' lang='lat' dir='ltr'>annis</span> <span class='ocrx_word' id='word_1_285' title='bbox 1113 2478 1169 2517; x_wconf 88' lang='grc' dir='ltr'>Β1</span> <span class='ocrx_word' id='word_1_286' title='bbox 1333 2476 1410 2514; x_wconf 89' lang='lat' dir='ltr'>sub</span> <span class='ocrx_word' id='word_1_287' title='bbox 1426 2487 1509 2513; x_wconf 85' lang='lat' dir='ltr'>om.</span> <span class='ocrx_word' id='word_1_288' title='bbox 1529 2472 1576 2511; x_wconf 89' lang='lat' dir='ltr'><em>K</em></span> <span class='ocrx_word' id='word_1_289' title='bbox 1595 2474 1696 2524; x_wconf 77' lang='lat' dir='ltr'>&lt;non</span> <span class='ocrx_word' id='word_1_290' title='bbox 1722 2471 1778 2522; x_wconf 81' lang='lat' dir='ltr'>U)</span> <span class='ocrx_word' id='word_1_291' title='bbox 1892 2482 1939 2508; x_wconf 86' lang='lat'>12</span> <span class='ocrx_word' id='word_1_292' title='bbox 1969 2482 2057 2508; x_wconf 90' lang='lat' dir='ltr'>ves.</span> 
     </span>
     <span class='ocr_line' id='line_1_31' title="bbox 307 2524 2058 2586; baseline -0.01 -7"><span class='ocrx_word' id='word_1_293' title='bbox 307 2540 469 2580; x_wconf 87' lang='lat' dir='ltr'>cuculla</span> <span class='ocrx_word' id='word_1_294' title='bbox 488 2539 529 2578; x_wconf 90' lang='lat' dir='ltr'><em>B</em></span> <span class='ocrx_word' id='word_1_295' title='bbox 714 2550 762 2586; x_wconf 92' lang='lat'>14</span> <span class='ocrx_word' id='word_1_296' title='bbox 791 2549 919 2585; x_wconf 88' lang='lat' dir='ltr'>grece</span> <span class='ocrx_word' id='word_1_297' title='bbox 941 2533 1051 2573; x_wconf 90' lang='lat' dir='ltr'>KN:</span> <span class='ocrx_word' id='word_1_298' title='bbox 1082 2532 1195 2583; x_wconf 86' lang='lat' dir='ltr'>greci</span> <span class='ocrx_word' id='word_1_299' title='bbox 1215 2529 1378 2570; x_wconf 89' lang='lat' dir='ltr'>BCTU</span> <span class='ocrx_word' id='word_1_300' title='bbox 1529 2528 1729 2566; x_wconf 78' lang='lat' dir='ltr'>planetas</span> <span class='ocrx_word' id='word_1_301' title='bbox 1751 2525 1864 2576; x_wconf 80' lang='lat' dir='ltr'>(nov.</span> <span class='ocrx_word' id='word_1_302' title='bbox 1885 2524 2058 2572; x_wconf 82' lang='lat' dir='ltr'>lemma)</span> 
     </span>
     <span class='ocr_line' id='line_1_32' title="bbox 307 2578 2060 2644; baseline -0.011 -10"><span class='ocrx_word' id='word_1_303' title='bbox 307 2594 489 2634; x_wconf 85' lang='lat' dir='ltr'>BCTU:</span> <span class='ocrx_word' id='word_1_304' title='bbox 523 2594 694 2644; x_wconf 87' lang='lat' dir='ltr'>planeta</span> <span class='ocrx_word' id='word_1_305' title='bbox 714 2591 804 2629; x_wconf 90' lang='grc' dir='ltr'>ΚΝ</span> <span class='ocrx_word' id='word_1_306' title='bbox 984 2590 1094 2627; x_wconf 83' lang='lat' dir='ltr'>dicta</span> <span class='ocrx_word' id='word_1_307' title='bbox 1114 2587 1227 2626; x_wconf 88' lang='lat' dir='ltr'>KU:</span> <span class='ocrx_word' id='word_1_308' title='bbox 1257 2586 1410 2624; x_wconf 88' lang='lat' dir='ltr'>dietam</span> <span class='ocrx_word' id='word_1_309' title='bbox 1431 2582 1502 2621; x_wconf 89' lang='lat' dir='ltr'>N:</span> <span class='ocrx_word' id='word_1_310' title='bbox 1532 2583 1664 2621; x_wconf 84' lang='lat' dir='ltr'>dictas</span> <span class='ocrx_word' id='word_1_311' title='bbox 1683 2579 1806 2619; x_wconf 89' lang='lat' dir='ltr'>BCT</span> <span class='ocrx_word' id='word_1_312' title='bbox 1963 2578 2060 2627; x_wconf 85' lang='lat' dir='ltr'>quia</span> 
     </span>
     <span class='ocr_line' id='line_1_33' title="bbox 307 2631 2064 2696; baseline -0.011 -7"><span class='ocrx_word' id='word_1_313' title='bbox 307 2649 491 2689; x_wconf 87' lang='lat' dir='ltr'>BCTU:</span> <span class='ocrx_word' id='word_1_314' title='bbox 525 2661 576 2686; x_wconf 91' lang='lat' dir='ltr'>eo</span> <span class='ocrx_word' id='word_1_315' title='bbox 596 2648 709 2696; x_wconf 87' lang='lat' dir='ltr'>quod</span> <span class='ocrx_word' id='word_1_316' title='bbox 732 2645 822 2684; x_wconf 88' lang='lat' dir='ltr'>KN</span> <span class='ocrx_word' id='word_1_317' title='bbox 938 2644 1056 2682; x_wconf 89' lang='lat' dir='ltr'>horis</span> <span class='ocrx_word' id='word_1_318' title='bbox 1081 2642 1127 2682; x_wconf 90' lang='lat' dir='ltr'>C¹</span> <span class='ocrx_word' id='word_1_319' title='bbox 1288 2653 1335 2690; x_wconf 88' lang='lat'>15</span> <span class='ocrx_word' id='word_1_320' title='bbox 1367 2639 1408 2678; x_wconf 94' lang='lat' dir='ltr'>id</span> <span class='ocrx_word' id='word_1_321' title='bbox 1428 2644 1494 2677; x_wconf 85' lang='lat' dir='ltr'>est</span> <span class='ocrx_word' id='word_1_322' title='bbox 1512 2649 1646 2687; x_wconf 87' lang='lat' dir='ltr'>vagae</span> <span class='ocrx_word' id='word_1_323' title='bbox 1666 2648 1750 2674; x_wconf 83' lang='lat' dir='ltr'>om.</span> <span class='ocrx_word' id='word_1_324' title='bbox 1775 2633 1863 2672; x_wconf 89' lang='lat' dir='ltr'>KN</span> <span class='ocrx_word' id='word_1_325' title='bbox 1878 2633 1981 2685; x_wconf 83' lang='lat' dir='ltr'>(non</span> <span class='ocrx_word' id='word_1_326' title='bbox 2003 2631 2064 2683; x_wconf 79' lang='lat' dir='ltr'>U)</span> 
     </span>
     <span class='ocr_line' id='line_1_34' title="bbox 309 2688 2061 2754; baseline -0.011 -10"><span class='ocrx_word' id='word_1_327' title='bbox 309 2719 359 2743; x_wconf 92' lang='lat' dir='ltr'>eo</span> <span class='ocrx_word' id='word_1_328' title='bbox 391 2704 504 2754; x_wconf 92' lang='lat' dir='ltr'>quod</span> <span class='ocrx_word' id='word_1_329' title='bbox 537 2701 722 2741; x_wconf 88' lang='lat' dir='ltr'>BCTU:</span> <span class='ocrx_word' id='word_1_330' title='bbox 761 2700 859 2751; x_wconf 89' lang='lat' dir='ltr'>quia</span> <span class='ocrx_word' id='word_1_331' title='bbox 890 2699 982 2737; x_wconf 91' lang='grc' dir='ltr'>ΚΝ</span> <span class='ocrx_word' id='word_1_332' title='bbox 1168 2709 1277 2746; x_wconf 89' lang='lat' dir='ltr'>vago</span> <span class='ocrx_word' id='word_1_333' title='bbox 1310 2694 1374 2733; x_wconf 89' lang='lat' dir='ltr'>sui</span> <span class='ocrx_word' id='word_1_334' title='bbox 1414 2692 1512 2732; x_wconf 86' lang='lat' dir='ltr'>TU:</span> <span class='ocrx_word' id='word_1_335' title='bbox 1544 2704 1677 2741; x_wconf 88' lang='lat' dir='ltr'>vagae</span> <span class='ocrx_word' id='word_1_336' title='bbox 1708 2690 1791 2740; x_wconf 87' lang='lat' dir='ltr'>(vel</span> <span class='ocrx_word' id='word_1_337' title='bbox 1822 2688 1945 2738; x_wconf 87' lang='lat' dir='ltr'>vage)</span> <span class='ocrx_word' id='word_1_338' title='bbox 1983 2699 2061 2725; x_wconf 88' lang='lat' dir='ltr'>suo</span> 
     </span>
     <span class='ocr_line' id='line_1_35' title="bbox 308 2742 2060 2804; baseline -0.011 -6"><span class='ocrx_word' id='word_1_339' title='bbox 308 2757 477 2798; x_wconf 87' lang='lat' dir='ltr'>BCKN</span> <span class='ocrx_word' id='word_1_340' title='bbox 639 2758 688 2794; x_wconf 90' lang='lat'>16</span> <span class='ocrx_word' id='word_1_341' title='bbox 719 2762 919 2804; x_wconf 84' lang='lat' dir='ltr'>mutuque</span> <span class='ocrx_word' id='word_1_342' title='bbox 948 2753 1006 2791; x_wconf 91' lang='lat' dir='ltr'>T:</span> <span class='ocrx_word' id='word_1_343' title='bbox 1036 2758 1265 2802; x_wconf 91' lang='lat' dir='ltr'>mutuoque</span> <span class='ocrx_word' id='word_1_344' title='bbox 1286 2749 1332 2787; x_wconf 92' lang='lat' dir='ltr'><em>K</em></span> <span class='ocrx_word' id='word_1_345' title='bbox 1488 2761 1535 2797; x_wconf 91' lang='lat'>17</span> <span class='ocrx_word' id='word_1_346' title='bbox 1566 2746 1729 2785; x_wconf 88' lang='lat' dir='ltr'>bibrum</span> <span class='ocrx_word' id='word_1_347' title='bbox 1751 2744 1795 2793; x_wconf 81' lang='lat' dir='ltr'>(i.</span> <span class='ocrx_word' id='word_1_348' title='bbox 1809 2757 1840 2782; x_wconf 88' lang='lat' dir='ltr'>e.</span> <span class='ocrx_word' id='word_1_349' title='bbox 1860 2743 2010 2781; x_wconf 77' lang='lat' dir='ltr'>fibram</span> <span class='ocrx_word' id='word_1_350' title='bbox 2027 2742 2060 2789; x_wconf 72' lang='lat'>2)</span> 
     </span>
     <span class='ocr_line' id='line_1_36' title="bbox 311 2794 2066 2864; baseline -0.011 -12"><span class='ocrx_word' id='word_1_351' title='bbox 311 2828 393 2852; x_wconf 83' lang='lat' dir='ltr'>om.</span> <span class='ocrx_word' id='word_1_352' title='bbox 419 2812 510 2851; x_wconf 89' lang='lat' dir='ltr'>KN</span> <span class='ocrx_word' id='word_1_353' title='bbox 525 2813 627 2864; x_wconf 83' lang='lat' dir='ltr'>(non</span> <span class='ocrx_word' id='word_1_354' title='bbox 649 2811 707 2863; x_wconf 84' lang='lat' dir='ltr'>U&gt;</span> <span class='ocrx_word' id='word_1_355' title='bbox 822 2810 870 2848; x_wconf 85' lang='lat'>18</span> <span class='ocrx_word' id='word_1_356' title='bbox 899 2822 924 2846; x_wconf 91' lang='lat' dir='ltr'>a</span> <span class='ocrx_word' id='word_1_357' title='bbox 943 2808 1036 2847; x_wconf 78' lang='lat' dir='ltr'>hab.</span> <span class='ocrx_word' id='word_1_358' title='bbox 1057 2807 1153 2846; x_wconf 87' lang='lat' dir='ltr'>CT:</span> <span class='ocrx_word' id='word_1_359' title='bbox 1182 2819 1266 2845; x_wconf 86' lang='lat' dir='ltr'>om.</span> <span class='ocrx_word' id='word_1_360' title='bbox 1287 2803 1376 2842; x_wconf 88' lang='grc' dir='ltr'>ΒΚ</span> <span class='ocrx_word' id='word_1_361' title='bbox 1489 2815 1536 2852; x_wconf 90' lang='lat'>19</span> <span class='ocrx_word' id='word_1_362' title='bbox 1565 2807 1706 2840; x_wconf 89' lang='lat' dir='ltr'>autem</span> <span class='ocrx_word' id='word_1_363' title='bbox 1724 2797 1826 2838; x_wconf 88' lang='lat' dir='ltr'>CT:</span> <span class='ocrx_word' id='word_1_364' title='bbox 1855 2798 1966 2836; x_wconf 83' lang='lat' dir='ltr'>enim</span> <span class='ocrx_word' id='word_1_365' title='bbox 1978 2794 2066 2834; x_wconf 89' lang='grc' dir='ltr'>ΒΚ</span> 
     </span>
     <span class='ocr_line' id='line_1_37' title="bbox 310 2850 2062 2914; baseline -0.011 -7"><span class='ocrx_word' id='word_1_366' title='bbox 310 2882 364 2907; x_wconf 90' lang='grc' dir='ltr'>2ο</span> <span class='ocrx_word' id='word_1_367' title='bbox 384 2868 590 2907; x_wconf 86' lang='lat' dir='ltr'>extimant</span> <span class='ocrx_word' id='word_1_368' title='bbox 618 2865 655 2904; x_wconf 92' lang='lat' dir='ltr'><em>T</em></span> <span class='ocrx_word' id='word_1_369' title='bbox 788 2877 835 2902; x_wconf 84' lang='lat'>21</span> <span class='ocrx_word' id='word_1_370' title='bbox 869 2862 1027 2902; x_wconf 88' lang='lat' dir='ltr'>melote</span> <span class='ocrx_word' id='word_1_371' title='bbox 1047 2863 1093 2914; x_wconf 79' lang='lat' dir='ltr'>(i.</span> <span class='ocrx_word' id='word_1_372' title='bbox 1109 2875 1139 2901; x_wconf 84' lang='lat' dir='ltr'>e.</span> <span class='ocrx_word' id='word_1_373' title='bbox 1161 2860 1266 2912; x_wconf 82' lang='lat' dir='ltr'>-tae)</span> <span class='ocrx_word' id='word_1_374' title='bbox 1297 2857 1349 2897; x_wconf 59' lang='lat' dir='ltr'>T*</span> <span class='ocrx_word' id='word_1_375' title='bbox 1369 2862 1415 2896; x_wconf 87' lang='lat' dir='ltr'>ut</span> <span class='ocrx_word' id='word_1_376' title='bbox 1433 2857 1514 2897; x_wconf 84' lang='lat' dir='ltr'>vid.</span> <span class='ocrx_word' id='word_1_377' title='bbox 1627 2859 1782 2894; x_wconf 87' lang='lat' dir='ltr'>vocant</span> <span class='ocrx_word' id='word_1_378' title='bbox 1805 2851 1848 2890; x_wconf 92' lang='lat' dir='ltr'><em>U</em></span> <span class='ocrx_word' id='word_1_379' title='bbox 1953 2850 2062 2888; x_wconf 88' lang='lat' dir='ltr'>Fim-</span> 
     </span>
     <span class='ocr_line' id='line_1_38' title="bbox 309 2904 2062 2972; baseline -0.011 -11"><span class='ocrx_word' id='word_1_380' title='bbox 309 2923 427 2962; x_wconf 89' lang='lat' dir='ltr'>briae</span> <span class='ocrx_word' id='word_1_381' title='bbox 450 2928 623 2961; x_wconf 85' lang='lat' dir='ltr'>vocatae</span> <span class='ocrx_word' id='word_1_382' title='bbox 646 2920 847 2972; x_wconf 81' lang='lat' dir='ltr'>(lacuna).</span> <span class='ocrx_word' id='word_1_383' title='bbox 877 2918 992 2956; x_wconf 93' lang='lat' dir='ltr'>Orae</span> <span class='ocrx_word' id='word_1_384' title='bbox 1018 2917 1146 2955; x_wconf 84' lang='lat' dir='ltr'>Arev.</span> <span class='ocrx_word' id='word_1_385' title='bbox 1368 2925 1420 2951; x_wconf 85' lang='lat'>22</span> <span class='ocrx_word' id='word_1_386' title='bbox 1452 2924 1526 2951; x_wconf 88' lang='lat' dir='ltr'>ore</span> <span class='ocrx_word' id='word_1_387' title='bbox 1548 2910 1594 2962; x_wconf 82' lang='lat' dir='ltr'>(i.</span> <span class='ocrx_word' id='word_1_388' title='bbox 1609 2924 1642 2949; x_wconf 83' lang='lat' dir='ltr'>e.</span> <span class='ocrx_word' id='word_1_389' title='bbox 1664 2909 1784 2957; x_wconf 87' lang='lat' dir='ltr'>orae)</span> <span class='ocrx_word' id='word_1_390' title='bbox 1813 2905 1851 2944; x_wconf 91' lang='lat' dir='ltr'><em>T</em></span> <span class='ocrx_word' id='word_1_391' title='bbox 1875 2906 1980 2957; x_wconf 85' lang='lat' dir='ltr'>(non</span> <span class='ocrx_word' id='word_1_392' title='bbox 2004 2904 2062 2954; x_wconf 83' lang='lat' dir='ltr'>U)</span> 
     </span>
     <span class='ocr_line' id='line_1_39' title="bbox 313 2959 2062 3026; baseline -0.011 -10"><span class='ocrx_word' id='word_1_393' title='bbox 313 2978 410 3016; x_wconf 87' lang='lat' dir='ltr'>finis</span> <span class='ocrx_word' id='word_1_394' title='bbox 429 2978 468 3016; x_wconf 92' lang='grc' dir='ltr'><em>Β</em></span> <span class='ocrx_word' id='word_1_395' title='bbox 474 2977 580 3026; x_wconf 83' lang='lat' dir='ltr'>fort.</span> <span class='ocrx_word' id='word_1_396' title='bbox 604 2979 699 3015; x_wconf 81' lang='lat' dir='ltr'><em>recte</em></span> <span class='ocrx_word' id='word_1_397' title='bbox 811 2986 863 3022; x_wconf 86' lang='lat'>23</span> <span class='ocrx_word' id='word_1_398' title='bbox 891 2971 1006 3023; x_wconf 84' lang='grc' dir='ltr'>ὅρον]</span> <span class='ocrx_word' id='word_1_399' title='bbox 1028 2985 1102 3011; x_wconf 82' lang='lat' dir='ltr'>ora</span> <span class='ocrx_word' id='word_1_400' title='bbox 1123 2969 1211 3009; x_wconf 89' lang='grc' dir='ltr'>ΒΚ</span> <span class='ocrx_word' id='word_1_401' title='bbox 1226 2983 1234 3008; x_wconf 88' lang='lat'>:</span> <span class='ocrx_word' id='word_1_402' title='bbox 1264 2968 1327 3007; x_wconf 90' lang='lat' dir='ltr'>ori</span> <span class='ocrx_word' id='word_1_403' title='bbox 1355 2966 1393 3005; x_wconf 86' lang='lat' dir='ltr'><em>T</em></span> <span class='ocrx_word' id='word_1_404' title='bbox 1403 2981 1413 3007; x_wconf 71' lang='grc' dir='ltr'>ε</span> <span class='ocrx_word' id='word_1_405' title='bbox 1442 2967 1549 3006; x_wconf 86' lang='lat' dir='ltr'>hora</span> <span class='ocrx_word' id='word_1_406' title='bbox 1571 2964 1607 3004; x_wconf 89' lang='lat' dir='ltr'>C</span> <span class='ocrx_word' id='word_1_407' title='bbox 1721 2975 1773 3011; x_wconf 87' lang='lat'>24</span> <span class='ocrx_word' id='word_1_408' title='bbox 1801 2959 2062 3010; x_wconf 85' lang='lat' dir='ltr'>praelautum</span> 
     </span>
     <span class='ocr_line' id='line_1_40' title="bbox 315 3030 611 3083; baseline 0 -13"><span class='ocrx_word' id='word_1_409' title='bbox 315 3032 387 3070; x_wconf 84' lang='lat' dir='ltr'>CB</span> <span class='ocrx_word' id='word_1_410' title='bbox 407 3033 475 3083; x_wconf 76' lang='lat' dir='ltr'>(ex</span> <span class='ocrx_word' id='word_1_411' title='bbox 493 3030 611 3082; x_wconf 86' lang='lat' dir='ltr'>dum)</span> 
     </span>
    </p>
   </div>
  </div>
 </body>
</html>
