2228 3444
434 182 1066 230 ETYMOLOGIARVM
1106 183 1236 230 LIB.
1278 184 1345 230 II.
1387 182 1611 230 xxi—xxiii

147 306 338 364 minuit,
354 315 440 354 aut
456 304 659 353 minima
675 304 876 353 extollit.
925 306 1117 355 †Efon†
1136 315 1222 364 est,
1241 304 1468 368 quotiens
1485 305 1536 354 in
1551 307 1726 355 eodem
1747 323 1892 355 sensu
1917 315 1984 362 43

147 386 330 435 diutius
368 386 716 435 immoramur:
763 384 890 436 ‘Cui
927 387 1128 434 tandem
1167 386 1427 449 pepercit?
1476 387 1614 435 cuius
1651 387 1895 437 amicitiae

147 470 298 518 fidem
323 467 626 517 custodivit?
659 467 739 515 cui
765 468 901 516 bono
926 467 1155 516 inimicus
1175 485 1277 517 non
1297 469 1426 517 fuit?
1463 471 1666 532 quando
1686 486 1787 518 non
1812 481 1896 519 aut

145 549 391 599 accusavit
423 549 656 613 aliquem,
682 558 766 597 aut
791 548 1076 608 verberavit,
1104 558 1189 597 aut
1215 548 1431 612 prodidit
1452 552 1498 598 ?'
1533 551 1804 613 Epangelia
1823 561 1896 600 est
1919 562 1987 609 44

99 654 120 694 5
147 631 418 694 promissio,
438 648 536 694 qua
561 630 776 679 iudicem
795 632 1055 679 adtentum
1075 630 1295 690 facimus,
1315 631 1603 693 pollicentes
1622 649 1714 681 nos
1733 632 1897 696 aliqua

147 730 324 776 magna
339 722 423 761 aut
440 711 644 760 minima
659 712 892 761 dicturos.
935 711 1304 775 Prosopopoeia
1320 723 1405 772 est,
1426 730 1538 760 cum
1557 713 1893 762 inanimalium
1920 726 1987 774 45

146 805 193 844 et
210 812 419 858 persona
435 804 483 843 et
503 811 666 843 sermo
684 793 893 857 fingitur.
958 793 1133 843 Cicero
1150 793 1201 841 in
1222 793 1435 843 Catilina
1453 794 1516 858 (1,
1536 795 1617 857 27)
1639 814 1646 843 :
1686 799 1696 819 ‘
1713 795 1895 844 etenim
1954 852 1961 856 4

146 876 184 924 si
225 893 420 925 mecum
457 875 612 939 patria
654 893 776 934 mea,
822 891 948 937 quae
985 874 1106 922 mihi
1142 874 1239 923 vita
1277 892 1387 924 mea
1423 878 1581 924 multo
1617 886 1690 925 est
1727 877 1893 937 carior,

145 961 425 1021 loqueretur
451 958 653 1016 dicens‚'
673 967 720 1005 et
746 966 922 1006 cetera.
986 956 1260 1005 Parathesis
1287 967 1372 1016 est,
1397 974 1509 1005 cum
1532 957 1671 1020 quasi
1697 957 1898 1020 deponi-
1921 961 1992 1020 46

74 1060 124 1089 ιο
149 1057 256 1088 mus
279 1039 466 1102 aliquid
492 1038 815 1101 inperfectum
851 1040 984 1101 apud
1018 1038 1308 1087 memoriam
1344 1038 1580 1100 iudicum,
1607 1039 1898 1102 repetituros

146 1138 237 1170 nos
257 1120 497 1181 dicentes,
516 1138 629 1169 cum
647 1130 949 1184 oportunum
975 1119 1133 1168 fuerit.
1193 1120 1378 1180 Peusis,
1401 1120 1452 1169 id
1470 1131 1541 1170 est
1562 1121 1894 1184 soliloquium,
1921 1134 1985 1182 47

145 1221 258 1252 cum
278 1205 341 1252 ad
358 1202 652 1266 interrogata
668 1202 760 1265 ipsi
779 1201 925 1250 nobis
942 1204 1313 1265 respondemus
1377 1205 1656 1266 Synaeresis
1677 1212 1763 1262 est,
1783 1221 1896 1252 cum
1919 1207 1985 1265 48

147 1284 416 1334 differimus
458 1283 658 1347 aliquid,
699 1293 922 1347 petentes
965 1293 1017 1332 ut
1056 1283 1190 1332 aliud
1229 1283 1423 1333 interim
1471 1302 1563 1333 nos
1611 1284 1897 1348 permittant
1938 1330 1942 1332 ,

146 1365 344 1433 dicere}

73 1469 120 1508 15
281 1450 366 1496 DE
393 1450 734 1496 DIALECTICA.
820 1446 1092 1495 Dialectica
1116 1456 1189 1495 est
1215 1447 1473 1511 disciplina
1499 1450 1563 1496 ad
1588 1448 1899 1497 disserendas
1924 1456 2050 1495 XXII

145 1547 305 1579 rerum
321 1547 493 1579 causas
510 1529 724 1578 inventa.
765 1531 881 1591 Ipsa
898 1538 969 1577 est
986 1528 1330 1592 philosophiae
1346 1529 1549 1592 species,
1570 1547 1696 1593 quae
1718 1530 1902 1593 Logica

146 1611 335 1671 dicitur,
365 1611 416 1661 id
450 1622 523 1661 est
549 1610 799 1659 rationalis
833 1610 1118 1670 definiendi,
1149 1611 1420 1674 quaerendi
1446 1622 1492 1660 et
1518 1611 1792 1662 disserendi
1818 1629 1900 1675 po-

145 1703 267 1743 tenS.
343 1696 504 1742 Docet
530 1692 662 1742 enim
689 1691 739 1740 in
764 1691 984 1755 pluribus
1010 1692 1272 1755 generibus
1294 1693 1640 1755 quaestionum
1668 1696 1902 1757 quemad-

148 1777 352 1823 modum
383 1774 686 1838 disputando
716 1790 828 1822 vera
864 1783 911 1821 et
944 1775 1066 1822 falsa
1095 1773 1440 1823 diiudicentur.
1517 1778 1667 1824 Hanc
1698 1775 1900 1838 quidam
1925 1789 1955 1822 2

74 1878 123 1904 20
146 1855 289 1920 primi
319 1855 603 1920 philosophi
628 1855 677 1903 in
709 1854 807 1903 suis
839 1854 1139 1904 dictionibus
1170 1857 1478 1917 habuerunt,
1515 1874 1616 1906 non
1642 1868 1806 1907 tamen
1837 1860 1900 1907 ad

145 1939 258 1987 artis
274 1939 505 2001 redegere
522 1936 758 2000 peritiam.
826 1940 942 1985 Post
959 1939 1047 1986 hos
1066 1937 1353 1986 Aristoteles
1370 1941 1433 1987 ad
1451 1941 1640 2002 regulas
1656 1941 1895 2002 quasdam

146 2019 290 2068 huius
317 2021 569 2068 doctrinae
589 2028 877 2081 argumenta
901 2019 1140 2082 perduxit,
1164 2030 1211 2068 et
1238 2019 1560 2069 Dialecticam
1583 2023 1899 2084 nuncupavit,

146 2119 234 2165 pro
252 2118 312 2150 eo
327 2103 463 2164 quod
480 2100 530 2148 in
547 2116 602 2148 ea
619 2101 682 2148 de
699 2099 841 2148 dictis
858 2099 1147 2162 disputatur.
1211 2103 1340 2149 Nam
1358 2104 1524 2151 λεκτόν
1539 2102 1691 2151 dictio
1708 2103 1900 2151 dicitur.

149 2184 273 2231 Ideo
306 2192 472 2230 autem
510 2190 621 2244 post
660 2182 979 2229 Rhetoricam
1013 2181 1325 2245 disciplinam
1362 2183 1635 2233 Dialectica
1667 2187 1899 2248 sequitur,

74 2284 121 2324 25
147 2262 262 2323 quia
287 2260 336 2308 in
363 2259 527 2307 multis
554 2268 759 2321 utraque
785 2259 1071 2307 communia
1096 2259 1321 2310 existunt.

285 2344 366 2389 DE
414 2356 772 2389 DIFFERENTIA
822 2343 1183 2390 DIALECTICAE
1230 2358 1294 2390 ET
1344 2345 1697 2392 RHETORICAE
1733 2360 1898 2393 ART1s.
1925 2350 2076 2389 XXIII

151 2419 474 2469 Dialecticam
496 2429 544 2468 et
572 2418 891 2467 Rhetoricam
918 2421 1074 2467 Varro
1094 2419 1143 2467 in
1170 2437 1350 2469 novem
1376 2421 1745 2486 disciplinarum
1767 2422 1901 2471 libris

209 2560 225 2584 1
258 2546 435 2585 extollet
474 2546 563 2584 DT
685 2545 794 2583 Efon
817 2574 826 2583 .
851 2575 858 2582 .
883 2575 891 2583 .
915 2545 1208 2596 immoramur]
1239 2551 1284 2583 ut
1314 2552 1379 2584 est
1410 2547 1510 2584 illud
1539 2547 1576 2584 T
1694 2548 1900 2596 Epimone

150 2601 275 2642 Arev.
295 2616 303 2640 :
353 2601 517 2651 Hyphe
551 2600 646 2639 Otto
831 2613 854 2637 2
896 2612 1133 2638 emoramur
1168 2599 1255 2638 BD
1438 2602 1502 2639 cui
1542 2609 1681 2640 tamen
1722 2615 1819 2652 pep.
1861 2603 1901 2640 Β

150 2656 341 2694 amihitie
370 2655 407 2693 T
564 2667 589 2704 4
620 2655 760 2704 prodit
789 2653 826 2691 T
986 2655 1013 2691 6
1042 2655 1228 2692 dicturos
1243 2654 1378 2693 BC²D
1397 2655 1464 2704 (ex
1484 2660 1595 2709 -rus)
1619 2670 1628 2695 z
1658 2657 1848 2695 dicentes
1871 2656 1907 2692 T

154 2724 174 2759 7
206 2710 416 2750 catilinam
440 2709 491 2748 C2
626 2722 653 2758 9
684 2709 885 2747 Paratisis
901 2707 1011 2747 codd.
1037 2723 1045 2747 z
1076 2709 1313 2749 Paraetesis
1341 2709 1528 2748 Eckstez'n
1669 2723 1713 2749 11
1746 2712 1787 2749 id
1817 2724 1898 2748 om.

154 2765 299 2804 C2DH
405 2762 672 2814 soliloquiiD
797 2776 845 2800 12
877 2763 1175 2812 respondimus
1187 2763 1278 2802 DT
1383 2763 1595 2804 Sinerosis
1607 2765 1718 2804 codd.
1852 2777 1900 2813 13

153 2819 252 2871 nos]
267 2833 352 2858 non
367 2819 408 2858 Β
521 2832 570 2867 14
586 2822 684 2869 post
694 2818 834 2856 dicere
847 2817 941 2856 add.
958 2817 1068 2856 inter
1083 2818 1242 2868 figuras
1254 2821 1561 2858 sententiarum
1574 2819 1655 2858 BG
1767 2821 1816 2857 16
1836 2826 1901 2857 est

154 2888 179 2913 a
199 2874 299 2924 phil.
322 2873 368 2912 K
497 2874 546 2911 18
575 2873 688 2911 enim
708 2885 790 2921 que
810 2872 851 2911 in
879 2871 916 2910 T
1043 2885 1092 2922 19
1122 2872 1408 2912 diiudicentur
1428 2874 1552 2926 (dei—)
1575 2873 1765 2912 ABCT:
1795 2874 1899 2911 iudi-

153 2941 296 2967 cemus
312 2927 358 2966 K
465 2928 634 2977 quidam
650 2926 765 2966 KT:
791 2927 963 2978 quidem
978 2927 1057 2966 BC
1165 2940 1218 2966 20
1231 2928 1456 2966 habuerint
1484 2929 1521 2967 T
1624 2941 1672 2966 21
1705 2928 1900 2976 redigere

153 2982 263 3023 codd.
379 2995 431 3020 22
461 2980 731 3033 argumenta]
752 2987 976 3020 aucmenta
997 2982 1040 3020 K
1158 2994 1210 3030 23
1241 2996 1290 3020 ea
1311 2983 1364 3021 de
1385 2982 1464 3022 BC
1479 2997 1529 3022 ex
1541 2995 1638 3022 corr.
1666 2981 1724 3020 T:
1752 2983 1900 3020 eadem

155 3037 236 3076 Kc
251 3041 345 3077 ante
360 3050 459 3077 corr.
571 3049 667 3075 nam
689 3063 698 3073 .
724 3064 733 3074 .
759 3065 767 3075 .
789 3036 941 3074 dicitur
960 3049 1042 3075 om.
1075 3035 1112 3074 T
1235 3049 1286 3085 24
1304 3037 1421 3089 ideo]
1444 3037 1486 3075 in
1503 3051 1554 3076 eo
1579 3036 1616 3074 T
1739 3049 1791 3086 25
1804 3037 1901 3086 quia

155 3091 298 3130 BCT:
319 3092 428 3142 quod
448 3091 495 3129 K
627 3091 669 3129 in
692 3090 831 3129 multis
851 3090 929 3129 BC
957 3095 1016 3139 ’,εχ
1041 3090 1219 3143 imultis)
1248 3091 1305 3130 T:
1335 3091 1478 3130 multis
1497 3091 1543 3129 K
1624 3092 1789 3141 utrique
1811 3092 1900 3130 dett.
