2176 3424
1027 122 1300 170 ISIDORI

286 244 587 307 gesticulatis
622 247 839 297 motibus
873 250 1093 312 inquieti.
1169 252 1477 302 Callitriches
1511 263 1616 303 toto
1647 273 1804 319 paene
1836 266 2038 321 aspectu

288 344 317 375 a
348 327 522 377 ceteris
555 328 753 378 distant.
828 333 952 379 Sunt
989 332 1122 380 enim
1161 335 1211 381 in
1245 334 1368 383 facie
1404 338 1646 399 producta
1678 339 1831 388 barba
1863 349 1911 389 et
1943 342 2039 388 lata

198 421 263 468 34
287 411 460 458 cauda.
527 413 921 475 Leontophonos
947 413 1105 463 bestia
1131 417 1357 476 modica,
1394 426 1442 466 et
1467 435 1526 467 ex
1551 436 1610 468 eo
1635 420 1701 469 ita
1725 430 1900 470 vocata
1924 421 2040 485 quia

287 501 430 554 capta
467 494 693 554 exuritur,
733 496 938 558 eiusque
975 495 1139 545 cinere
1174 514 1403 561 aspersae
1439 517 1609 550 carnes
1647 511 1694 551 et
1730 503 1919 566 positae
1954 520 2040 567 per

286 573 482 637 conpita
519 575 801 624 semitarum
837 579 1006 626 leones
1041 589 1233 641 necant,
1263 581 1300 629 si
1328 584 1839 648 quantulumcumque
1865 603 1922 634 ex
1947 585 2042 634 illis
2065 607 2086 647 5

200 662 263 711 35
286 656 597 719 sumpserint.
671 658 861 707 Histrix
894 659 1076 708 animal
1110 660 1160 708 in
1186 661 1353 711 Africa
1379 664 1578 713 erinacii
1611 665 1781 727 simile,
1809 676 2041 716 vocatum

286 738 349 786 ab
380 738 588 788 stridore
625 739 890 802 spinarum,
921 759 1042 805 quas
1080 751 1216 807 tergo
1249 745 1432 794 laxatas
1469 747 1648 796 emittit
1685 757 1738 796 ut
1770 765 1917 798 canes
1943 751 2041 797 vul-

194 823 263 881 36
287 830 425 870 neret
450 822 782 885 insequentes.
858 825 1122 887 Enhydros
1151 825 1360 874 bestiola
1394 844 1452 876 ex
1484 845 1545 877 eo
1577 839 1876 893 nuncupata,
1905 832 2041 893 quod

286 903 336 951 in
362 902 502 966 aquis
522 913 751 965 versetur,
782 914 829 954 et
855 905 1067 955 maxime
1093 907 1143 955 in
1169 907 1301 957 Nilo.
1366 910 1508 970 Quae
1534 910 1573 959 si
1598 910 1837 960 invenerit
1863 912 2041 961 dormi-

287 995 451 1034 entem
480 986 800 1047 corcodilum,
828 989 1016 1036 volutat
1046 1005 1099 1038 se
1131 988 1182 1036 in
1215 991 1320 1038 luto
1353 990 1580 1053 primum,
1609 1003 1657 1042 et
1690 992 1836 1041 intrat
1869 1010 1956 1055 per
1984 1010 2039 1043 os
2066 1014 2114 1043 10

287 1067 391 1116 eius
426 1067 476 1115 in
509 1078 743 1129 ventrem,
782 1078 830 1118 et
863 1087 1068 1134 carpens
1102 1073 1270 1119 omnia
1306 1072 1526 1123 intranea
1561 1074 1680 1134 eius,
1717 1075 1785 1124 sic
1820 1077 2036 1127 moritur.

200 1154 262 1204 37
292 1150 606 1198 Ichneumon
646 1153 835 1200 Graece
874 1162 1090 1212 vocatUS‚
1133 1170 1193 1202 eo
1235 1156 1372 1216 quod
1411 1157 1564 1204 odore
1607 1173 1696 1205 suo
1738 1167 1786 1205 et
1828 1159 2041 1208 salubria

286 1233 511 1282 ciborum
538 1242 586 1281 et
606 1250 855 1282 venenosa
878 1236 1166 1297 produntur.
1232 1237 1310 1285 De
1331 1253 1431 1300 quo
1453 1239 1751 1287 Dracontius
1771 1238 1837 1288 ait
1858 1238 2036 1306 (Laud.

292 1333 331 1374 1,
353 1315 474 1379 515)
494 1334 572 1363 :—

557 1396 802 1446 Praecidit
840 1397 1009 1446 suillus
1047 1398 1147 1447 vim
1183 1399 1540 1464 cuiuscumque
1577 1402 1767 1451 veneni.
2065 1422 2111 1462 15

286 1478 466 1527 Suillus
503 1488 669 1528 autem
707 1497 736 1527 a
772 1479 917 1528 saetis
955 1489 1029 1529 est
1066 1491 1395 1544 nuncupatus.
1471 1482 1571 1531 Hic
1608 1482 1755 1532 etiam
1789 1493 2039 1548 serpentes

284 1559 587 1623 insequitur,
624 1560 727 1624 qui,
752 1577 866 1608 cum
899 1562 1132 1610 adversus
1166 1562 1390 1626 aspidem
1416 1574 1614 1628 pugnat,
1643 1567 1852 1615 caudam
1887 1565 2039 1629 erigit,

287 1660 437 1705 quarn
458 1646 587 1706 aspis
609 1644 821 1691 maxime
841 1642 1013 1706 incipit
1032 1644 1290 1693 observare
1312 1645 1452 1708 quasi
1472 1645 1743 1696 minantem
1762 1666 1775 1709 3
1810 1649 1874 1696 ad
1890 1665 2039 1711 quam

196 1723 261 1782 38
287 1742 401 1773 cum
428 1724 528 1772 vim
554 1741 693 1772 suam
720 1726 960 1784 transfert,
990 1726 1200 1789 decepta
1225 1727 1494 1790 corripitur.
1560 1730 1726 1778 Musio
1749 1732 2038 1794 appellatus,

287 1808 423 1869 quod
474 1805 695 1854 muribus
738 1807 942 1854 infestus
993 1806 1065 1855 sit.
1141 1810 1295 1856 Hunc
1335 1811 1507 1871 vulgus
1550 1819 1734 1858 cattum
1776 1828 1806 1858 a
1842 1820 2042 1874 captura
2066 1831 2116 1858 20

285 1897 482 1937 vocant.
554 1887 652 1935 Alii
698 1888 883 1948 dicunt,
923 1890 1060 1951 quod
1103 1898 1266 1950 cattat‚
1309 1889 1360 1938 id
1399 1900 1473 1938 est
1511 1890 1658 1940 videt.
1732 1894 1862 1940 Nam
1905 1901 2041 1941 tanto

287 1980 432 2019 acute
459 1969 616 2019 cernit
642 1979 695 2018 ut
720 1971 908 2033 fulgore
938 1970 1139 2019 luminis
1171 1971 1332 2020 noctis
1358 1973 1586 2022 tenebras
1612 1983 1822 2037 superet.
1895 1975 2042 2023 Vnde

191 2063 262 2110 39
288 2070 317 2102 a
343 2055 538 2102 Graeco
564 2052 698 2101 venit
723 2062 876 2112 catus,
904 2051 956 2101 id
982 2061 1055 2101 est
1081 2052 1380 2116 ingeniosus,
1407 2055 1499 2102 ἀπὸ
1522 2058 1604 2104 τοῦ
1629 2056 1856 2105 καίεσθαι.
1913 2058 1952 2104 F
1955 2073 2042 2104 uro

288 2152 317 2183 a
357 2137 496 2184 furvo
536 2134 729 2194 dictus3
779 2136 913 2183 unde
952 2143 1001 2183 et
1039 2136 1127 2184 fur.
1201 2136 1518 2186 Tenebrosos
1557 2137 1690 2185 enim
1733 2147 1781 2187 et
1822 2140 2042 2187 occultos

191 2233 262 2280 40
289 2216 546 2265 cuniculos
573 2216 758 2276 effodit,
787 2225 835 2265 et
868 2215 981 2264 eicit
1014 2217 1249 2279 praedam
1275 2234 1425 2280 quam
1458 2218 1713 2268 invenerit.
1785 2222 1938 2281 Melo,
1966 2223 2042 2270 vel
2066 2241 2085 2268 2
2094 2241 2115 2280 5

289 2299 426 2361 quod
453 2299 514 2346 sit
538 2297 894 2347 rotundissimo
919 2297 1159 2358 membro,
1188 2300 1264 2348 vel
1290 2301 1425 2362 quod
1449 2301 1585 2350 favos
1615 2310 1748 2365 petat
1774 2311 1822 2350 et
1845 2301 2042 2351 assidue

287 2382 434 2430 mella
459 2389 637 2442 captet.

344 2524 361 2548 1
397 2510 586 2560 inquiete
607 2510 648 2548 Β
657 2510 693 2549 T
852 2523 877 2560 3
909 2510 1019 2550 mod.
1041 2525 1096 2549 ex
1119 2510 1156 2549 T
1259 2511 1375 2563 quia]
1397 2513 1511 2561 quod
1531 2511 1565 2550 C
1718 2527 1741 2562 4
1773 2509 1966 2562 eiusque]
1989 2524 2041 2549 eo

262 2580 264 2582 ’
288 2565 404 2616 quod
423 2565 464 2603 Β
519 2579 525 2584 ·
575 2577 599 2614 5
628 2564 781 2604 semita
809 2564 846 2604 T
955 2571 1114 2615 negant
1131 2565 1218 2603 ΒΚ
1339 2568 1365 2604 6
1395 2566 1586 2605 adsimile
1606 2567 1653 2605 K
1761 2580 1784 2616 7
1815 2566 1969 2605 laxatis
1990 2564 2041 2602 C1

287 2627 330 2659 et
351 2633 416 2661 ca.
440 2620 635 2659 vulnerat
654 2619 730 2659 CT
811 2631 855 2657 11
890 2619 1052 2659 interea
1075 2620 1123 2659 C1
1208 2621 1298 2659 eius
1319 2626 1362 2659 et
1377 2634 1413 2659 s.
1438 2621 1475 2659 T
1552 2621 1716 2660 sicutB
1801 2635 1850 2659 12
1871 2626 2044 2659 vocatur

286 2675 374 2713 ΒΚ
483 2687 532 2723 13
561 2688 655 2714 ven.
678 2675 865 2714 ciborum
884 2687 974 2724 pro.
991 2674 1031 2713 Β
1142 2677 1377 2726 prodantur
1400 2675 1435 2715 C
1543 2675 1623 2727 ait]
1637 2682 1684 2715 ut
1706 2675 1755 2715 C1
1869 2686 1918 2724 15
1949 2687 2042 2724 pre-

287 2729 387 2768 dicit
405 2729 565 2780 (prae-)
588 2729 669 2768 BC
675 2729 713 2768 T
820 2729 990 2779 Psyllus
1009 2729 1136 2770 Drac.
1323 2732 1371 2768 16
1401 2744 1426 2769 a
1445 2736 1563 2770 setus
1587 2730 1637 2770 Cl
1816 2731 1865 2769 18
1893 2728 2039 2780 quam]

285 2785 383 2834 quia
404 2784 474 2823 K:
503 2784 614 2833 quod
634 2783 674 2821 Β
785 2785 838 2822 ad
858 2784 1004 2835 quam]
1027 2790 1155 2834 atque
1176 2783 1279 2823 KBl
1300 2790 1349 2823 ut
1365 2784 1449 2823 vid.
1598 2798 1649 2836 19
1679 2785 1908 2824 transferet
1928 2782 2041 2822 KT:

287 2839 538 2878 transferret
554 2839 596 2876 Β
707 2838 992 2889 corrumpitur
1007 2839 1055 2878 K
1162 2852 1214 2878 20
1244 2840 1342 2889 quia
1360 2839 1395 2878 C
1504 2840 1690 2878 moribus
1702 2839 1759 2877 Bl
1866 2837 2041 2889 cattum]

287 2900 458 2943 captum
479 2893 590 2932 codd.
612 2897 652 2932 et
670 2893 752 2945 ψει)
769 2893 870 2932 Isid.
1011 2906 1060 2932 21
1092 2900 1216 2933 vocat
1238 2893 1327 2932 ΒΚ
1435 2894 1568 2946 quod]
1589 2894 1687 2943 quia
1708 2893 1787 2932 BC
1894 2892 2042 2944 cattat]

288 2954 428 2998 captat
449 2948 588 2987 BCK:
618 2953 759 2987 cautet
780 2952 827 2986 ut
845 2947 926 2988 vid.
958 2947 1010 2986 Tl
1029 2962 1037 2986 :
1065 2961 1121 2987 an
1143 2951 1280 2988 catat?
1474 2949 1613 2988 videat
1642 2948 1679 2986 T
1822 2952 1984 2987 tanturn
2001 2946 2048 2985 K

290 3017 342 3041 22
372 3003 504 3042 ceriet
518 3008 565 3042 ut
579 3003 662 3043 vid.
679 3003 725 3041 K
855 3003 968 3042 nocti
989 3003 1030 3041 Β
1050 3017 1059 3041 :
1090 3010 1213 3043 nocte
1236 3003 1272 3042 C
1397 3017 1466 3044 un.
1486 3009 1528 3043 et
1548 3017 1572 3042 a
1596 3004 1631 3043 C
1794 3016 1846 3052 23
1875 3000 1953 3040 ἀπὸ
1971 3001 2045 3040 τοῦ

288 3073 367 3097 και.
392 3071 475 3097 om.
501 3058 547 3095 K
658 3058 793 3096 Furvo
812 3057 852 3095 Β
999 3070 1051 3106 24
1081 3071 1148 3098 en.
1174 3071 1261 3097 oce.
1286 3059 1326 3097 Β
1478 3061 1531 3097 26
1559 3059 1670 3108 quod
1695 3057 1870 3110 ssprius)]
1892 3057 1992 3107 quia
2014 3054 2048 3094 C

290 3113 396 3163 petit
433 3112 492 3151 C:
522 3118 721 3162 expectat
750 3111 796 3151 K
905 3113 1086 3151 assidiae
1108 3113 1154 3151 K
1261 3126 1312 3162 27
1349 3118 1486 3164 captat
1509 3112 1543 3152 C
