2176 3424
462 157 1093 205 ETYMOLOGIARVM
1131 159 1260 204 LIB.
1302 160 1410 205 XV.
1450 157 1464 204 i

92 295 207 334 >runt
257 270 498 346 Iebusaei,
549 302 607 334 ex
655 285 834 348 quibus
883 295 930 335 et
977 286 1144 336 sortita
1191 287 1487 336 vocabulum
1535 296 1609 336 est
1651 288 1832 348 lebus;

93 368 262 430 sicque
291 366 487 416 duobus
519 366 805 416 nominibus
836 367 1077 431 copulatis
1105 369 1254 418 Iebus
1288 378 1337 417 et
1362 369 1524 417 Salem
1549 377 1724 417 vocata
1755 379 1829 418 est

91 445 420 507 Hierusalem,
469 465 595 511 quae
649 458 822 512 postea
875 466 904 498 a
961 451 1226 499 Salomone
1285 449 1634 513 Hierosolyma
1689 450 1829 514 quasi

90 527 526 579 Hierosolomonia
551 530 682 580 dicta
716 540 800 580 est.
876 533 1018 580 Haec
1052 541 1100 580 et
1133 540 1359 596 corrupte
1392 549 1420 580 a
1444 531 1603 596 poetis
1631 533 1829 596 Solyma

43 630 65 670 5
86 621 370 675 nuncupata
394 622 480 672 est,
502 622 549 662 et
573 615 891 677 postmodum
916 614 980 662 ab
1007 614 1150 663 Aelio
1177 614 1437 664 Hadriano
1458 616 1598 664 Aelia
1617 616 1830 664 vocitata

85 702 172 742 est.
247 691 350 759 [In]
380 696 494 758 Ipsa
520 705 591 744 est
621 704 669 743 et
694 695 828 754 Sion,
854 713 981 759 quae
1008 696 1258 746 Hebraice
1290 696 1634 760 interpretatur
1659 713 1827 760 specu-

88 773 218 834 latio,
248 791 308 823 eo
342 777 478 838 quod
504 777 553 824 in
580 776 777 825 sublimi
809 787 1090 826 constructa
1123 777 1196 837 sit,
1225 786 1273 827 et
1307 779 1370 827 de
1402 780 1548 842 longe
1581 778 1829 828 venientia

85 858 459 920 contempletur.
520 859 831 907 Hierusalem
861 857 1073 927 [autem]
1099 860 1305 924 pacifica
1329 860 1377 908 in
1405 869 1574 910 nostro
1600 877 1827 911 sermone

86 939 381 988 transfertur.

0 1031 65 1060 ¹10
266 1022 469 1069 OPPIDA
507 1037 733 1083 ΝΟΒΙΜΑ,
774 1039 859 1080 Qvi
899 1040 997 1073 VEL
1033 1040 1171 1081 QVAE
1207 1040 1653 1073 coNSTITVERVNT.

89 1100 415 1168 Dionys[i]us‚
438 1106 519 1166 qui
541 1114 589 1153 et
610 1104 758 1154 Liber
782 1116 932 1169 pater,
955 1123 1068 1155 cum
1097 1107 1293 1155 Indiam
1320 1107 1474 1156 victor
1499 1107 1828 1171 perambulas—
1852 1108 1888 1155 6

86 1193 171 1243 set,
197 1186 382 1247 Nysam
403 1186 574 1235 urbem
596 1203 653 1236 ex
673 1204 763 1236 suo
784 1188 986 1238 nomine
1006 1189 1138 1237 iuxta
1159 1191 1343 1239 Indum
1364 1189 1568 1238 fiuvium
1588 1189 1827 1250 condidit,

85 1275 132 1315 et
166 1267 521 1331 quinquaginta
554 1269 752 1319 milibus
778 1272 1038 1320 hominum
1073 1271 1372 1335 adimplevit.
1447 1273 1630 1320 Medus
1663 1281 1828 1320 autem
1855 1281 1884 1330 7

86 1348 239 1411 Aegei
276 1348 402 1398 filius
441 1350 663 1400 Mediam
708 1352 976 1402 construxit
996 1373 1008 1414 3
1055 1355 1188 1403 unde
1231 1363 1279 1402 et
1316 1353 1448 1417 regio
1487 1353 1592 1403 eius
1630 1354 1831 1403 Mediae

0 1445 58 1486 115
86 1448 270 1480 nomen
314 1432 481 1481 sortita
528 1443 612 1483 est.
713 1435 1013 1499 Persepolim
1056 1436 1229 1484 urbem
1277 1445 1426 1499 caput
1469 1436 1650 1485 Persici
1692 1437 1827 1500 regni
1857 1444 1886 1490 8

84 1516 288 1564 Perseus
314 1516 545 1567 †Adeae†
570 1515 696 1564 filius
731 1517 954 1566 condidit
987 1517 1363 1567 famosissimam
1397 1518 1825 1568 confertissimam-

82 1614 178 1660 que
203 1597 380 1660 opibus
399 1616 412 1658 3
446 1615 474 1646 a
499 1615 599 1661 quo
624 1608 672 1648 et
699 1599 899 1649 Persida
924 1599 1055 1648 dicta
1080 1609 1165 1648 est.
1215 1599 1594 1663 Ctesiphontem
1621 1618 1822 1664 quoque
1849 1615 1884 1661 9

81 1679 246 1728 Parthi
270 1681 403 1743 apud
424 1682 671 1729 Parthiam
698 1683 1027 1731 condiderunt
1047 1684 1096 1730 in
1116 1682 1497 1732 aemulationem
1519 1684 1822 1747 Babyloniae

81 1761 228 1810 urbis.
303 1761 438 1811 Susis
471 1763 711 1825 oppidum
739 1763 967 1813 Persidae
1000 1764 1137 1813 aiunt
1163 1764 1451 1814 Memnonis
1477 1767 1671 1815 fratrem
1707 1783 1821 1815 con-
1847 1777 1905 1812 10

0 1864 59 1893 no
83 1842 309 1892 stituisse.
408 1843 553 1893 Dicta
601 1854 765 1894 autem
815 1847 949 1895 Susis
999 1848 1134 1909 quod
1177 1846 1414 1895 inmineat
1461 1849 1613 1897 Susae
1655 1849 1819 1896 fluvio.

84 1926 162 1974 Ibi
188 1935 261 1974 est
285 1925 414 1989 regia
440 1926 567 1989 Cyri,
596 1926 758 1991 lapide
784 1928 999 1977 candido
1025 1938 1073 1978 et
1098 1929 1231 1978 vario
1257 1946 1370 1977 cum
1397 1930 1640 1979 columnis
1664 1932 1823 1980 aureis

80 2017 129 2056 et
175 2007 485 2056 lacunaribus
534 2009 840 2072 gemmisque
888 2009 1133 2071 distincta,
1174 2013 1435 2059 continens
1483 2013 1630 2061 etiam
1679 2013 1824 2063 simu-

78 2091 263 2138 lacrum
290 2089 411 2139 caeli
437 2090 587 2139 stellis
612 2090 908 2140 micantibus
934 2092 1310 2156 praesignatum,
1337 2102 1384 2142 et
1409 2102 1570 2143 cetera
1594 2095 1823 2145 humanis

81 2171 328 2220 mentibus
382 2171 701 2221 incredibilia.
778 2175 1009 2222 Bactrum
1063 2174 1302 2238 oppidum
1358 2175 1604 2224 Bactriani
1657 2177 1823 2226 condi-
1849 2195 1894 2228 11

0 2266 58 2309 ηε
80 2254 270 2316 derunt,
321 2270 379 2303 ex
426 2253 622 2318 proprio
668 2272 814 2304 amne
860 2273 974 2304 eum
1022 2255 1444 2320 cognominantes,
1486 2257 1571 2320 qui
1620 2261 1822 2308 Bactros

81 2344 295 2384 vocatur.
369 2336 517 2386 Carra
551 2335 719 2385 civitas
754 2337 1151 2400 Mesopotamiae
1176 2348 1308 2386 trans
1343 2340 1584 2388 Edessam
1621 2341 1823 2390 condita
1848 2350 1903 2385 12

80 2433 109 2464 a
152 2416 358 2477 Parthis,
402 2418 487 2466 ubi
535 2420 788 2482 quondam
833 2421 1092 2468 Romanus
1140 2430 1212 2469 est
1255 2437 1426 2470 caesus
1476 2422 1727 2484 exercitus,
1774 2434 1822 2473 et

0 2517 8 2538 ί

0 2543 11 2565 ²
32 2554 34 2563 *
138 2557 155 2582 1
187 2550 253 2583 est
272 2558 360 2587 voe.
382 2545 424 2583 B
587 2560 612 2596 3
641 2560 750 2597 quae
773 2554 922 2598 postea
943 2578 953 2588 .
977 2577 988 2589 .
1011 2578 1020 2589 .
1043 2548 1154 2588 dicta
1174 2556 1238 2588 est
1258 2563 1340 2590 om.
1370 2551 1407 2589 T
1511 2565 1580 2600 qu.
1603 2552 1822 2591 hierusali-

89 2600 230 2638 monia
250 2599 301 2639 C1
447 2613 472 2650 5
501 2614 626 2642 nunc.
649 2608 692 2640 et
711 2616 781 2653 po.
804 2603 851 2642 K
959 2605 1184 2653 postmodo
1211 2603 1246 2643 C
1352 2612 1499 2645 vocata
1519 2605 1566 2644 K
1725 2610 1752 2645 6
1781 2608 1822 2645 in

81 2654 172 2694 hab.
192 2653 281 2692 ΒΚ
294 2668 303 2693 z
332 2668 414 2695 om.
439 2655 535 2694 GT
659 2669 708 2696 10
735 2670 832 2708 opp.
855 2663 995 2697 autem
1015 2658 1111 2698 nob.
1137 2657 1217 2696 CK
1338 2660 1407 2710 qui
1427 2661 1495 2699 vel
1517 2675 1581 2701 co.
1607 2661 1664 2700 C:
1694 2675 1821 2711 quae-

67 2720 164 2759 ,que
186 2722 246 2748 co.
271 2708 317 2746 K
463 2723 510 2748 12
539 2711 674 2750 nisam
696 2713 789 2765 (-an
812 2712 856 2764 C,
882 2713 1031 2752 nisiam
1059 2713 1112 2764 T)
1136 2713 1246 2752 codd.
1359 2715 1476 2754 iuxta
1495 2716 1561 2755 nis
1585 2717 1676 2756 Ind.
1701 2718 1739 2756 ss.
1766 2730 1819 2754 ex

83 2772 158 2801 suo
175 2776 280 2803 nom.
303 2765 426 2804 cond.
449 2763 496 2803 K
606 2779 653 2816 13
683 2767 797 2806 milia
817 2767 928 2808 codd.
1043 2768 1234 2818 implevit
1254 2767 1344 2808 ΚΤ
1453 2784 1502 2820 14
1523 2772 1732 2810 moediam
1761 2769 1819 2811 T:

83 2818 244 2857 medam
266 2817 312 2856 K
446 2820 544 2858 inde
567 2819 602 2859 C
736 2822 872 2860 media
897 2822 932 2861 C
1115 2834 1162 2872 15
1194 2823 1443 2874 Perseopoli
1463 2825 1511 2863 K
1528 2841 1537 2865 ε
1569 2825 1821 2876 Persipolim

12 2886 14 2888 ’
85 2869 120 2909 C
226 2875 274 2912 16
303 2874 430 2912 aede*
449 2873 505 2911 Β1
527 2889 535 2912 :
565 2875 720 2925 pathae
743 2875 799 2915 C:
827 2877 947 2915 adiae
967 2875 1014 2915 K
1029 2890 1038 2915 :
1069 2877 1184 2916 athei
1212 2877 1270 2916 T:
1303 2879 1474 2919 Danaes
1493 2881 1624 2920 Arev.
1724 2893 1820 2919 con-

81 2925 351 2967 fertissimam
371 2941 453 2968 om.
476 2929 513 2968 T
621 2943 670 2980 19
699 2937 863 2980 patrem
891 2931 928 2970 T
1033 2944 1087 2970 20
1118 2932 1355 2972 dictumB:
1376 2934 1514 2973 dictus
1529 2933 1607 2973 CT
1709 2934 1821 2974 susis

83 2979 190 3022 codd.
209 2996 219 3021 ι
235 2982 338 3032 fort.
363 2983 473 3022 Susa
583 2986 673 3024 susi
695 2983 738 3023 K
846 2999 895 3025 21
930 2987 1102 3026 condito
1129 2987 1175 3025 K
1282 3001 1374 3028 cum
1395 3003 1478 3030 om.
1502 2988 1552 3027 Cl
1663 3001 1714 3039 25
1743 2989 1819 3041 ex]

84 3039 128 3072 et
141 3033 183 3072 Β
199 3050 209 3074 :
237 3043 316 3076 eta
335 3037 381 3075 K
399 3037 504 3087 (non
523 3038 564 3077 F
569 3041 583 3090 )
667 3039 738 3089 qui
759 3040 926 3080 bactrus
944 3040 990 3078 K
1007 3056 1016 3080 ε
1044 3042 1194 3091 quibus
1214 3048 1353 3083 actros
1370 3043 1411 3081 Β
1523 3046 1575 3082 26
1596 3044 1820 3084 hedessam

91 3085 152 3128 T:
181 3090 361 3131 edissam
382 3091 503 3132 BCK
609 3095 821 3134 conditam
840 3095 928 3135 ΒΚ
1035 3109 1086 3146 27
1118 3102 1262 3147 partes
1282 3096 1339 3135 Β1
