2228 3444
1079 209 1351 258 ISIDORI

286 353 313 401 7
342 340 511 403 (Rom.
539 357 610 403 13,
636 340 715 405 10)
747 340 1040 390 ‘Plenitudo
1058 342 1081 400 '‚
1115 340 1286 403 inquit,
1330 339 1475 403 ‘legis
1513 339 1742 390 dilectio.'
1815 341 1976 390 Maior
2012 351 2085 391 est

340 431 506 471 autem
541 424 662 471 haec
692 422 938 480 omnibus,
965 423 1080 485 quia
1105 421 1189 485 qui
1219 421 1374 485 diligit
1404 431 1452 471 et
1481 421 1635 471 credit
1660 431 1708 471 et
1738 432 1910 485 sperat.
1985 422 2085 484 Qui

340 513 506 553 autem
541 521 639 553 non
675 503 845 567 diligit,
875 503 1099 566 quamvis
1134 505 1288 551 multa
1321 503 1453 552 bona
1485 502 1642 562 faciat,
1676 506 1847 553 frustra
1881 504 2082 552 laborat.

341 585 518 635 Omnis
537 596 702 635 autem
724 585 924 635 dilectio
945 585 1150 634 carnalis
1176 602 1277 634 non
1303 584 1517 646 dilectio,
1541 587 1628 635 sed
1654 585 1807 649 magis
1832 603 1969 634 amor
1989 584 2087 634 dici

341 669 479 716 solet.
555 667 846 716 Dilectionis
882 676 1048 717 autem
1087 683 1270 717 nomen
1308 675 1499 716 tantum
1538 666 1587 715 in
1625 665 1908 716 melioribus
1942 667 2087 716 rebus
2114 685 2134 724 5

339 748 496 813 accipi
523 751 659 798 solet.

252 845 312 884 111
474 833 558 879 DE
584 846 810 881 HAERESI
837 846 901 880 ET
926 847 1234 882 SCHISMATE.
1293 831 1526 883 Haeresis
1546 832 1735 882 Graece
1759 831 1822 880 ab
1849 831 2088 880 electione

342 923 555 972 vocatur,
583 915 719 977 quod
754 914 938 964 scilicet
973 915 1312 979 unusquisque
1350 915 1400 964 id
1435 915 1527 964 sibi
1565 914 1710 978 eligat
1742 915 1879 977 quod
1914 912 2087 962 melius

342 995 409 1043 illi
443 1013 548 1045 esse
575 995 780 1055 videtur,
812 1007 864 1045 ut
897 997 1179 1061 philosophi
1214 997 1536 1061 Peripatetici,
1563 995 1866 1054 Academici,
1900 1004 1947 1044 et
1979 994 2089 1058 Epi-

343 1077 473 1127 curei
509 1087 556 1127 et
586 1078 752 1137 Stoici,
780 1081 855 1127 vel
891 1078 1015 1128 sicut
1048 1079 1128 1127 alii
1166 1081 1250 1142 qui
1280 1096 1561 1143 perversum
1599 1080 1781 1142 dogma
1817 1078 2088 1141 cogitantes
2118 1093 2165 1120 10

287 1170 316 1204 2
341 1159 540 1209 arbitrio
567 1177 656 1209 suo
682 1161 745 1210 de
773 1161 996 1210 Ecclesia
1021 1170 1336 1210 recesserunt.
1413 1163 1538 1210 Inde
1565 1177 1679 1224 ergo
1704 1159 1930 1219 haeresis,
1959 1158 2090 1208 dicta

343 1243 532 1291 Graeca
557 1260 692 1303 voce,
722 1260 780 1292 ex
813 1242 1213 1307 interpretatione
1240 1242 1508 1303 electionis,
1536 1260 1633 1306 qua
1658 1241 1865 1306 quisque
1890 1240 2088 1290 arbitrio

343 1342 432 1374 suo
455 1327 519 1374 ad
546 1325 861 1386 instituenda,
886 1326 986 1375 sive
1005 1328 1068 1376 ad
1090 1325 1405 1389 suscipienda
1424 1324 1673 1388 quaelibet
1692 1324 1795 1387 ipse
1817 1323 1910 1372 sibi
1930 1323 2086 1387 elegit.

345 1406 504 1456 Nobis
526 1425 641 1457 vero
661 1407 782 1456 nihil
803 1426 860 1457 ex
881 1418 1050 1457 nostro
1070 1407 1271 1457 arbitrio
1291 1409 1525 1457 inducere
1544 1406 1671 1466 licet,
1694 1408 1781 1455 sed
1801 1422 1894 1454 nec
1914 1404 2090 1468 eligere

288 1507 318 1553 3
344 1490 479 1552 quod
505 1489 655 1553 aliqui
682 1491 744 1539 de
768 1489 968 1539 arbitrio
995 1507 1084 1538 suo
1111 1490 1371 1539 induxerit.
1431 1490 1700 1553 Apostolos
1728 1487 1823 1536 Dei
1848 1487 2090 1536 habemus
2118 1504 2164 1544 15

342 1581 581 1632 auctores,
622 1571 705 1635 qui
743 1589 835 1621 nec
872 1571 964 1635 ipsi
1001 1572 1267 1635 quicquam
1306 1590 1362 1621 ex
1404 1589 1493 1620 suo
1526 1570 1741 1630 arbitrio,
1780 1571 1916 1633 quod
1953 1568 2091 1618 indu-

343 1663 522 1713 cerent,
552 1655 816 1718 elegerunt,
846 1655 933 1703 sed
966 1664 1221 1718 acceptam
1255 1671 1284 1702 a
1309 1653 1508 1704 Christo
1541 1652 1849 1716 disciplinam
1886 1650 2094 1700 fideliter

343 1734 627 1785 nationibus
670 1735 1065 1800 adsignaverunt.
1142 1738 1319 1800 Itaque
1362 1735 1553 1785 etiamsi
1594 1737 1796 1799 angelus
1840 1735 1903 1783 de
1944 1731 2091 1782 caelis

286 1831 319 1878 4
342 1818 480 1866 aliter
517 1818 931 1881 evangelizaverit,
965 1820 1229 1867 anathema
1257 1818 1527 1867 vocabitur.
1601 1819 1744 1867 Secta
1775 1833 1804 1864 a
1837 1816 2092 1879 sequendo

343 1908 391 1948 et
412 1901 629 1949 tenendo
656 1899 924 1949 nominata.
994 1902 1124 1949 Nam
1152 1910 1310 1949 sectas
1337 1901 1547 1950 dicimus
1574 1899 1770 1948 habitus
1796 1898 2089 1958 animorum,
2119 1914 2169 1944 20

344 1999 401 2030 ac
438 1981 660 2031 instituta
697 1984 825 2031 circa
862 1982 1175 2046 disciplinam
1213 1985 1290 2031 vel
1327 1981 1647 2046 propositum,
1687 1997 1836 2044 quem
1874 1982 2092 2029 tenendo

346 2074 630 2127 sequuntur,
660 2064 805 2128 longe
830 2065 925 2112 alia
950 2063 1001 2112 in
1027 2062 1272 2127 religionis
1299 2065 1433 2112 cultu
1460 2062 1719 2126 opinantes
1754 2079 1902 2125 quam
1928 2061 2091 2111 ceteri.

293 2153 323 2201 5
347 2145 571 2195 Schisma
608 2146 671 2195 ab
711 2146 919 2195 scissura
958 2145 1236 2195 animorum
1276 2155 1462 2195 vocata.
1538 2147 1731 2194 Eodem
1771 2144 1901 2193 enim
1942 2146 2090 2204 cultu,

348 2229 523 2277 eodem
551 2227 645 2276 ritu
676 2227 831 2277 credit
858 2238 910 2276 ut
936 2227 1084 2277 ceteri
1102 2246 1115 2288 3
1153 2230 1259 2276 solo
1290 2226 1681 2291 congregationis
1707 2228 1978 2275 delectatur
2002 2227 2096 2276 dis-

347 2309 494 2359 cidio.
583 2311 660 2359 Fit
707 2320 874 2359 autem
918 2308 1132 2359 schisma
1169 2327 1282 2358 cum
1326 2309 1498 2359 dicunt
1538 2308 1778 2368 homines,
1822 2311 1939 2357 ‘nos
1982 2307 2094 2357 iusti
2121 2325 2167 2366 25

288 2392 322 2439 6
349 2394 548 2452 sumus,’
574 2397 684 2442 ‘nos
710 2392 1076 2442 sanctificamus
1097 2391 1397 2453 inmundos‚’
1416 2401 1464 2440 et
1484 2400 1643 2440 cetera
1669 2389 1859 2439 similia.
1922 2392 2094 2455 Super-

349 2473 481 2523 stitio
507 2474 639 2523 dicta
664 2491 724 2524 eo
758 2476 895 2538 quod
921 2473 980 2524 sit
1011 2476 1255 2538 superflua
1287 2483 1371 2522 aut
1404 2472 1772 2536 superinstituta
1800 2469 2092 2521 observatio·

350 2555 448 2604 Alii
474 2555 646 2606 dicunt
671 2574 698 2606 a
725 2556 940 2618 senibus,
968 2558 1084 2620 quia
1109 2555 1274 2605 multis
1300 2554 1441 2604 annis
1468 2554 1749 2619 superstites
1774 2571 1859 2618 per
1882 2563 2094 2603 aetatem

409 2714 426 2740 1
459 2700 564 2750 legis
586 2701 737 2740 caritas
758 2701 800 2740 id
821 2706 886 2740 est
908 2700 979 2740 dil.
1002 2698 1049 2737 K
1069 2700 1171 2746 (non
1191 2699 1256 2750 Α)
1412 2712 1436 2736 2
1466 2698 1590 2751 haec]
1614 2699 1679 2738 his
1700 2699 1741 2737 Α
1854 2711 1879 2747 3
1911 2697 2034 2738 faciat
2053 2697 2092 2737 b.

351 2754 423 2794 K:
453 2757 490 2795 b.
511 2755 637 2794 faciet
657 2756 698 2793 A
811 2769 837 2806 9
866 2755 946 2806 illi]
969 2754 1049 2793 sibi
1073 2754 1111 2793 O
1194 2759 1258 2793 est
1277 2753 1359 2793 vid.
1383 2751 1430 2791 K
1507 2753 1585 2793 Ac.
1610 2753 1687 2804 Ep.
1711 2754 1775 2793 St.
1791 2751 1837 2791 K
1947 2766 1996 2792 10
2023 2753 2094 2791 alii

351 2824 439 2861 per.
461 2810 503 2848 Β
523 2824 532 2849 :
560 2809 688 2859 aliqui
710 2823 910 2861 perversa
930 2808 977 2847 K
1115 2821 1159 2846 11
1193 2809 1274 2848 dic.
1297 2809 1370 2849 Gr.
1389 2809 1500 2848 dicta
1520 2809 1588 2848 vel
1608 2822 1712 2848 voce
1734 2809 1775 2846 Α
1914 2820 1962 2845 12
1991 2820 2094 2856 quas

359 2865 417 2904 T:
448 2865 546 2915 quia
568 2862 656 2902 ΒΚ
786 2878 834 2915 13
863 2865 952 2904 51ν6
979 2877 1086 2904 51156.
1111 2864 1172 2902 C:
1201 2877 1282 2903 om.
1314 2862 1351 2900 T
1455 2877 1524 2914 qu.
1547 2869 1592 2902 et
1613 2864 1703 2913 ipse
1724 2862 1766 2900 B
1875 2862 1992 2912 eligit
2013 2861 2100 2899 BT

354 2933 399 2968 14
433 2920 485 2960 el.
509 2925 551 2959 et
571 2920 684 2968 quod
704 2920 751 2958 K
862 2931 909 2968 15
940 2919 1098 2969 aliquid
1123 2917 1186 2957 T:
1213 2917 1366 2967 aliquis
1389 2917 1467 2957 CK
1593 2921 1641 2956 16
1670 2918 1782 2967 quod
1807 2917 2034 2956 induerunt
2062 2915 2100 2954 T

355 2976 404 3013 18
434 2975 551 3014 caelo
574 2973 620 3011 K
733 2987 781 3023 19
811 2988 835 3012 a
854 2975 1057 3014 sectando
1081 2971 1162 3013 CK
1280 2986 1330 3011 21
1363 2973 1649 3023 praepositum
1673 2972 1708 3011 C
1825 2984 1876 3010 22
1905 2972 2096 3021 sequitur

352 3029 394 3066 Β
537 3042 589 3079 23
618 3029 802 3068 eundem
830 3028 973 3068 Tanle
992 3042 1093 3068 corr.
1207 3040 1274 3066 en.
1295 3028 1374 3067 cul.
1399 3029 1493 3068 eod.
1515 3040 1594 3066 om.
1619 3026 1654 3065 C
1827 3039 1878 3075 24
1910 3026 2095 3065 creditur

353 3090 433 3123 cet.
457 3083 503 3122 K
629 3096 680 3134 25
712 3095 791 3123 nos
812 3084 1009 3123 iussimus
1031 3096 1110 3122 nos
1131 3095 1190 3122 sa.
1219 3081 1278 3121 T:
1309 3096 1387 3121 nos
1408 3096 1470 3124 sa.
1491 3081 1560 3121 K:
1597 3094 1656 3121 sa.
1678 3080 1732 3118 Β1
1864 3093 1914 3130 27
1945 3093 2091 3132 super-

352 3144 507 3178 statuta
529 3137 569 3177 Β
