2228 3444
1075 176 1348 225 ISIDORI

223 325 296 373 49
325 303 412 351 sed
438 310 641 366 propter
660 302 901 353 unitatem
927 321 1168 368 personae
1194 315 1242 355 et
1260 307 1398 356 Deus
1425 306 1602 358 dicitur
1620 308 1892 372 pertulisse.
1946 311 2083 360 Hinc

327 392 400 432 est
443 385 580 447 quod
629 384 856 435 scribitur
893 384 940 449 (1
972 386 1195 437 Corinth.
1219 405 1259 448 2,
1281 387 1361 453 8):
1415 390 1492 438 ‘Si
1539 389 1673 439 enim
1720 391 2081 455 cognovissent,

328 480 602 529 numquam
640 466 915 516 Dominum
952 469 1136 532 gloriae
1169 468 1552 519 crucifixissent.’
1624 470 1803 521 Filium
1837 490 1952 537 ergo
1989 473 2084 522 Dei

328 548 614 597 crucifixum
641 550 862 611 fatemur,
882 567 986 599 non
1011 566 1070 599 ex
1095 549 1271 600 virtute
1296 550 1581 613 divinitatis,
1603 555 1692 603 sed
1718 570 1776 603 ex
1801 553 2084 604 infirmitate

327 629 676 679 humanitatis:
715 648 818 681 non
844 648 903 682 ex
936 649 1054 682 suae
1087 642 1291 683 naturae
1324 634 1687 698 permansione,
1720 637 1807 686 sed
1834 654 1891 686 ex
1917 647 2084 687 nostra
2109 662 2131 702 5

327 711 654 776 susceptione.

242 805 302 846 111
466 797 549 844 DE
591 797 803 845 SPIRITV
847 811 1061 846 SANCTo.
1137 796 1344 861 Spiritus
1385 808 1583 848 sanctus
1618 801 1732 849 ideo
1775 800 2085 865 praedicatur

330 878 482 937 Deus,
503 876 618 941 quia
634 895 692 926 ex
714 880 856 927 Patre
875 877 1101 942 Filioque
1121 879 1358 943 procedit,
1378 890 1426 929 et
1446 881 1773 931 substantiam
1794 881 1898 932 eius
1918 883 2082 932 habet.

329 960 507 1022 Neque
547 958 679 1008 enim
714 958 849 1008 aliud
875 961 938 1009 de
965 963 1108 1009 Patre
1133 963 1402 1025 procedere
1434 964 1594 1026 potuit
1625 980 1774 1027 quam
1805 966 1942 1028 quod
1980 964 2084 1028 ipse

274 1060 304 1094 2
328 1051 401 1091 est
429 1044 585 1091 Pater.
661 1041 867 1105 Spiritus
892 1053 1058 1092 autem
1085 1043 1247 1093 dictus
1273 1046 1547 1095 secundum
1574 1044 1626 1094 id
1652 1047 1788 1109 quod
1812 1048 1875 1097 ad
1897 1046 2084 1110 aliquid
2113 1067 2162 1095 10

328 1125 530 1172 refertur
555 1123 763 1187 spiratus
783 1143 795 1185 3
820 1134 869 1174 et
894 1124 1083 1188 spirans
1108 1125 1279 1189 utique
1305 1126 1475 1190 spiritu
1501 1126 1744 1191 inspirans
1771 1137 1860 1189 est,
1877 1138 1926 1178 et
1951 1146 2007 1177 ex
2026 1146 2084 1177 eo

327 1206 603 1269 appellatus
630 1205 837 1270 Spiritus
872 1216 960 1256 est.
1035 1208 1240 1272 Proprio
1273 1222 1439 1258 autem
1471 1211 1624 1259 modo
1655 1212 1873 1273 quodam
1904 1210 2086 1260 dicitur

331 1287 537 1351 Spiritus
564 1298 765 1338 sanctus
793 1291 1069 1339 secundum
1095 1292 1233 1353 quod
1257 1293 1459 1340 refertur
1483 1292 1548 1341 ad
1583 1294 1778 1341 Patrem
1812 1302 1860 1341 et
1890 1291 2084 1341 Filium,

276 1391 306 1437 3
330 1372 465 1434 quod
502 1387 673 1420 eorum
710 1370 905 1435 spiritus
943 1371 1018 1421 sit.
1092 1374 1224 1421 Nam
1262 1382 1308 1422 et
1345 1374 1442 1422 hoc
1478 1390 1677 1434 nomen,
1706 1376 1843 1437 quod
1881 1373 2087 1437 Spiritus

331 1451 522 1512 dicitur,
550 1470 654 1501 non
680 1455 956 1503 secundum
983 1453 1034 1504 id
1065 1456 1201 1518 quod
1235 1456 1437 1504 refertur
1469 1457 1533 1505 ad
1567 1455 1767 1519 aliquid,
1796 1457 1884 1506 sed
1917 1473 2087 1505 secun·
2114 1480 2161 1520 15

273 1553 305 1600 4
331 1536 451 1585 dum
486 1534 537 1585 id
571 1538 707 1599 quod
737 1536 953 1600 aliquam
985 1546 1210 1586 naturam
1239 1537 1495 1601 significat.
1570 1539 1749 1588 Omnis
1775 1540 1908 1587 enim
1933 1537 2088 1588 incor-

330 1635 479 1682 porea
499 1628 672 1667 natura
697 1618 893 1682 spiritus
931 1620 978 1667 in
1019 1618 1279 1682 Scripturis
1317 1621 1465 1669 sacris
1501 1621 1787 1684 appellatur,
1815 1621 1948 1670 unde
1985 1638 2086 1670 non

331 1709 523 1749 tantum
562 1699 692 1748 Patri
730 1709 778 1749 et
818 1700 944 1749 Filio
987 1710 1035 1749 et
1075 1700 1275 1765 Spiritui
1318 1711 1505 1762 sancto,
1547 1703 1635 1751 sed
1677 1701 1813 1752 omni
1861 1703 2087 1752 rationali

273 1798 304 1847 5
331 1791 580 1831 creaturae
628 1792 676 1831 et
723 1781 918 1831 animae
958 1784 1054 1832 hoc
1098 1783 1395 1832 vocabulum
1440 1785 1676 1848 congruit.
1769 1785 1894 1834 Ideo
1943 1784 2086 1848 igitur

329 1863 536 1928 Spiritus
566 1866 660 1914 Dei
699 1874 897 1913 sanctus
932 1874 1146 1925 vocatur,
1175 1864 1291 1928 quia
1320 1864 1476 1914 Patris
1507 1875 1555 1914 et
1586 1865 1696 1914 Filii
1730 1868 1961 1916 sanctitas
1995 1878 2080 1916 est.
2111 1887 2161 1914 20

330 1948 461 1995 Nam
487 1962 601 1995 cum
628 1945 689 1995 sit
714 1955 762 1995 et
780 1949 923 1996 Pater
949 1946 1145 2010 spiritus
1171 1957 1219 1996 et
1245 1946 1396 1996 Filius
1423 1946 1631 2011 spiritus,
1655 1957 1703 1996 et
1724 1951 1867 1997 Pater
1886 1958 2083 1997 sanctus

330 2037 377 2076 et
416 2027 567 2076 Filius
602 2038 817 2089 sanctus,
845 2027 1040 2092 proprie
1074 2037 1241 2077 tamen
1267 2029 1371 2092 ipse
1397 2039 1599 2078 vocatur
1626 2029 1832 2092 Spiritus
1869 2039 2080 2090 sanctus,

329 2120 582 2173 tamquam
622 2110 854 2159 sanctitas
889 2109 1226 2159 coessentialis
1262 2119 1310 2159 et
1343 2111 1777 2160 consubstantialis
1803 2112 2078 2161 amborum.

268 2198 301 2245 6
327 2192 533 2256 Spiritus
560 2203 758 2241 sanctus
792 2192 905 2242 ideo
937 2209 1040 2240 non
1074 2194 1253 2242 dicitur
1285 2192 1491 2255 genitus,
1522 2210 1585 2242 ne
1619 2195 1720 2242 duo
1754 2193 1804 2242 in
1840 2193 2081 2243 Trinitate

326 2271 435 2319 Filii
478 2272 800 2334 suspicentur.
890 2272 1015 2319 Ideo
1063 2288 1166 2320 non
1213 2270 1523 2333 praedicatur
1569 2270 1829 2335 ingenitus,
1871 2290 1935 2321 ne
1977 2274 2079 2322 duo
2107 2291 2154 2332 25

270 2364 300 2414 7
329 2356 496 2402 Patres
533 2352 583 2400 in
620 2352 724 2416 ipsa
761 2351 1003 2401 Trinitate
1040 2354 1315 2401 credantur.
1392 2353 1675 2401 Procedens
1704 2362 1871 2402 autem
1902 2353 2080 2403 dicitur

328 2433 612 2484 testimonio
661 2433 868 2483 Domini
917 2433 1127 2483 dicentis
1177 2433 1375 2499 (Ioann.
1404 2437 1477 2495 16,
1502 2433 1581 2500 12)
1606 2453 1614 2483 :
1679 2436 1870 2483 ‘Multa
1916 2437 2080 2485 adhuc

388 2578 405 2603 1
438 2570 481 2603 et
503 2565 570 2602 de.
596 2563 648 2602 di.
673 2569 715 2603 et
736 2570 845 2614 pert.
867 2563 913 2602 K
934 2563 1039 2615 (non
1059 2562 1123 2614 A)
1377 2563 1490 2602 Hinc
1513 2564 1625 2614 quod
1645 2564 1843 2604 scribitur
1862 2565 1904 2603 A
1925 2579 1935 2604 :
1966 2565 2078 2605 Hinc

327 2620 537 2669 scriptura
557 2617 603 2656 K
765 2632 791 2669 3
822 2618 948 2670 ergo]
972 2618 1082 2656 enim
1102 2617 1196 2656 AK
1359 2632 1383 2667 4
1413 2618 1490 2658 sed
1521 2632 1575 2657 ex
1599 2649 1608 2658 .
1632 2649 1642 2659 .
1666 2651 1674 2659 .
1697 2632 1909 2668 permanS.
1931 2633 2011 2659 om.
2036 2620 2083 2659 K

330 2676 435 2726 (non
455 2673 519 2725 A)
542 2687 551 2713 :
582 2674 659 2712 sed
681 2686 735 2711 ex
758 2704 766 2713 .
793 2704 802 2712 .
825 2703 835 2713 .
860 2675 1030 2712 human.
1055 2687 1135 2712 om.
1160 2673 1217 2711 Bl
1411 2684 1436 2722 5
1468 2673 1790 2723 permansiones
1813 2675 1876 2727 (in
1896 2677 1998 2727 ναε.)
2027 2675 2079 2713 T²

332 2730 395 2780 (in
415 2741 552 2780 marg.
577 2729 820 2779 perferens)
1001 2741 1022 2776 7
1054 2727 1156 2767 Ideo
1176 2728 1321 2778 praed.
1345 2739 1410 2777 sp.
1434 2740 1494 2767 sa.
1518 2727 1566 2766 K
1585 2729 1690 2780 (non
1710 2729 1775 2779 A)
1903 2730 1929 2766 8
1958 2729 2076 2781 quia]

329 2784 399 2834 qui
426 2782 464 2821 T
567 2782 681 2834 eius]
704 2796 851 2821 eorum
871 2780 953 2820 BC
969 2784 1074 2834 (non
1093 2783 1158 2834 A)
1277 2795 1326 2820 10
1356 2781 1466 2831 Spir.
1487 2788 1660 2822 sanctus
1681 2796 1746 2822 au.
1769 2783 1850 2822 BC
1928 2784 2079 2822 dicitur

333 2838 391 2877 C:
421 2838 559 2876 dictus
580 2842 645 2876 est
666 2836 712 2874 K
833 2838 874 2876 id
896 2851 979 2877 om.
1009 2837 1046 2875 T
1167 2837 1221 2876 ad
1241 2849 1322 2875 om.
1344 2835 1457 2875 B1C1
1586 2850 1631 2876 11
1663 2837 1830 2888 spirans
1849 2843 1890 2876 et
1910 2838 2078 2887 spirans

332 2893 367 2932 C
386 2893 488 2944 (non
507 2892 572 2945 A)
591 2906 600 2932 ς
631 2892 799 2941 spirans
826 2891 864 2929 T
1009 2904 1056 2931 12
1086 2891 1188 2941 spir.
1211 2903 1356 2940 propr.
1378 2890 1425 2928 K
1443 2890 1548 2941 (non
1567 2892 1632 2943 A)
1653 2906 1662 2931 :
1691 2892 1792 2942 spir.
1817 2898 1990 2931 sanctus
2011 2899 2076 2931 est

331 2960 474 2998 propr.
498 2946 534 2986 C
658 2958 706 2996 15
737 2959 822 2985 non
843 2959 1014 2996 semper
1033 2959 1116 2987 sec,
1133 2945 1174 2983 B
1196 2945 1374 2997 (marg.)
1400 2946 1435 2985 C
1541 2945 1583 2984 id
1604 2947 1716 2995 quod
1739 2977 1748 2985 .
1773 2975 1782 2985 .
1808 2974 1818 2985 .
1841 2948 2076 2986 secundum

329 3016 410 3042 om.
427 3001 462 3040 C
541 3001 594 3040 ad
610 3015 692 3041 om.
714 2999 752 3038 T
826 3001 903 3039 sed
919 3013 1001 3040 om.
1025 3000 1063 3039 T
1169 3012 1215 3049 17
1241 3001 1354 3039 unde
1369 3006 1412 3038 et
1425 3013 1512 3039 non
1533 2998 1671 3039 Tante
1683 3013 1784 3041 corr.
1896 3013 1950 3039 20
1978 3014 2075 3040 san-

331 3057 489 3096 ctitatis
518 3055 555 3094 T
707 3068 759 3094 22
789 3062 964 3095 vocatus
984 3055 1030 3094 K
1228 3066 1280 3104 25
1310 3055 1598 3106 suscipiantur
1626 3053 1672 3092 K
1830 3056 1904 3107 ne]
1929 3069 2014 3095 non
2036 3055 2078 3093 Β

331 3114 383 3150 26
411 3112 631 3150 credamus
655 3110 690 3149 C
816 3123 867 3160 27
899 3109 1092 3161 Domini]
1116 3110 1184 3148 dei
1205 3108 1252 3147 K
