2176 3424
1082 117 1356 166 ISIDORI

340 242 511 302 oculis,
534 243 618 305 qui
636 260 809 292 sensus
830 254 943 293 sunt
969 246 1202 308 corporis.
1276 246 1425 307 Prior,
1448 250 1584 311 quod
1604 249 1790 311 primus
1807 248 1868 298 sit'
1887 250 2060 300 ordine
2080 269 2089 297 ε

209 328 311 373 208
338 331 386 370 et
411 322 597 386 primus
625 325 763 388 quasi
782 328 1112 388 praeminens.
1186 325 1417 393 [Primus.
1490 328 1816 396 Postremus.]
1889 334 2086 390 Potens,

338 404 485 453 rebus
522 407 620 454 late
653 415 862 469 patens:
900 410 1035 457 unde
1069 418 1117 457 et
1151 418 1383 472 potestas,
1420 412 1557 473 quod
1590 420 1755 474 pateat
1788 411 1856 459 illi
1889 429 2088 475 quaqua

335 486 466 546 velit,
485 497 533 536 et
559 505 709 538 nemo
725 491 1035 551 intercludat,
1058 493 1221 540 nullus
1243 493 1482 542 obsistere
1501 496 1675 544 valeat.
1748 495 2083 558 Praeopimus,

202 590 309 637 209
334 584 450 631 prae
476 569 649 619 ceteris
669 572 849 634 opibus
870 572 1118 635 copiosus.
1181 574 1486 623 Pecuniosus
1511 593 1519 622 :
1553 575 1747 625 Tullius
1767 576 1979 640 primum
2001 594 2086 626 eos
2110 591 2131 631 5

335 649 495 699 dictos
521 653 665 701 refert
691 653 776 716 qui
801 653 1065 717 plurimam
1091 655 1380 704 habuissent
1405 656 1683 720 pecuniam,
1713 659 1763 706 id
1790 667 1863 706 est
1888 675 2083 722 pecora.

335 733 412 779 Ita
463 732 596 781 enim
638 744 686 783 et
735 735 927 799 antiqui
978 753 1063 785 eos
1106 737 1424 801 appellabant
1448 756 1460 798 3
1508 739 1747 802 paulatim
1780 749 1947 789 autem
1997 758 2084 804 per

220 827 307 863 210
331 814 624 865 abusionem
672 833 858 866 nomen
905 818 1041 867 aliud
1088 821 1380 869 devolutum
1428 830 1514 869 est.
1605 820 1837 870 Pervicax
1886 824 2083 885 proprie

329 897 509 946 dicitur
542 900 626 962 qui
661 899 711 947 in
745 900 1001 963 proposito
1024 917 1115 949 suo
1139 903 1204 950 ad
1229 901 1483 951 victoriam
1510 913 1801 966 perseverat.
1872 904 2081 968 Antiqui

328 979 460 1028 enim
495 980 654 1029 vicam
688 981 923 1031 dicebant
953 1000 1103 1045 quam
1133 1000 1226 1032 nos
1258 983 1529 1033 victoriam.
1602 987 1767 1036 Credo
1800 988 1936 1050 quod
1962 986 2079 1036 inde
2104 1008 2153 1036 10

223 1078 302 1112 211
327 1062 519 1111 dicatur
561 1064 714 1112 herba
758 1064 895 1124 vicia,
938 1064 989 1113 id
1032 1075 1106 1114 est
1140 1065 1418 1116 victorialis.
1492 1067 1669 1116 Pernix
1709 1085 1738 1116 a
1781 1068 2077 1131 pernitendo

325 1152 535 1193 tractum
562 1154 664 1194 est:
701 1144 752 1195 id
779 1156 852 1195 est
877 1145 928 1194 in
954 1147 1214 1196 conatibus
1239 1150 1616 1212 perseverando.
1690 1149 1788 1198 Alii
1825 1150 2074 1213 pernicem

324 1227 545 1275 velocem
580 1226 873 1290 intellegunt
906 1228 1134 1291 pedibus.
1211 1231 1342 1279 Nam
1378 1230 1640 1294 pernicitas
1674 1233 1860 1294 pedum
1897 1242 1983 1292 est,
2021 1242 2075 1281 ut

324 1306 479 1372 (Virg.
499 1311 627 1357 Aen.
655 1327 727 1369 11,
754 1310 898 1374 718):

829 1392 1119 1441 Pernicibus
1156 1395 1299 1457 ignea
1335 1395 1543 1457 plantis:
2097 1409 2143 1448 15

322 1471 448 1521 sicut
475 1473 699 1522 celeritas
724 1474 989 1538 pinnarum
1016 1485 1102 1533 est,
1131 1485 1183 1523 ut
1211 1476 1363 1540 (Virg.
1384 1479 1509 1526 Aen.
1533 1494 1576 1540 3,
1599 1477 1743 1542 243):

682 1556 947 1619 Celerique
986 1558 1100 1620 fuga
1139 1557 1232 1606 sub
1271 1557 1432 1607 sidera
1470 1560 1649 1622 lapsae.

207 1656 295 1690 212
320 1635 474 1700 Piger,
505 1637 645 1700 quasi
670 1638 882 1701 pedibus
907 1655 1066 1701 aeger.
1141 1641 1230 1688 Est
1256 1641 1389 1688 enim
1416 1642 1583 1689 tardus
1608 1642 1672 1690 ad
1698 1642 2032 1691 incedendum
2057 1662 2066 1691 :

319 1720 456 1781 quod
489 1735 674 1768 nomen
707 1736 796 1783 per
827 1737 973 1769 usum
1003 1720 1193 1770 transiit
1224 1723 1289 1770 ad
1318 1721 1556 1771 animum.
1632 1725 1838 1783 Pernox,
1866 1723 2067 1787 pervigi—

316 1803 423 1850 lans
440 1811 602 1851 nocte.
677 1800 1061 1868 [Perseverans.]
1135 1803 1377 1865 Pertinax,
1400 1803 1699 1867 inpudenter
1718 1814 1906 1865 tenens,
1927 1805 2066 1868 quasi
2093 1821 2141 1848 20

203 1906 291 1952 213
316 1884 582 1947 pertinens.
655 1886 888 1933 Petulans
914 1901 1048 1933 nunc
1074 1884 1279 1948 quidem
1299 1902 1387 1948 pro
1412 1887 1602 1935 audace
1627 1896 1675 1935 et
1700 1886 1912 1949 inprobo
1928 1887 2066 1950 poni-

315 1976 424 2016 tur:
466 1966 585 2015 olim
622 1976 789 2016 autem
827 1966 992 2015 acerbi
1028 1966 1325 2030 flagitatores
1362 1976 1410 2016 et
1451 1967 1645 2031 proprie
1681 1967 2062 2032 argentariorum

317 2046 651 2114 [coactorum]
702 2047 854 2111 pueri,
899 2050 1037 2111 quod
1085 2048 1241 2112 pretia
1287 2066 1449 2098 rerum
1495 2049 1713 2099 crebrius
1753 2059 1801 2099 et
1842 2050 2061 2114 asperius

200 2154 288 2202 214
314 2130 588 2193 exigebant,
616 2147 645 2178 a
678 2132 898 2194 petendo
923 2132 1202 2194 petulantes
1228 2131 1405 2181 vocati.
1478 2135 1681 2192 Procax,
1709 2131 1902 2196 proprie
1926 2132 2060 2182 idem

314 2214 451 2275 quod
488 2221 646 2275 petax.
722 2214 851 2261 Nam
889 2229 1092 2276 procare
1123 2222 1196 2262 est
1228 2223 1395 2276 petere
1418 2232 1431 2274 3
1466 2215 1600 2263 unde
1634 2223 1683 2262 et
1715 2213 1948 2277 petitores
1973 2231 2060 2263 nu·
2085 2230 2131 2271 25

202 2309 293 2358 215
314 2294 525 2357 ptiarum
545 2294 683 2357 proci
701 2294 945 2344 dicuntur.
1008 2294 1261 2359 Prodigus,
1283 2305 1568 2344 sumtuosus
1587 2304 1736 2359 atque
1755 2305 2056 2357 consumtor,

312 2376 397 2440 qui
414 2376 582 2425 omnia
599 2393 744 2440 porro
769 2377 868 2440 agit
893 2386 942 2426 et
966 2377 1106 2439 quasi
1130 2377 1318 2440 proicit.
1393 2380 1635 2440 Profugus
1659 2377 1853 2441 proprie
1878 2377 2056 2427 dicitur
2130 2374 2133 2379 ’

309 2458 393 2522 qui
418 2460 590 2522 procul
615 2476 644 2508 a
669 2459 871 2508 sedibus
906 2459 1006 2508 suis
1038 2469 1253 2523 vagatur,
1281 2459 1421 2522 quasi
1454 2476 1600 2523 porro
1634 2460 1841 2522 fugatus.
1915 2461 2056 2510 Pere—

368 2595 385 2621 Ι.
418 2583 563 2622 ocolos
585 2583 631 2621 K
772 2597 796 2622 2
829 2582 955 2623 Prim.
980 2582 1093 2624 Post.
1115 2583 1208 2622 hab.
1233 2582 1385 2622 ABCI
1403 2597 1411 2621 :
1441 2596 1524 2622 om.
1549 2582 1595 2620 K
1601 2582 1638 2620 T
1787 2596 1813 2632 3
1843 2595 1912 2633 qu.
1935 2589 2052 2633 patet

317 2636 354 2675 T
456 2650 538 2687 qua
558 2640 638 2678 vel.
661 2638 707 2675 K
721 2653 729 2677 :
757 2651 952 2688 quaeque
973 2639 1085 2676 valet
1104 2638 1144 2676 Β
1307 2650 1333 2686 4
1361 2637 1474 2675 valet
1502 2636 1539 2675 T
1659 2650 1683 2687 5
1713 2637 1775 2676 vel
1793 2637 2051 2678 Peeuniosos

307 2692 384 2741 (ita
406 2692 518 2744 dett.)
706 2706 727 2742 7
758 2706 837 2743 per
856 2693 922 2732 ab.
945 2705 1027 2731 om.
1051 2691 1099 2730 K
1115 2693 1218 2744 (non
1237 2690 1302 2744 A)
1468 2694 1493 2730 8
1521 2691 1586 2732 ab.
1610 2692 1654 2731 in
1674 2704 1786 2731 nom.
1810 2691 1846 2732 C
1863 2691 1966 2744 (non
1983 2692 2048 2742 A)

308 2747 502 2786 Perficax
533 2745 571 2785 T
719 2761 746 2796 9
775 2747 1020 2797 praeposito
1039 2746 1082 2784 B
1230 2758 1278 2784 10
1306 2745 1444 2795 vigam
1474 2746 1534 2785 T:
1553 2747 1699 2786 viciam
1716 2746 1838 2786 ΒΟ]
1849 2761 1857 2784 ;
1886 2746 1990 2785 vitia
2009 2745 2056 2786 K

305 2801 549 2853 victoriam]
575 2801 710 2840 vicam
731 2801 772 2839 Β
1074 2813 1117 2839 11
1159 2800 1264 2839 vitia
1285 2799 1374 2838 ΒΚ
1389 2815 1398 2840 z
1428 2801 1492 2840 cia
1519 2800 1571 2839 Tl
1735 2801 1986 2850 pertinendo
2007 2800 2055 2840 K

310 2868 358 2896 12
390 2863 454 2895 est
476 2856 643 2907 (prius)
666 2869 746 2895 om.
769 2853 816 2893 K
925 2869 971 2905 17
1001 2855 1120 2907 fuga]
1143 2856 1278 2905 figura
1298 2853 1345 2893 K
1482 2856 1531 2894 18
1553 2855 1690 2905 Peger
1709 2853 1756 2893 K
1863 2868 1912 2905 19
1931 2861 1982 2896 tr.
2005 2862 2047 2896 et

304 2911 490 2950 animam
519 2910 567 2948 Tl
589 2925 598 2950 :
628 2916 680 2949 tr.
704 2916 747 2949 et
767 2911 820 2949 ad
840 2911 1022 2950 animam
1046 2911 1082 2950 C
1271 2923 1324 2949 20
1345 2911 1518 2950 Persev.
1539 2910 1632 2950 hab.
1651 2909 1806 2948 ABCI
1820 2923 1828 2947 :
1857 2922 1940 2950 om.
1966 2908 2014 2949 K
2017 2910 2055 2948 T

303 2979 372 3015 qu.
397 2972 504 3016 pert.
526 2979 608 3004 om.
642 2964 678 3002 T
833 2977 882 3004 21
915 2971 1148 3017 pertenens
1171 2965 1207 3004 C
1351 2977 1402 3015 23
1432 2971 1561 3004 coact.
1585 2964 1678 3004 hab.
1704 2964 1764 3004 CI
1771 2963 1826 3002 T:
1855 2978 1939 3004 om.
1962 2964 2048 3004 AB

303 3027 436 3060 coact.
455 3051 464 3060 .
489 3050 500 3061 .
524 3051 534 3061 .
556 3032 694 3059 rerum
715 3033 797 3061 om.
821 3019 867 3057 K
883 3022 988 3070 (non
1007 3019 1070 3071 A)
1258 3019 1390 3071 quod]
1413 3018 1482 3070 qui
1501 3014 1542 3057 Β
1777 3033 1828 3068 24
1857 3032 1882 3057 a
1902 3032 1986 3061 om.
2017 3017 2055 3058 T

302 3075 545 3125 petulanter
561 3074 608 3113 K
739 3086 791 3125 25
821 3075 1052 3124 petitiones
1068 3087 1128 3125 pr.
1146 3075 1304 3114 duntur
1321 3075 1440 3126 (corr.
1456 3074 1673 3127 dicuntur)
1699 3073 1736 3112 T
1865 3087 1916 3124 27
1945 3074 2041 3126 qui]

302 3129 400 3179 quia
418 3129 459 3168 B
570 3130 621 3169 28
642 3134 814 3169 vacatur
833 3128 879 3167 K
984 3129 1156 3178 sugatur
1177 3127 1213 3168 C
