2228 3444
440 175 1013 224 ETYMOLOGIARV
1018 177 1073 224 M
1113 178 1240 226 LIB.
1285 178 1321 225 Ι.
1363 194 1497 236 xxxv,
1538 178 1674 226 xxxvi

180 309 240 356 In
267 305 432 354 medio
457 302 556 371 [ut]
585 304 733 370 (Enn.
753 307 882 352 Ann.
904 304 1050 369 329):

446 386 654 436 Graecia
691 386 910 450 Sulpicio
948 388 1065 435 sorti
1102 388 1231 447 data,
1272 386 1431 436 Gallia
1470 388 1662 437 Cottae.

178 471 238 519 In
258 477 519 535 postremo,
545 466 639 535 [ut]
667 466 799 533 (Ter.
818 469 973 516 Andr.
994 467 1106 532 68):

782 552 1015 613 Namque
1051 551 1148 598 hoc
1184 559 1407 613 tempore

128 646 150 685 5
483 631 779 695 obsequium
815 631 1016 692 amicos,
1056 631 1232 680 veritas
1268 632 1438 680 odium
1477 632 1616 696 parit.

177 714 493 778 Hypozeuxis
510 723 583 763 est
603 715 756 778 figura
773 713 1009 777 superiori
1030 714 1286 774 contraria,
1305 714 1391 763 ubi
1411 714 1462 762 in
1482 714 1684 778 singulis
1706 715 1931 764 sensibus
1955 729 1987 775 4

174 796 370 860 propria
394 795 662 859 unicuique
689 797 907 844 clausula
934 805 1021 855 est,
1050 806 1103 844 ut
1130 795 1284 860 (Virg.
1304 799 1430 844 Aen.
1457 814 1533 857 10,
1555 796 1670 861 149)
1692 816 1700 845 :

115 866 120 871 ⁸
324 881 515 941 Regem
550 877 654 926 adit
690 888 738 926 et
774 877 874 941 regi
911 887 1152 926 memorat
1188 894 1474 941 nomenque
1510 895 1779 942 genusque.

175 958 458 1022 Syllempsis
476 968 548 1007 est
565 957 615 1006 in
632 957 952 1007 dissimilibus
970 958 1199 1008 clausulis
1217 968 1300 1008 aut
1317 961 1514 1023 pluralis
1531 959 1684 1010 dictio
1701 959 1931 1023 singulari
1955 962 1985 1011 5

104 1058 154 1086 10
175 1040 325 1089 verbo
351 1041 501 1100 finita,
529 1050 582 1088 ut
610 1040 763 1105 (Virg.
783 1043 909 1089 Aen.
935 1059 973 1101 1,
997 1056 1021 1104 5
1032 1055 1056 1104 5
1065 1041 1114 1103 3)
1137 1061 1146 1090 τ

734 1122 889 1171 Sociis
926 1132 974 1171 et
1010 1139 1122 1186 rege
1159 1131 1374 1185 recept0‚

172 1212 256 1252 aut
281 1203 536 1268 singularis
562 1204 714 1254 dictio
740 1204 912 1269 plurali
933 1205 1084 1253 verbo
1111 1207 1315 1268 expleta,
1345 1213 1398 1253 ut
1421 1203 1577 1270 (Virg.
1600 1206 1703 1253 Ecl.
1731 1222 1769 1265 1,
1791 1203 1874 1268 81)
1899 1223 1906 1252 :

659 1287 784 1335 Sunt
820 1286 965 1334 nobis
1003 1286 1140 1335 mitia
1174 1303 1336 1349 poma,

657 1377 705 1417 et
741 1370 894 1432 pressi
931 1368 1076 1432 copia
1111 1367 1264 1419 lactis.

102 1466 116 1494 ι
127 1466 149 1506 5
173 1452 329 1514 Supra
346 1452 477 1499 enim
499 1454 510 1476 ‘
527 1460 641 1499 sunt
658 1452 668 1473 '
685 1450 820 1499 dixit.
885 1450 986 1499 Hic
1003 1450 1177 1500 debuit
1194 1450 1358 1500 dicere
1377 1469 1386 1499 ε
1424 1454 1436 1476 ‘
1453 1458 1525 1498 est
1542 1458 1590 1498 et
1607 1449 1759 1514 pressi
1785 1448 1930 1512 copia

171 1532 341 1582 lactis.'
411 1532 489 1581 Fit
522 1542 687 1582 autem
719 1532 1006 1596 Syllempsis
1037 1549 1138 1582 non
1171 1534 1330 1582 solum
1362 1549 1447 1595 per
1476 1541 1636 1596 partes
1675 1532 1924 1590 orationis,
1951 1534 1986 1581 6

171 1616 259 1664 sed
283 1623 331 1664 et
356 1631 442 1679 per
465 1614 742 1664 accidentia
768 1614 1003 1679 partibus.
1075 1617 1206 1663 Nam
1232 1614 1318 1662 ubi
1344 1623 1392 1663 et
1417 1631 1507 1677 pro
1535 1613 1701 1662 multis
1727 1631 1854 1662 unus
1880 1623 1927 1662 et

170 1712 258 1760 pro
278 1712 379 1746 uno
399 1697 538 1745 multi
559 1706 824 1760 ponuntur,
849 1696 1135 1761 Syllempsis
1156 1706 1242 1747 est.
1314 1699 1409 1745 Pro
1430 1695 1596 1744 multis
1617 1712 1758 1755 unus,
1782 1705 1834 1744 ut
1855 1705 1928 1744 est

172 1778 294 1828 illud
321 1778 475 1844 (Virg.
496 1782 620 1828 Aen.
644 1797 686 1839 2,
710 1778 791 1845 20)
812 1799 821 1828 ε

99 1880 152 1908 20
542 1863 849 1924 Vterumque
886 1870 1075 1910 armato
1113 1860 1268 1909 milite
1303 1861 1552 1923 conplent,

171 1958 285 1990 cum
311 1958 412 1990 non
439 1959 554 2003 uno,
584 1945 671 1992 sed
697 1942 863 1991 multis
891 1942 1142 1991 militibus.
1218 1945 1346 1991 Item
1372 1959 1461 2007 pro
1488 1958 1588 1990 uno
1615 1940 1770 2000 multi,
1799 1949 1852 1988 ut
1877 1940 1927 1988 in

170 2023 441 2087 Evangelio
464 2023 664 2088 (Matth.
689 2040 762 2086 27,
783 2024 869 2089 44>
890 2045 898 2073 τ
941 2028 952 2049 ‘
969 2027 1207 2073 Latrones
1228 2024 1312 2088 qui
1332 2023 1549 2072 crucifixi
1568 2031 1705 2072 erant
1731 2038 1844 2070 cum
1868 2038 1929 2071 eo

170 2105 601 2169 improperabant,'
635 2107 720 2155 ubi
755 2124 844 2169 pro
874 2123 974 2154 uno
1019 2116 1226 2169 uterque
1256 2105 1506 2154 inducitur
1537 2105 1922 2167 blasphemasse.

172 2187 490 2251 Anadiplosis
512 2197 597 2248 est,
621 2190 824 2252 quando
843 2188 907 2237 ab
928 2189 1107 2237 eodem
1127 2187 1279 2236 verbo
1300 2204 1399 2250 quo
1419 2186 1549 2250 prior
1567 2203 1733 2235 versus
1754 2186 1923 2244 finivit,
1947 2196 1976 2246 7

99 2284 146 2325 ²5
173 2285 385 2331 sequens
410 2286 576 2317 versus
602 2269 786 2332 incipit,
816 2279 869 2318 ut
894 2278 966 2318 est
991 2269 1113 2318 illud
1140 2268 1295 2333 (Virg.
1316 2270 1419 2317 Ecl.
1441 2271 1483 2327 8,
1506 2267 1590 2332 55)
1613 2287 1621 2315 z

395 2350 601 2400 Certent
637 2361 685 2399 et
722 2350 890 2414 cygnis
927 2352 1103 2409 ululae,
1145 2350 1205 2398 sit
1241 2350 1439 2413 Tityrus
1477 2350 1720 2412 Orpheus,

395 2434 626 2495 Orpheus
663 2434 713 2480 in
751 2432 895 2492 silvis,
936 2432 1061 2480 inter
1097 2431 1356 2494 delphinas
1393 2431 1564 2479 Arion.

171 2515 439 2578 Anaphora
456 2524 528 2563 est
545 2514 771 2578 repetitio
788 2513 1011 2563 eiusdem
1030 2513 1164 2562 verbi
1182 2529 1268 2576 per
1284 2512 1522 2577 principia
1539 2528 1766 2560 versuum
1784 2510 1926 2575 pluri·
1951 2514 1980 2560 8

171 2613 379 2657 morum,
407 2605 459 2645 ut
486 2596 637 2661 (Virg.
659 2599 782 2645 Aen.
805 2613 846 2658 3,
873 2597 1015 2659 157):

97 2696 149 2735 30
390 2680 497 2728 Nos
534 2687 582 2727 te
621 2677 875 2727 Dardania
910 2677 1112 2725 incensa
1149 2686 1332 2739 tuaque
1368 2691 1503 2723 arma
1540 2674 1708 2734 secuti,

386 2776 479 2808 nos
515 2759 762 2808 tumidum
799 2760 892 2808 sub
929 2768 977 2808 te
1011 2757 1258 2822 permensi
1293 2756 1532 2806 classibus
1567 2771 1766 2819 aequor.

230 2901 246 2925 1
280 2888 322 2927 in
343 2889 483 2928 medio
506 2894 551 2928 ut
577 2889 632 2927 T:
668 2889 709 2927 in
733 2888 874 2927 medio
894 2887 1021 2926 ΑΒΕ
1233 2899 1258 2924 2
1286 2887 1437 2925 sortita
1458 2885 1520 2924 Al
1540 2900 1549 2925 ε
1592 2891 1707 2924 sorte
1729 2885 1826 2923 data
1852 2883 1931 2922 TU

173 2954 198 2991 3
227 2943 269 2981 in
288 2950 504 2993 postremo
524 2949 570 2983 ut
597 2943 658 2983 T:
698 2944 739 2981 in
772 2950 989 2993 postremo
1010 2941 1097 2980 AB
1119 2956 1128 2981 ε
1159 2941 1199 2979 in
1221 2946 1438 2992 postrema
1467 2946 1513 2980 ut
1535 2940 1570 2979 C
1767 2939 1793 2976 8
1823 2938 1925 2977 adiit

171 2997 235 3034 Α1
255 3002 304 3037 ut
320 2998 402 3040 vid.
418 2998 503 3036 BT
609 3010 654 3037 11
687 2998 791 3037 socii
811 2999 887 3037 sed
915 2997 953 3035 T
1061 3009 1109 3036 12
1140 2996 1196 3046 pl.
1212 3009 1250 3035 v.
1274 2995 1408 3046 expl.]
1431 2994 1637 3045 singulari
1656 2993 1784 3032 verbo
1806 2993 1925 3031 finita

180 3050 218 3088 T
324 3054 374 3091 18
402 3059 449 3092 ut
471 3066 548 3103 pro
573 3052 715 3092 multis
731 3052 794 3091 Al
815 3057 863 3090 ut
875 3051 956 3092 vid.
981 3050 1030 3090 C¹
1144 3063 1197 3088 20
1225 3056 1431 3089 armatum
1452 3049 1512 3087 Α1
1639 3060 1687 3085 21
1723 3047 1786 3099 ut]
1809 3053 1851 3086 et
1875 3046 1924 3085 C1

176 3118 228 3144 22
258 3119 350 3145 cum
370 3121 421 3146 eo
442 3120 499 3147 cr.
523 3120 582 3148 er.
604 3106 693 3145 AB
714 3121 723 3146 :
753 3120 812 3146 cr.
836 3119 896 3146 er.
920 3119 1014 3145 cum
1037 3119 1087 3145 eo
1112 3105 1188 3143 CT
1363 3106 1416 3142 26
1445 3103 1558 3151 cigni
1580 3101 1684 3139 ΑῙΒ
1814 3102 1923 3151 ignis

175 3160 290 3202 ulule
310 3161 345 3199 si
368 3163 474 3201 tirus
493 3162 636 3201 orseus
655 3161 698 3219 in
719 3161 834 3200 silvis
863 3160 900 3204 T
1058 3173 1111 3209 30
1141 3160 1307 3198 incessa
1328 3171 1434 3207 aque
1458 3157 1505 3195 Cl

248 3215 351 3256 1182
1044 3231 1069 3263 F
