2228 3444
0 3380 54 3444 ix

478 123 1110 174 ETYMOLOGIARVM
1150 123 1278 169 LIB.
1325 122 1442 168 VII.
1483 119 1543 177 iv,
1583 136 1611 163 v

179 265 378 305 teneant
419 255 543 304 inter
580 256 815 319 angelos3
865 254 1007 320 ἀρχός
1049 252 1181 303 enim
1221 252 1423 311 Graece,
1466 248 1643 298 Latine
1691 247 1919 312 princeps

178 336 531 403 interpretatur.
605 339 729 386 Sunt
749 336 880 386 enim
897 337 1050 386 duces
1066 345 1115 385 et
1133 333 1393 399 principes,
1415 332 1508 382 sub
1525 348 1735 395 quorum
1753 329 1926 380 ordine

179 419 444 484 unicuique
470 421 758 483 angelorum
796 417 956 467 officia
992 419 1229 482 deputata
1264 424 1392 465 sunt.
1466 416 1598 463 Nam
1636 412 1751 477 quia
1787 413 1922 461 arch-
1943 422 1971 471 7

178 501 337 566 angeli
362 500 547 566 angelis
566 510 800 565 praesunt
819 499 1075 550 Zacharias
1102 500 1344 564 propheta
1359 504 1564 546 testatur
1579 494 1749 545 dicens
1768 493 1786 558 <
1794 512 1833 553 2,
1850 492 1923 558 3):

134 599 157 639 5
184 585 346 632 ‘Ecce
377 586 595 647 angelus,
621 583 706 647 qui
739 583 1032 647 loquebatur
1065 581 1116 630 in
1143 597 1235 642 me,
1262 578 1618 644 egrediebatur,
1645 585 1694 626 et
1718 577 1921 639 angelus

179 664 301 714 alius
339 665 678 730 egrediebatur
711 665 761 714 in
795 682 1054 715 occursum
1090 663 1208 725 eius,
1236 672 1284 712 et
1318 660 1439 712 dixit
1470 662 1535 710 ad
1572 677 1715 709 eum:
1756 659 1927 719 Curre,

180 749 380 811 loquere
415 749 479 797 ad
514 764 721 812 puerum
759 747 906 797 istum
944 746 1145 796 dicens:
1200 745 1407 808 Absque
1444 759 1586 792 muro
1622 739 1926 790 habitabitur

182 829 527 880 Hierusalem.'
596 829 644 879 Si
679 829 811 879 enim
845 829 896 878 in
931 828 1047 893 ipsis
1082 827 1254 878 officiis
1286 826 1576 890 angelorum
1609 839 1926 888 nequaquam
1952 822 1981 869 8

180 922 445 976 potestates
482 912 754 977 superiores
791 911 1040 962 inferiores
1078 912 1409 977 disponerent,
1450 910 1587 958 nullo
1624 909 1778 958 modo
1815 909 1924 966 hoc,

110 1012 158 1043 ιο
180 996 316 1058 quod
342 994 531 1044 homini
557 995 740 1044 diceret
765 996 982 1059 angelus,
1011 995 1075 1044 ab
1100 995 1277 1058 angelo
1303 991 1628 1057 cognovisset.
1703 987 1924 1052 Quidam
1952 1001 1986 1047 9

178 1085 343 1126 autem
382 1079 786 1143 archangelorum
824 1076 1022 1143 privatis
1061 1074 1347 1126 nominibus
1390 1075 1713 1138 appellantur,
1753 1081 1806 1121 ut
1843 1087 1928 1135 per

180 1159 420 1208 vocabula
444 1158 549 1223 ipsa
582 1159 632 1208 in
665 1177 812 1224 opere
847 1176 936 1209 suo
962 1159 1082 1224 quid
1115 1160 1310 1208 valeant
1344 1156 1641 1221 designetur.
1719 1153 1922 1205 Gabriel
1954 1167 2011 1202 10

181 1237 430 1287 Hebraice
455 1237 506 1286 in
532 1238 748 1303 linguam
774 1247 992 1288 nostram
1018 1237 1219 1288 vertitur
1238 1236 1474 1286 fortitudo
1493 1234 1603 1285 Dei.
1674 1233 1775 1283 Vbi
1795 1232 1927 1283 enim

178 1316 399 1378 potentia
446 1315 612 1365 divina
660 1319 735 1366 vel
783 1317 1019 1367 fortitudo
1062 1316 1414 1375 manifestatur,
1455 1313 1658 1364 Gabriel
1701 1312 1921 1362 mittitur.

108 1421 155 1464 15
178 1399 326 1447 Vnde
362 1407 410 1447 et
447 1415 507 1447 eo
542 1407 778 1462 ternpore,
806 1416 906 1463 quo
940 1409 1040 1448 erat
1076 1398 1324 1447 Dominus
1359 1396 1633 1445 nasciturus
1673 1404 1721 1443 et
1760 1394 1926 1443 trium·
1953 1411 1998 1445 11

179 1477 414 1539 phaturus
440 1477 502 1526 de
529 1479 732 1538 mundo,
762 1477 965 1527 Gabriel
992 1476 1124 1527 venit
1148 1478 1214 1526 ad
1241 1475 1467 1536 Mariam,
1494 1484 1547 1524 ut
1572 1474 1711 1523 illum
1737 1475 1926 1523 adnun-

179 1556 317 1606 tiaret
350 1557 434 1622 qui
466 1559 530 1608 ad
564 1559 885 1608 debellandas
919 1558 1072 1608 aerias
1106 1567 1375 1622 potestates
1411 1556 1611 1606 humilis
1649 1557 1815 1606 venire
1852 1555 1921 1605 di-

179 1649 355 1702 gnatus
385 1649 472 1689 est.
546 1640 764 1690 Michael
789 1640 1147 1705 interpretatur,
1177 1641 1278 1700 Qui
1316 1639 1440 1688 sicut
1477 1641 1629 1689 Deus.
1703 1639 1922 1700 Quando
1951 1650 2005 1684 12

180 1720 313 1770 enim
337 1721 523 1786 aliquid
542 1721 593 1770 in
621 1724 809 1772 mundo
836 1724 986 1772 mirae
1012 1722 1199 1772 virtutis
1234 1724 1303 1782 fit,
1325 1721 1406 1771 hic
1430 1722 1754 1785 archangelus
1782 1719 1926 1769 mitti-

108 1827 158 1857 20
181 1812 270 1852 tur.
344 1806 407 1853 Et
433 1820 490 1853 ex
516 1803 624 1868 ipso
650 1821 798 1869 opere
823 1821 1008 1855 nomen
1035 1814 1107 1854 est
1133 1804 1252 1865 eius,
1281 1804 1397 1869 quia
1421 1821 1571 1853 nemo
1597 1805 1725 1853 valet
1762 1805 1921 1852 facere

181 1886 317 1948 quod
349 1886 507 1935 facere
543 1895 706 1949 potest
744 1889 896 1935 Deus.
989 1888 1213 1950 Raphael
1246 1885 1591 1950 interpretatur
1628 1885 1816 1935 curatio
1850 1886 1926 1934 vel
1954 1901 2007 1947 13

181 1966 427 2017 medicina
472 1967 580 2016 Dei.
653 1967 971 2032 Vbicumque
1015 1968 1392 2017 enim'curandi
1435 1978 1483 2017 et
1524 1967 1759 2017 medendi
1798 1985 1923 2032 opus

181 2048 510 2098 necessarium
536 2058 621 2109 est,
650 2048 730 2098 hic
755 2052 1078 2114 archangelus
1094 2067 1123 2098 a
1151 2053 1262 2100 Deo
1287 2049 1496 2099 mittitur
1514 2068 1527 2111 ,·
1560 2058 1607 2099 et
1633 2049 1751 2099 inde
1777 2048 1929 2099 medi-

182 2131 292 2180 cina
341 2130 436 2180 Dei
483 2140 696 2181 vocatur.
785 2134 933 2182 Vnde
975 2141 1023 2182 et
1062 2135 1125 2182 ad
1168 2132 1381 2182 Tobiam
1425 2132 1559 2183 idem
1602 2133 1927 2196 archangelus
1953 2151 2008 2198 14

108 2234 156 2274 25
183 2212 358 2262 missus
391 2213 545 2262 oculis
588 2212 692 2262 eius
733 2213 1038 2264 curationem
1080 2214 1322 2276 adhibuit,
1365 2224 1414 2264 et
1457 2216 1693 2264 caecitate
1732 2216 1926 2264 detersa

180 2293 339 2342 visum
377 2294 422 2343 ei
463 2294 685 2344 restituit.
777 2295 1008 2345 Nominis
1052 2296 1183 2346 enim
1226 2296 1629 2361 interpretatione
1672 2305 1721 2346 et
1763 2296 1924 2360 angeli

180 2375 396 2425 officium
421 2375 716 2440 designatur.
778 2376 913 2427 Vriel
932 2377 1277 2442 interpretatur
1295 2378 1420 2442 ignis
1442 2378 1552 2439 Dei,
1573 2378 1698 2427 sicut
1718 2378 1925 2442 legimus
1953 2387 2008 2437 15

179 2456 461 2521 apparuisse
508 2459 672 2521 ignem
721 2458 769 2506 in
819 2459 957 2508 rubo.
1032 2458 1264 2523 Legimus
1312 2460 1459 2510 etiam
1508 2460 1674 2524 ignem
1724 2459 1926 2509 missum

181 2540 402 2603 desuper,
432 2548 479 2588 et
516 2539 729 2603 inplesse
766 2542 902 2604 quod
938 2550 1257 2605 praeceptum
1292 2552 1379 2592 est.
1453 2542 1645 2591 Throni
1678 2551 1844 2592 autem
1879 2550 1927 2591 et
1953 2543 2011 2590 16

106 2638 158 2678 30
180 2620 545 2671 dominationes
588 2631 636 2671 et
674 2621 975 2686 principatus
1016 2632 1064 2672 et
1101 2633 1369 2687 potestates
1407 2633 1454 2674 et
1494 2624 1707 2686 virtutes,
1745 2624 1926 2689 quibus

234 2763 259 2800 5
288 2751 340 2791 al.
364 2765 460 2801 ang.
484 2751 519 2790 C
627 2765 648 2801 7
679 2752 889 2792 habitatur
916 2753 953 2792 T
1062 2766 1112 2794 10
1133 2754 1323 2794 dicerent
1345 2754 1395 2793 C1
1511 2768 1555 2793 11
1579 2755 1778 2806 privatis]
1801 2767 1927 2805 supra

181 2805 287 2846 vatis
314 2806 350 2844 T
460 2819 507 2844 12
536 2819 614 2844 suo
637 2819 720 2846 om.
751 2806 788 2845 T
944 2809 1082 2847 valeat
1109 2809 1147 2848 T
1310 2821 1359 2860 13
1389 2811 1655 2849 convertitur
1674 2809 1716 2847 Β
1736 2812 1838 2858 (non
1859 2809 1924 2860 A)

185 2873 232 2909 14
262 2860 602 2900 manifestabitur
619 2860 692 2900 ΤΒ
713 2862 817 2914 (non
837 2862 901 2914 Α)
1019 2874 1066 2912 15
1098 2863 1210 2914 quod
1237 2863 1275 2902 T
1380 2864 1514 2916 dom.]
1539 2865 1658 2904 Iesus
1679 2863 1725 2902 K
1736 2864 1839 2915 (non
1859 2864 1924 2912 A)

185 2916 235 2953 16
254 2914 390 2966 venit]
407 2915 584 2955 mittitur
598 2914 645 2955 K
755 2929 804 2967 19
824 2917 927 2956 mira
940 2917 1032 2957 eius
1046 2917 1139 2959 virt.
1155 2918 1210 2958 sit
1225 2916 1266 2956 Β
1377 2931 1430 2959 20
1449 2931 1504 2958 ex
1518 2933 1602 2959 om.
1619 2918 1656 2958 T
1761 2931 1812 2968 23
1834 2918 1925 2970 hic]

181 2968 277 3007 huic
297 2968 343 3008 K
361 2970 462 3021 (non
482 2970 546 3021 A)
659 2982 712 3021 25
742 2971 915 3024 missus]
937 2972 1113 3012 mittitur
1138 2971 1232 3012 ΑΚ
1364 2974 1510 3014 oculos
1530 2973 1580 3012 Cl
1692 2973 1864 3013 adhibet
1884 2972 1931 3012 K

181 3024 234 3061 26
263 3023 302 3062 ei
322 3037 405 3064 om.
426 3023 513 3064 BT
670 3025 744 3066 int.
768 3038 824 3065 ex
842 3039 941 3077 ang.
963 3027 1102 3068 officio
1123 3026 1169 3066 K

1013 3135 1044 3170 T
1067 3138 1090 3170 2
