2176 3424
435 123 1067 173 ETYMOLOGIARVM
1112 125 1240 171 LIB.
1282 125 1420 170 XIV.
1461 122 1552 181 viii,
1593 122 1638 169 ix

157 256 291 303 unde
326 257 487 304 nullus
521 256 705 303 fructus
743 254 1019 303 exsolvitur.
1094 254 1221 302 Inde
1255 252 1403 302 etiam
1435 251 1558 299 nihil
1593 259 1895 315 praestantes

155 338 382 386 inmunes
406 345 656 386 vocantur.
729 335 910 399 Aprica
934 336 1044 383 loca
1076 351 1202 397 quae
1240 336 1342 383 sole
1366 335 1598 397 gaudent,
1626 332 1766 396 quasi
1791 335 1896 381 ἄνευ
1931 351 1996 398 34

152 421 334 483 φρίκης,
361 418 412 468 id
437 428 510 468 est
536 418 641 467 sine
666 416 871 480 frigore,
908 415 1009 464 sive
1035 417 1171 479 quod
1198 414 1294 464 sint
1318 424 1489 479 aperto
1515 416 1666 464 caelo.
1725 415 1897 477 Opaca
1921 433 1984 480 35

152 518 267 550 vero
292 502 413 560 loca,
442 499 581 563 quasi
607 509 779 563 operto
804 499 955 558 caelo,
984 497 1150 561 aprico
1175 496 1428 546 contraria.
1502 496 1771 546 Lubricum
1797 495 1895 545 dici
1922 504 1990 562 36

102 605 124 645 5
151 585 315 632 locum
349 583 412 632 ab
456 598 517 631 eo
551 583 687 645 quod
720 579 789 629 ibi
819 581 927 643 quis
971 581 1148 629 labitur
1165 598 1178 641 3
1215 589 1262 628 et
1298 579 1542 628 lubricum
1579 578 1757 628 dicitur
1793 595 1896 626 non

151 667 286 728 quod
311 663 502 724 labitur,
533 665 620 713 sed
653 662 703 710 in
741 679 840 726 quo
873 660 1065 710 labitur.
1139 660 1339 710 Aestiva
1373 671 1486 710 sunt
1511 663 1620 710 loca
1646 661 1892 721 umbrosa,
1922 666 1991 716 37

152 746 330 810 quibus
390 763 475 810 per
522 754 760 795 aestatem
802 743 958 793 vitant
1005 760 1184 807 pecora
1233 743 1349 793 solis
1397 744 1641 793 ardorem.
1712 741 1894 792 Statius

153 829 333 893 (Theb.
362 847 399 888 1,
421 827 538 892 363)
561 846 570 875 :

521 910 586 957 Et
622 907 843 957 umbrosi
880 917 1082 971 patuere
1118 909 1302 956 aestiva
1339 907 1532 971 Lycaei.

84 1011 132 1039 10
158 991 363 1043 Navalia
400 1001 513 1041 sunt
548 993 658 1040 loca
696 990 782 1039 ubi
822 1007 971 1039 naves
1005 991 1318 1039 fabricantur.
1394 993 1511 1039 Hoc
1551 998 1598 1038 et
1633 989 1895 1038 textrinum
1921 997 1985 1055 38

154 1085 368 1125 vocatur.
437 1073 593 1124 Statio
633 1082 706 1122 est
742 1073 827 1121 ubi
866 1074 930 1121 ad
971 1081 1164 1136 tempus
1208 1081 1338 1121 stant
1376 1089 1555 1133 naves,
1591 1081 1775 1135 portus,
1811 1072 1895 1120 ubi
1922 1092 1991 1138 39

154 1158 374 1207 hiemant
394 1175 406 1217 3
441 1156 762 1219 inportunum
799 1164 981 1215 autem,
1010 1154 1060 1202 in
1098 1171 1198 1217 quo
1235 1156 1424 1202 nullum
1463 1153 1717 1217 refugium,
1756 1153 1895 1217 quasi

153 1241 314 1289 nullus
351 1247 533 1302 portus.
607 1240 782 1286 Portus
815 1245 981 1285 autem
1018 1237 1156 1285 locus
1194 1245 1266 1285 est
1295 1236 1359 1284 ab
1396 1252 1598 1285 accessu
1634 1245 1894 1285 ventorum
1918 1254 1988 1300 40

152 1330 384 1380 remotus,
411 1319 496 1369 ubi
533 1319 741 1368 hiberna
774 1334 1026 1382 opponere
1065 1319 1252 1367 solent:
1290 1327 1337 1366 et
1370 1326 1538 1380 portus
1575 1316 1736 1366 dictus
1761 1335 1790 1365 a
1815 1319 1895 1367 de-

81 1419 126 1461 15
154 1402 407 1468 portandis
446 1400 769 1451 commerciis.
858 1402 1014 1448 Hunc
1048 1410 1233 1449 veteres
1269 1417 1298 1447 a
1334 1398 1611 1448 baiolandis
1649 1399 1893 1449 mercibus

153 1486 287 1535 baias
313 1484 573 1543 vocabant,
600 1483 681 1531 illa
706 1481 1038 1532 declinatione
1064 1498 1091 1530 a
1118 1481 1228 1530 baia
1248 1481 1401 1542 baias,
1427 1490 1480 1529 ut
1504 1498 1533 1528 a
1558 1480 1739 1530 familia
1760 1484 1893 1530 fami-

151 1569 252 1617 lias.
318 1566 457 1615 Litus
478 1575 550 1615 est
576 1575 701 1614 terra
724 1581 882 1627 aquae
908 1573 956 1612 et
982 1562 1101 1612 mari
1126 1562 1287 1612 vicina
1309 1582 1317 1611 :
1356 1573 1404 1611 et
1429 1562 1617 1612 dictum
1643 1564 1756 1611 litus
1778 1560 1893 1624 quia
1916 1578 1973 1624 41

152 1652 303 1699 fluctu
329 1649 537 1708 eliditur,
556 1649 632 1697 vel
659 1648 794 1710 quod
818 1663 947 1710 aqua
966 1645 1192 1695 adluitur.
1256 1645 1431 1696 Cicero
1457 1644 1508 1693 in
1533 1646 1735 1708 Topicis
1754 1644 1861 1709 (32)
1882 1663 1891 1692 ι

156 1737 167 1758 ‘
185 1732 323 1781 Litus
349 1740 422 1781 est
442 1747 539 1794 qua
564 1731 740 1778 fluctus
766 1727 950 1777 eludit.'
1022 1727 1412 1778 Circumluvium
1437 1729 1574 1776 locus
1592 1744 1741 1791 quem
1766 1743 1895 1790 aqua
1918 1742 1985 1788 42

80 1830 130 1857 20
154 1813 460 1874 circumluit3
494 1811 748 1861 adluvium
791 1809 1107 1873 consumptio
1147 1811 1359 1873 riparum
1399 1827 1456 1858 ex
1489 1809 1646 1873 aquis.
1718 1812 1894 1872 Margo

154 1905 226 1946 est
263 1912 372 1959 pars
398 1893 660 1943 cuiuslibet
696 1891 806 1952 loci,
835 1901 1010 1955 utputa
1037 1891 1181 1940 maris
1199 1910 1212 1953 3
1250 1893 1382 1941 unde
1407 1901 1455 1940 et
1480 1909 1665 1941 nomen
1688 1891 1891 1955 accepit.

153 1977 403 2027 Maritima
422 1974 560 2039 quasi
580 1974 726 2023 maris
752 1975 939 2022 intima.
1013 1975 1154 2023 Ostia
1178 1973 1241 2022 ab
1267 1973 1486 2037 ingressu
1513 1983 1561 2023 et
1586 1973 1716 2022 exitu
1741 1974 1896 2022 flumi-
1921 1990 1987 2037 43

153 2060 227 2108 nis
261 2061 393 2108 dicta
430 2057 480 2105 in
520 2055 655 2105 mari.
740 2054 1016 2105 Continens
1059 2065 1295 2119 perpetua
1338 2065 1463 2104 terra
1501 2073 1593 2105 nec
1636 2057 1736 2104 ullo
1777 2056 1896 2104 mari

0 2200 3 2204 V
152 2142 374 2201 discreta,
414 2156 562 2203 quem
600 2136 775 2187 Graeci
810 2137 999 2201 ἤπειρον
1034 2146 1224 2186 vocant.

0 2211 1 2221 ³
83 2237 128 2277 25
290 2226 372 2272 DE
410 2234 796 2270 INFERIORIBVS.
870 2221 1057 2283 Specus
1094 2229 1166 2268 est
1203 2221 1333 2268 fossa
1370 2220 1462 2269 sub
1497 2230 1621 2269 terra
1657 2237 1755 2283 qua
1791 2238 1895 2284 pro·
1925 2233 1985 2271 IX

158 2305 279 2370 spici
318 2313 508 2368 potest3
558 2304 772 2365 σπήλαια
813 2302 1015 2362 Graece,
1055 2304 1318 2366 speluncae
1367 2302 1556 2352 Latine.
1645 2303 1896 2366 Spiracula
1921 2317 1951 2351 2

157 2388 399 2452 appellata
437 2384 604 2435 omnia
642 2386 750 2432 loca
791 2383 1005 2447 pestiferi
1039 2383 1248 2447 spiritus,
1280 2401 1406 2447 quae
1443 2384 1619 2434 Graeci
1658 2387 1897 2449 Χαρώνεια

0 2465 49 2606 h
211 2524 230 2550 1
262 2525 333 2551 un.
358 2517 399 2550 et
426 2512 507 2550 nul.
533 2509 799 2549 KMNOPU
816 2509 920 2561 (non
940 2507 1038 2562 DF)
1205 2523 1229 2548 2
1260 2511 1458 2551 dicuntur
1489 2524 1586 2551 corr.
1614 2518 1823 2551 vocantur
1853 2513 1896 2550 D

158 2565 259 2617 (non
292 2567 345 2616 F>
458 2565 536 2605 Soli
563 2565 633 2604 K:
662 2566 754 2604 solo
784 2564 825 2602 Β
932 2563 1023 2603 ἄνευ
1043 2572 1110 2616 φρ.
1133 2564 1173 2604 id
1195 2571 1258 2604 est
1284 2580 1364 2605 om.
1390 2565 1435 2604 K
1613 2581 1638 2617 3
1669 2568 1820 2606 fricore
1852 2567 1898 2605 K

156 2634 263 2671 quae
297 2620 338 2658 Β
473 2626 620 2670 aperta
657 2619 694 2658 T
878 2633 903 2668 4
932 2626 1080 2670 operta
1115 2619 1282 2670 (oporta
1314 2621 1374 2673 B)
1407 2621 1520 2661 codd.
1661 2623 1823 2661 contria
1856 2623 1897 2660 Β

157 2687 182 2724 5
212 2675 344 2727 quod]
366 2676 463 2725 quia
483 2674 524 2713 Β
634 2687 719 2713 non
740 2687 793 2724 qo
815 2674 895 2714 lab.
918 2674 960 2712 in
981 2687 1063 2724 quo
1085 2673 1143 2711 Β1
1271 2677 1298 2713 6
1326 2676 1436 2714 stiva
1455 2676 1502 2714 K
1661 2691 1688 2727 9
1717 2677 1817 2715 licet
1836 2675 1895 2713 Β1

161 2743 210 2768 10
239 2731 332 2769 loca
362 2735 458 2768 sunt
497 2729 543 2767 K
650 2730 862 2768 extrinum
897 2729 965 2781 <ex
1000 2730 1242 2779 extrenum)
1276 2729 1322 2767 K
1498 2744 1542 2770 11
1575 2737 1657 2770 stat
1698 2732 1815 2770 navis
1853 2730 1902 2768 K

161 2797 210 2832 14
230 2783 339 2835 hib.]
355 2785 535 2823 adversa
555 2783 601 2821 K
686 2786 735 2821 16
754 2783 977 2823 declinatio
997 2784 1043 2822 K
1124 2790 1168 2822 ut
1189 2798 1213 2823 a
1229 2784 1313 2824 filia
1334 2785 1510 2824 familias
1526 2786 1571 2824 K
1683 2799 1729 2836 17
1756 2792 1895 2825 terrae

157 2838 204 2877 K
328 2851 409 2878 ma.
430 2839 555 2878 litora
573 2838 627 2879 vi.
651 2837 717 2877 K:
751 2851 830 2877 ma.
852 2838 1008 2876 vicinia
1031 2838 1068 2876 T
1229 2839 1277 2877 18
1308 2841 1457 2879 fluctus
1477 2841 1524 2878 K
1649 2842 1715 2879 vel
1737 2841 1837 2890 quia
1855 2839 1897 2877 Β

161 2906 211 2944 19
239 2893 339 2946 qua]
361 2907 468 2944 aqua
487 2892 529 2930 Β
546 2909 553 2932 :
585 2906 693 2942 aqua
713 2905 795 2941 qua
814 2892 860 2930 K
876 2908 885 2932 ε
914 2906 1024 2942 quae
1045 2906 1094 2931 ex
1110 2906 1246 2944 aquae
1273 2892 1310 2931 T
1494 2895 1626 2933 eludit
1645 2909 1693 2933 ex
1711 2895 1830 2934 elidit
1851 2899 1899 2934 ut

159 2947 238 2988 vid.
269 2948 306 2987 T
409 2949 545 2987 locum
565 2948 677 2997 quod
697 2946 743 2984 K
849 2961 901 2987 20
921 2948 996 3000 ex]
1019 2948 1060 2987 in
1083 2947 1130 2985 K
1235 2961 1283 2987 21
1308 2949 1370 3000 et]
1391 2950 1459 2989 vel
1488 2949 1525 2987 T
1630 2963 1681 2989 22
1704 2951 1897 2990 ssuminas

160 3001 216 3039 Β1
355 3015 407 3053 23
435 3002 574 3054 cont.]
594 3002 802 3042 confinies
822 3001 868 3040 K
1002 3014 1053 3052 25
1084 3003 1269 3054 perspici
1289 3003 1378 3042 ΒΚ
1513 3005 1566 3042 26
1594 3005 1797 3054 spelunea
1819 3004 1899 3045 CK

162 3070 211 3107 27
241 3057 389 3107 spiritu
410 3070 459 3096 ex
476 3061 563 3096 -tus
590 3057 627 3096 T
717 3070 842 3106 quem
863 3056 908 3095 K
927 3072 935 3096 ε
965 3070 1086 3108 quam
1114 3057 1151 3096 T
1200 3086 1206 3099 .
1230 3059 1403 3109 paronia
1424 3057 1503 3097 BC
1509 3058 1546 3096 T
1562 3072 1571 3098 :
1602 3072 1829 3109 paroneam
1854 3059 1899 3098 K
