2228 3444
423 144 1053 194 ETYMOLOGIARVM
1094 147 1222 194 LIB.
1264 148 1382 195 VII.
1424 146 1601 196 xii—xiv

142 276 367 333 ostendit,
411 276 472 323 de
511 276 744 323 unctione
784 276 1056 334 deducitur,
1100 276 1198 325 sive
1238 278 1300 325 de
1343 277 1545 326 nomine
1582 281 1793 327 auctoris
1831 289 1879 328 et

141 356 382 407 creatoris.
455 358 500 403 A
531 355 728 405 Christo
762 356 890 404 enim
923 356 1189 406 Christiani
1227 367 1340 407 sunt
1373 359 1721 422 cognominati,
1755 363 1880 410 sicut

139 455 168 486 a
194 439 319 487 Iuda
345 437 530 486 Iudaei.
596 439 673 486 De
698 437 912 502 magistri
937 440 1120 502 quippe
1144 440 1347 489 nomine
1372 457 1650 504 cognomen
1676 452 1878 492 sectato-

139 519 271 568 ribus
296 521 466 568 datum
493 528 579 568 est.
635 519 900 569 Christiani
924 530 1089 569 autem
1116 521 1232 570 olim
1258 539 1287 570 a
1314 522 1512 571 Iudaeis
1539 523 1678 587 quasi
1704 541 1878 588 oppro-
1900 543 1930 577 2

92 620 113 658 5
138 601 244 650 brio
270 601 505 650 Nazaraei
530 602 843 662 vocabantur,
876 619 965 666 pro
1001 620 1061 652 eo
1088 605 1223 667 quod
1251 603 1497 653 Dominus
1529 615 1697 655 noster
1728 616 1876 670 atque

138 684 357 731 Salvator
381 700 409 730 a
429 684 537 731 vico
557 685 773 746 quodam
797 684 1014 733 Galileae
1037 687 1083 733 N
1087 702 1313 735 azaraeus
1334 685 1393 734 sit
1413 689 1701 750 appellatus.
1759 691 1874 737 Non
1899 709 1929 755 3

138 781 189 813 se
213 774 377 813 autem
411 764 640 827 glorietur
667 765 1015 826 Christianum,
1044 769 1127 830 qui
1161 785 1343 817 nomen
1375 769 1524 818 habet
1550 779 1598 818 et
1623 772 1751 819 facta
1775 787 1877 821 non

138 847 299 895 habet.
372 846 470 894 Vbi
502 856 666 896 autem
703 865 884 897 nomen
918 859 1142 898 secutum
1169 851 1311 899 fuerit
1335 869 1475 915 opus,
1503 852 1772 902 certissime
1798 853 1878 902 ille

137 937 210 977 est
237 927 554 988 Christianus,
588 928 703 992 quia
735 946 786 978 se
819 930 956 979 factis
991 932 1207 981 ostendit
1234 933 1584 994 Christianum,
1617 936 1877 985 ambulans

66 1025 115 1052 10
137 1008 260 1057 sicut
308 1018 356 1057 et
398 1011 477 1058 ille
523 1010 794 1059 ambulavit
830 1029 858 1060 a
896 1030 995 1075 quo
1039 1023 1085 1062 et
1127 1030 1312 1063 nomen
1360 1015 1516 1063 traxit.
1590 1017 1877 1067 Catholicus
1901 1031 1934 1078 4

136 1089 418 1138 universalis
443 1093 543 1139 sive
567 1093 804 1155 generalis
830 1095 1184 1158 interpretatur.
1248 1098 1379 1145 Nam
1404 1097 1582 1147 Graeci
1607 1100 1879 1149 universale

136 1172 382 1222 καθολικόν
407 1182 598 1222 vocant.
673 1175 989 1225 Orthodoxus
1027 1187 1097 1226 est
1134 1187 1264 1227 recte
1301 1180 1519 1240 credens,
1550 1189 1598 1229 et
1634 1189 1687 1229 ut
1723 1182 1877 1231 credit
1901 1194 1930 1243 5

137 1252 315 1320 [recte]
340 1254 520 1303 vivens.
595 1255 767 1320 Ὀρθῶς
796 1257 926 1306 enim
959 1260 1148 1308 Graece
1186 1269 1316 1309 recte
1351 1262 1541 1320 dicitur,
1579 1262 1690 1319 δόξα
1725 1262 1878 1326 gloria

136 1346 207 1384 est
229 1354 237 1383 :
274 1338 369 1383 hoc
395 1345 466 1384 est
486 1338 555 1384 vir
581 1347 740 1387 rectae
765 1340 957 1402 gloriae.
1022 1343 1138 1403 Quo
1164 1341 1365 1391 nomine
1389 1359 1490 1392 non
1517 1353 1678 1406 potest
1698 1344 1875 1404 vocari,

64 1433 108 1473 15
135 1417 218 1480 qui
238 1417 375 1466 aliter
394 1418 510 1467 vivit
529 1436 677 1482 quam
699 1422 866 1470 credit.
922 1424 969 1470 N
974 1424 1214 1487 eophytus
1237 1425 1438 1484 Graece,
1461 1425 1633 1474 Latine
1655 1427 1875 1475 novellus
1899 1434 1934 1481 6

134 1508 181 1547 et
207 1499 339 1547 rudis
367 1499 536 1560 fidelis,
567 1503 641 1549 vel
667 1519 823 1566 nuper
848 1514 1042 1553 renatus
1069 1504 1372 1569 interpretari
1397 1516 1572 1570 potest.
1635 1507 1876 1557 Catechu-
1898 1528 1927 1578 7

135 1596 308 1629 menus
328 1580 488 1630 dictus
509 1599 597 1645 pro
617 1599 692 1642 eo,
715 1586 849 1646 quod
869 1587 1032 1634 adhuc
1053 1587 1328 1635 doctrinam
1350 1589 1464 1637 fidei
1484 1589 1635 1648 audit,
1659 1591 1873 1639 necdum

135 1670 299 1709 tamen
331 1662 632 1726 baptismum
667 1665 863 1728 recepit.
938 1669 1067 1715 Nam
1101 1672 1440 1734 κατηχούμενος
1466 1672 1652 1720 Graece
1680 1671 1875 1721 auditor
1936 1663 1940 1666 ’

134 1741 487 1806 interpretatur.
540 1745 825 1808 Conpetens
846 1758 1060 1809 vocatus,
1084 1750 1198 1813 quia
1223 1761 1333 1814 post
1359 1751 1732 1803 instructionem
1760 1755 1875 1803 fidei
1901 1757 1930 1803 8

61 1840 110 1867 20
133 1824 352 1886 conpetit
375 1825 578 1887 gratiam
601 1827 781 1877 Christi
800 1847 812 1888 3
848 1828 963 1878 inde
990 1840 1038 1879 et
1062 1847 1088 1879 a
1114 1834 1331 1894 petendo
1357 1843 1677 1897 conpetentes
1698 1835 1871 1884 vocati.

134 1906 310 1954 Laicus
347 1907 609 1969 popularis.
681 1912 806 1961 Λαός
842 1913 974 1959 enim
1004 1914 1194 1963 Graece
1230 1917 1442 1978 populus
1472 1915 1662 1965 dicitur.
1736 1921 1875 1967 Pros-
1899 1934 1948 1982 9,
1977 1935 2036 1970 10

131 1989 301 2049 clytus,
341 1990 391 2036 1d
439 1999 511 2037 est
558 1992 749 2040 advena
785 2002 833 2040 et
869 1993 1184 2044 circumcisus
1223 1996 1306 2059 qui
1355 1997 1652 2047 miscebatur
1687 2002 1874 2064 populo

133 2071 241 2130 Dei,
271 2072 516 2119 Graecum
542 2082 631 2122 est.

192 2213 207 2237 1
243 2201 358 2252 ded.]
381 2201 533 2242 dicitur
553 2201 641 2240 ΒΚ
858 2220 881 2254 4
912 2207 964 2245 ol.
989 2207 1102 2246 iudei
1125 2208 1170 2246 K
1412 2224 1481 2261 qu.
1507 2212 1562 2250 ob
1584 2213 1813 2264 obproprio
1834 2216 1876 2254 B

133 2269 154 2305 7
187 2255 341 2294 facturn
365 2255 443 2293 CK
550 2270 576 2306 9
606 2264 670 2297 est
690 2272 772 2300 om.
794 2259 839 2297 K
859 2275 867 2299 :
890 2267 987 2311 post
1005 2263 1103 2301 Chr.
1125 2263 1167 2301 Β
1277 2268 1475 2306 ostendet
1496 2266 1585 2304 KT
1733 2281 1777 2307 11
1810 2284 1871 2320 gr.

132 2310 413 2348 universalem
452 2310 510 2351 C:
540 2325 666 2360 grece
688 2315 884 2354 universe
912 2316 949 2354 T
1221 2332 1267 2368 13
1298 2326 1414 2359 recte
1435 2321 1527 2361 hab.
1550 2321 1653 2361 CK:
1687 2337 1769 2365 om.
1792 2325 1879 2363 BT

132 2365 254 2403 ortho
276 2364 376 2415 (-to)
397 2366 505 2405 codd.
622 2369 735 2407 doxo
757 2369 867 2409 codd.
981 2372 1141 2421 gloriae
1165 2374 1259 2426 (-ie)
1281 2375 1393 2416 codd.
1590 2378 1638 2415 16
1668 2377 1732 2429 et]
1754 2387 1818 2420 est
1842 2381 1877 2419 C

137 2431 182 2468 17
215 2419 351 2458 dictus
374 2418 472 2459 CT:
502 2421 652 2461 dicitur
670 2422 758 2461 ΒΚ
884 2427 1012 2466 audet
1032 2426 1078 2464 K
1243 2430 1291 2467 18
1322 2430 1470 2480 recipit
1493 2431 1534 2468 B
1554 2446 1562 2470 :
1593 2440 1796 2484 percepet
1819 2435 1870 2474 Cl

133 2473 296 2512 Graece
316 2484 397 2514 om.
419 2474 465 2512 K
486 2476 586 2528 (non
607 2477 670 2527 A)
844 2492 892 2530 19
921 2481 999 2522 int.
1017 2482 1085 2520 vel
1107 2482 1337 2524 instructus
1359 2484 1404 2522 K
1424 2486 1526 2537 (non
1545 2487 1606 2539 D)
1759 2489 1868 2528 Con-

131 2534 331 2578 petentes
351 2536 556 2570 vocantur
573 2532 645 2581 qui
665 2532 711 2570 K
872 2548 925 2574 20
956 2543 1158 2588 conpetet
1186 2537 1245 2577 T:
1276 2545 1508 2590 conpetunt
1529 2541 1575 2579 K
1695 2545 1807 2583 unde
1830 2546 1870 2582 Β

132 2589 364 2632 conpetens
393 2583 430 2621 T
560 2593 768 2626 vocantur
788 2588 833 2626 K
