2176 3424
1054 113 1327 161 ISIDORI

229 243 290 288 61
313 243 527 292 nascitur
545 263 558 305 3
593 246 727 294 unde
746 252 794 293 et
812 241 1115 292 absinthium
1134 241 1397 290 Ponticum
1414 240 1711 290 nominatur.
1761 243 2057 304 Symphytos

313 326 504 375 Graece
539 325 701 375 dictus
732 342 793 375 eo
832 325 969 387 quod
1002 333 1190 372 tantam
1227 323 1278 372 in
1313 323 1479 373 radice
1520 323 1748 373 virtutem
1788 324 1967 372 habeat
2007 331 2060 371 ut

222 417 291 464 62
314 408 466 456 frusta
489 407 647 456 carnis
672 409 904 470 adsparsa
929 405 979 453 in
1009 405 1226 454 caccabo
1255 407 1494 468 coagulet.
1568 405 1879 470 Polypodion
1909 405 2062 454 herba

314 489 453 538 cuius
489 489 624 538 radix
661 490 787 537 hirta
823 497 973 551 atque
1009 487 1194 546 crinita,
1234 496 1288 535 ut
1324 496 1396 536 est
1433 489 1641 551 polypus
1660 506 1673 549 3
1709 505 1766 537 ex
1804 505 1904 550 quo
1941 488 2063 536 deri-

313 579 481 619 vatum
501 579 644 620 estut
663 568 970 634 polypodion
990 570 1245 618 diceretur.
1304 568 1535 617 Nascitur
1550 568 1599 616 in
1621 568 1800 618 teneris
1816 578 2062 632 petrarum
2087 585 2109 625 5

221 653 291 713 63
315 651 465 711 terris,
495 651 595 700 sive
626 649 818 714 quercis
843 648 1031 698 vicinis.
1103 648 1269 698 Polios
1299 665 1328 697 a
1354 648 1585 710 Graeci33
1621 666 1650 697 a
1675 649 1863 697 Latinis
1905 648 2061 697 omni—

315 732 518 792 morbia,
548 734 685 796 quod
710 730 875 780 multis
902 729 1087 779 morbis
1117 729 1388 778 subveniat.
1464 729 1693 779 Nascitur
1726 730 1777 778 in
1811 729 2063 779 montibus

222 824 294 884 64
316 824 364 863 et
389 813 522 863 duris
548 815 682 863 locis.
734 813 1065 872 Scammonia,
1083 828 1232 874 quam
1261 810 1423 859 Latini
1443 813 1682 861 acridium
1702 822 1894 872 vocant,
1914 813 2066 861 herba

316 896 418 943 suci
446 897 605 958 plena,
632 897 769 959 quod
805 893 1048 957 colligitur
1073 894 1165 942 sub
1202 902 1372 942 cavata
1407 893 1599 943 radice:
1637 894 1855 957 denique
1889 903 2065 943 terram

315 979 528 1027 rotunda
551 977 760 1027 cavitate
780 976 989 1036 fodiunt,
1018 985 1123 1024 tum
1157 975 1424 1038 suppositis
1453 985 1537 1024 aut
1563 977 1778 1026 cochleis
1817 986 1902 1025 aut
1926 977 2066 1026 nucis
2095 991 2144 1018 10

315 1059 443 1109 foliis
482 1059 719 1123 excipitur
758 1076 903 1107 sucus
946 1067 1095 1121 atque
1135 1057 1345 1106 siccatus
1387 1059 1615 1106 aufertur.
1699 1058 1850 1107 Venit
1899 1068 2065 1108 autem

317 1140 510 1204 saepius
537 1140 841 1204 probabilius
863 1158 920 1189 ex
947 1139 1108 1202 Mysia
1134 1139 1310 1188 Asiae:
1349 1139 1463 1187 huic
1497 1139 1738 1189 contraria
1767 1149 1915 1204 atque
1949 1143 2068 1190 falsa

230 1230 297 1287 65
318 1241 377 1272 ex
425 1222 562 1286 Syria
600 1225 677 1272 vel
723 1224 924 1271 Iudaea.
999 1224 1214 1281 Daucos,
1259 1220 1386 1269 foliis
1435 1221 1634 1270 feniculi
1683 1221 1853 1270 similis
1901 1224 2067 1285 thyrso

319 1303 563 1367 bipalmis.
625 1304 879 1354 Citocacia
903 1312 1076 1352 vocata
1094 1304 1230 1366 quod
1257 1311 1476 1351 ventrem
1503 1302 1600 1352 cito
1626 1305 1864 1367 depurgat
1877 1322 1889 1366 3
1916 1321 2065 1367 quarn

222 1385 297 1431 66
320 1386 492 1448 vulgus
522 1395 750 1448 corrupte
776 1384 1069 1434 citocociam
1095 1393 1287 1432 vocant.
1316 1422 1318 1424 .
1364 1387 1533 1448 Lappa
1558 1384 1690 1433 dicta
1715 1387 1851 1448 quod
1885 1386 2066 1435 habeat
2097 1410 2142 1451 15

228 1468 296 1527 67
319 1468 511 1515 caulem
537 1466 787 1530 ingentem
814 1484 900 1530 per
925 1476 1102 1515 terram
1123 1465 1430 1528 dispositam.
1483 1468 1626 1515 Haec
1652 1467 1804 1516 herba
1823 1484 1851 1515 a
1868 1469 2069 1517 Graecis

321 1551 652 1612 φιλάνθρωπος
690 1558 905 1608 vocatur,
950 1550 1086 1611 quod
1134 1548 1353 1597 vestibus
1400 1547 1659 1596 hominum
1708 1550 1957 1598 inhaereat
2005 1549 2070 1598 ob

318 1633 633 1695 asperitatem
682 1630 769 1679 sui.
859 1629 1089 1679 Nascitur
1127 1629 1259 1678 iuxta
1301 1646 1480 1678 muros.
1569 1629 1817 1694 Capillum
1864 1631 2071 1679 Veneris

320 1722 551 1763 vocatum
578 1712 679 1762 sive
703 1714 841 1776 quod
867 1714 1061 1775 elapsos
1089 1721 1200 1775 post
1236 1710 1512 1774 alopeciam
1538 1711 1741 1775 capillos
1768 1722 1966 1772 recreat,
1995 1715 2070 1762 vel

321 1796 459 1858 quod
496 1794 785 1859 capillorum
826 1795 1003 1842 fluores
1046 1801 1254 1852 coercet,
1294 1794 1372 1841 vel
1411 1794 1548 1856 quod
1587 1793 1647 1843 sit
1686 1793 1882 1857 virgulis
1923 1793 2070 1857 nigris
2099 1818 2148 1846 20

322 1876 517 1927 lenibus
544 1894 658 1926 cum
684 1877 948 1939 splendore
973 1874 1113 1937 quasi
1139 1874 1317 1937 capilli.
1389 1875 1619 1924 Nascitur
1644 1875 1694 1923 in
1711 1875 1910 1939 aquosis
1936 1877 2071 1924 locis.

229 1957 298 2004 68
325 1959 492 2008 Rubia
517 1958 651 2008 dicta
674 1959 812 2022 quod
845 1956 980 2006 radix
1005 1957 1109 2005 eius
1142 1958 1203 2004 sit
1236 1956 1382 2005 rubra
1401 1975 1414 2018 3
1452 1958 1585 2006 unde
1621 1967 1670 2006 et
1694 1959 1914 2007 colorare
1938 1959 2073 2006 lanas

226 2044 301 2103 69
325 2041 623 2104 perhibetur.
695 2040 944 2098 Anchusa,
978 2037 1117 2086 cuius
1154 2037 1290 2087 radix
1322 2039 1532 2087 contrita
1567 2037 1747 2103 digitos
1781 2039 1963 2088 inficit:
2002 2050 2075 2088 est

326 2122 458 2172 enim
499 2124 665 2171 colore
702 2120 989 2184 sanguineo,
1029 2121 1163 2168 unde
1202 2119 1349 2168 etiam
1391 2119 1662 2183 pictoribus
1704 2123 1768 2170 ad
1809 2138 2073 2185 purpuram

234 2213 301 2263 70
327 2204 639 2253 efficiendam
688 2202 798 2251 usui
846 2212 931 2250 est.
1020 2201 1374 2261 Chamaeleon,
1423 2219 1550 2264 quae
1605 2201 1779 2251 Latine
1826 2202 2074 2267 viscarago
2101 2225 2149 2266 25

326 2294 528 2335 vocatur
553 2302 612 2334 eo
637 2285 773 2348 quod
799 2283 987 2333 viscum
1011 2282 1178 2346 gignat
1199 2300 1213 2343 3
1236 2282 1287 2330 in
1312 2299 1412 2346 quo
1438 2285 1638 2333 haerent
1662 2300 1790 2344 aves,
1819 2301 1945 2348 quae
1970 2303 2077 2349 pro-

386 2427 403 2452 1
429 2414 657 2452 absintium
674 2413 718 2451 D
736 2427 744 2453 :
765 2412 1001 2452 absentium
1019 2411 1108 2450 KT
1160 2412 1390 2462 Semputus
1405 2414 1475 2452 K:
1498 2414 1714 2464 Simpatus
1729 2414 1860 2454 DTU
1939 2429 1963 2454 2
1985 2421 2077 2455 tan-

328 2475 415 2508 turn
431 2469 522 2507 DK
607 2482 632 2517 3
663 2468 816 2507 frustra
831 2467 944 2508 codd.
1003 2480 1153 2507 earnes
1168 2467 1234 2507 K:
1258 2468 1450 2508 carnibus
1474 2468 1511 2506 T
1558 2481 1738 2508 caccavo
1755 2470 1801 2508 K
1817 2484 1826 2509 :
1846 2471 2025 2510 coccabo
2047 2471 2085 2510 T

329 2527 355 2563 6
385 2531 525 2563 terrae
549 2523 654 2574 (me)
677 2522 775 2561 ΚΜ
863 2522 1064 2572 querquis
1084 2522 1236 2561 DTU:
1267 2535 1348 2571 que
1368 2523 1466 2562 ΚΜ
1482 2523 1583 2575 (pro
1603 2526 1783 2576 aquaett)
1922 2527 1948 2563 8
1978 2525 2075 2564 Sca-

328 2579 470 2618 monia
490 2578 603 2617 DK:
635 2578 864 2616 Scamunia
892 2577 929 2616 T
1050 2577 1244 2625 agridion
1265 2577 1335 2616 K:
1363 2578 1572 2627 agridium
1594 2578 1637 2615 D
1783 2592 1810 2629 9
1838 2581 1948 2628 quod
1968 2579 2076 2619 DT:

329 2647 436 2684 quae
455 2633 502 2671 K
601 2638 714 2671 terra
734 2633 780 2671 K
892 2644 942 2670 10
972 2632 1198 2670 rotundam
1215 2631 1306 2670 DT
1383 2639 1467 2671 tam
1489 2633 1533 2670 D
1551 2646 1559 2670 :
1587 2638 1686 2672 tunc
1704 2633 1750 2671 K
1857 2635 2077 2674 conchulis

329 2687 542 2739 (conchis)
565 2686 763 2726 Schwarz
917 2698 963 2724 11
995 2685 1175 2726 siccatur
1193 2686 1407 2726 auferetur
1425 2686 1469 2724 D
1593 2687 1761 2726 venitur
1779 2688 1825 2727 K
1842 2703 1851 2728 :
1878 2689 2077 2728 veniatD

333 2757 383 2782 12
413 2741 641 2794 probabilis
661 2741 705 2779 D
969 2740 1101 2780 Asiae
1125 2754 1208 2779 om.
1238 2740 1276 2779 T
1527 2743 1762 2781 contrarius
1781 2756 1819 2782 a.
1840 2743 1972 2783 falsus
1991 2742 2081 2782 DT

334 2810 382 2848 13
415 2798 587 2847 Daucus
607 2796 699 2835 DK
915 2795 1109 2835 feniculis
1127 2795 1174 2834 K
1394 2795 1497 2835 tirso
1516 2796 1556 2835 b.
1577 2797 1622 2835 K
1629 2796 1666 2835 T
1673 2811 1682 2836 :
1715 2797 2014 2848 tirsubipalmis
2032 2799 2077 2836 D

334 2865 382 2901 14
413 2851 670 2891 Citocacium
693 2851 737 2890 K
755 2865 764 2890 :
794 2851 1001 2890 Citocatia
1019 2849 1063 2888 D
1231 2861 1280 2899 15
1309 2850 1544 2890 viticociam
1565 2851 1612 2889 K
1730 2852 1840 2891 Fort.
1862 2852 2077 2892 Citococia

331 2907 412 2957 (vel
429 2906 552 2957 -ium)
575 2935 585 2945 .
607 2935 615 2943 .
638 2936 646 2944 .
668 2905 914 2945 citocaciam
1089 2918 1139 2955 19
1169 2906 1366 2955 delapsos
1392 2904 1448 2945 T:
1480 2905 1651 2956 elapsus
1670 2906 1714 2944 D
1852 2906 2076 2956 alapotiam

334 2961 402 3006 <ex
423 2960 550 3010 ssap.)
573 2960 617 2998 D
780 2972 832 2998 22
865 2960 1015 2999 Rubea
1033 2961 1079 2999 K
1234 2971 1286 3008 23
1317 2960 1490 2999 Ancusa
1509 2959 1622 3000 codd.
1786 2973 1837 3011 25
1866 2974 1969 3000 usus
1987 2962 2079 3000 DK

332 3015 562 3056 Cameleon
582 3013 694 3055 codd.
790 3027 913 3065 quam
932 3015 978 3054 D
1067 3026 1297 3063 vascarago
1322 3013 1380 3054 T:
1410 3026 1586 3054 vascaro
1606 3014 1653 3054 K
1669 3028 1679 3054 :
1707 3025 1937 3065 vascarogo
1952 3015 1997 3054 D

2166 3350 2176 3424 ..ι-ει
