2176 3424
470 125 1103 174 ETYMOLOGIARVM
1146 126 1272 173 LIB.
1316 126 1463 173 VIII.
1506 125 1632 172 ix-xi

175 272 288 304 vero
345 254 618 304 Mercurius
675 253 859 316 primus
916 253 1093 302 dicitur
1160 254 1417 302 invenisse.
1491 253 1693 302 Dictum
1753 264 1919 303 autem

175 337 500 400 praestigium,
537 337 673 399 quod
711 337 1029 399 praestringat
1059 335 1215 384 aciem
1251 337 1522 384 oculorum.
1596 335 1921 398 Aruspicinae
1943 349 2007 395 34

173 428 327 468 artem
353 418 538 482 primus
573 419 792 466 Etruscis
826 417 1084 466 tradidisse
1115 417 1293 466 dicitur
1326 417 1528 480 quidam
1567 419 1742 479 Tages,
1819 417 1920 465 Hic

174 519 231 551 ex
258 500 419 555 †oris†
451 499 779 563 aruspicinam
813 499 1027 558 dictavit,
1057 509 1104 548 et
1135 509 1307 562 postea
1340 516 1442 547 non
1467 498 1707 562 apparuit.
1783 501 1916 546 Nam
1943 508 2007 556 35

126 597 147 635 5
174 582 349 632 dicitur
381 583 621 641 fabulose,
644 591 812 631 arante
848 582 1066 643 quodam
1104 580 1299 641 rustico,
1329 580 1494 629 subito
1519 582 1653 629 hunc
1679 597 1737 629 ex
1762 580 1919 643 glebis

172 665 395 715 exiluisse
422 675 468 714 et
493 665 818 728 aruspicinam
845 664 1069 723 dictasse,
1090 681 1186 726 qua
1212 663 1292 713 die
1317 672 1364 712 et
1390 672 1612 712 mortuus
1639 672 1725 711 est.
1778 664 1919 724 Quos

172 749 320 797 libros
349 748 562 797 Romani
588 765 645 796 ex
671 751 834 796 Tusca
859 746 1024 810 lingua
1049 748 1097 794 in
1125 746 1370 810 propriam
1397 755 1721 795 mutaverunt.

308 835 389 880 DE
436 846 669 880 PAGANIS.
743 829 926 893 Pagani
969 846 1026 877 ex
1074 829 1208 892 pagis
1247 828 1628 877 Atheniensium
1663 827 1800 889 dicti,
1834 827 1918 877 ubi
1943 842 1983 880 X

173 914 324 963 exorti
350 923 474 962 sunt.
533 912 612 961 Ibi
637 912 769 961 enim
796 911 846 959 in
872 911 991 959 locis
1017 911 1288 974 agrestibus
1315 920 1362 959 et
1387 912 1522 974 pagis
1548 910 1755 973 gentiles
1781 911 1919 959 lucos

100 1010 149 1039 10
174 998 402 1058 idolaque
439 1003 728 1054 statuerunt,
770 1003 818 1042 et
853 1010 882 1041 a
918 993 1001 1040 tali
1037 992 1176 1040 initio
1213 993 1511 1041 vocabulum
1549 992 1727 1055 pagani
1764 991 1919 1040 sortiti

173 1088 300 1126 sunt.
350 1077 572 1127 Gentiles
599 1085 712 1124 sunt
737 1074 822 1138 qui
849 1074 953 1123 sine
978 1076 1084 1137 lege
1110 1084 1242 1134 sunt,
1261 1083 1308 1123 et
1334 1075 1559 1123 nondum
1586 1073 1916 1122 crediderunt.
1942 1089 1971 1123 2

174 1159 306 1208 Dicti
331 1168 495 1208 autem
522 1159 745 1221 gentiles,
761 1156 875 1220 quia
901 1156 966 1204 ita
993 1165 1105 1204 sunt
1131 1165 1183 1205 ut
1209 1158 1406 1205 fuerunt
1425 1156 1594 1220 geniti,
1612 1158 1661 1204 id
1688 1165 1778 1216 est,
1795 1156 1919 1206 sicut

172 1244 221 1290 in
247 1259 391 1290 carne
417 1242 781 1290 descenderunt
815 1239 906 1287 sub
941 1247 1164 1301 peccato,
1190 1238 1375 1287 scilicet
1409 1238 1554 1287 idolis
1581 1237 1845 1287 servientes
1872 1248 1919 1287 et

171 1326 386 1374 necdum
423 1322 704 1387 regenerati.
781 1320 995 1370 Proinde
1031 1320 1236 1383 gentiles
1273 1320 1497 1384 primitus
1540 1330 1970 1386 nuncupanturz3

32 1419 36 1434 ’
99 1421 144 1462 15
171 1405 262 1468 ipsi
288 1405 518 1454 dicuntur
543 1406 732 1453 Graece
768 1401 984 1451 Ethnici.
1059 1402 1258 1450 Ethnici
1288 1418 1346 1450 ex
1381 1404 1572 1451 Graeco
1607 1402 1656 1449 in
1685 1401 1917 1451 Latinum

170 1487 546 1550 interpretantur
570 1484 789 1548 gentiles,
843 1483 1012 1536 ’Έθνος
1036 1483 1167 1532 enirn
1187 1485 1375 1532 Graece
1400 1501 1519 1547 gens
1545 1484 1737 1533 dicitur.
1800 1488 1917 1534 Post
1938 1506 1970 1552 4

171 1570 318 1617 fidem
345 1577 509 1617 autem
536 1585 638 1615 non
664 1567 846 1615 debere
873 1567 1034 1614 vocari
1062 1575 1231 1628 gentes
1259 1565 1359 1614 sive
1390 1567 1596 1629 gentiles
1627 1582 1710 1614 eos
1745 1566 1829 1628 qui
1860 1584 1918 1615 ex

168 1649 394 1713 gentibus
415 1650 622 1699 credunt
642 1667 653 1708 3
688 1648 813 1696 sicut
833 1656 944 1711 post
966 1648 1115 1696 fidem
1137 1647 1234 1696 dici
1255 1647 1350 1695 iam
1373 1664 1474 1695 non
1496 1656 1657 1710 potest
1685 1650 1920 1709 IudaeuS,

169 1740 378 1780 testante
396 1733 550 1780 Paulo
571 1731 812 1793 Apostolo
829 1737 876 1777 et
894 1728 1091 1778 dicente
1109 1729 1203 1777 iam
1233 1728 1585 1794 Christianis(1
1608 1730 1719 1780 Cor.
1750 1748 1766 1778 1
1781 1749 1823 1790 2,
1838 1731 1884 1795 2)
1908 1751 1916 1779 ε

98 1816 179 1857 20⁶
202 1812 452 1874 Quoniam
491 1831 603 1861 cum
640 1820 810 1875 gentes
848 1810 1048 1870 essetiS,'
1086 1812 1181 1859 hoc
1218 1820 1306 1871 est,
1337 1810 1573 1859 infideles.
1646 1814 1918 1874 Apostatae
1940 1828 1970 1877 5

167 1894 414 1954 dicuntur,
439 1893 522 1957 qui
556 1902 667 1957 post
700 1892 1001 1955 baptismum
1037 1892 1222 1942 Christi
1256 1902 1539 1957 susceptum
1573 1895 1636 1942 ad
1671 1893 1917 1943 idolorum

168 1978 355 2024 cultum
412 1986 459 2024 et
507 1974 856 2023 sacrificiorum
907 1974 1381 2024 contaminationem
1435 1984 1753 2026 revertuntur.
1830 1980 1918 2027 Est

166 2067 330 2106 autem
357 2074 541 2106 nomen
567 2058 828 2105 Graecum.

305 2141 386 2186 DE
420 2153 523 2186 D11s
557 2153 812 2186 GENTIVM.
887 2139 1027 2199 Quos
1060 2137 1235 2201 pagani
1269 2139 1390 2187 deos
1422 2150 1663 2200 asserunt,
1688 2141 1915 2191 homines
1940 2155 1999 2194 XI

95 2240 142 2279 25
167 2222 285 2269 olim
311 2220 459 2268 fuisse
484 2221 775 2282 produntur,
791 2228 838 2267 et
864 2235 951 2281 pro
978 2219 1365 2282 uniuscuiusque
1385 2219 1483 2268 vita
1507 2222 1584 2269 vel
1609 2222 1793 2271 meritis
1819 2224 1915 2272 coli

167 2304 300 2366 apud
343 2319 458 2350 suos
500 2311 611 2365 post
660 2311 867 2350 mortem
905 2310 1192 2364 coeperunt,
1226 2311 1278 2350 ut
1314 2303 1447 2365 apud
1486 2305 1764 2366 Aegyptum
1806 2305 1916 2366 Isis,

224 2446 247 2470 2
279 2431 504 2482 prestingit
533 2431 569 2469 T
699 2431 814 2469 acies
838 2431 913 2470 CT
1044 2431 1300 2480 Aruspiciae
1322 2431 1367 2469 K
1473 2445 1498 2481 3
1529 2446 1586 2473 ar.
1609 2439 1750 2472 autem
1774 2447 1834 2484 pr.
1862 2435 1912 2473 Cl

168 2488 300 2537 tragis
322 2486 393 2526 K:
415 2492 559 2535 stages
579 2486 688 2525 BT:
717 2492 859 2534 targes
882 2486 933 2523 C1
1019 2499 1043 2534 4
1075 2499 1127 2524 ex
1150 2486 1264 2525 horis
1288 2486 1347 2525 C:
1366 2489 1567 2525 exoriens
1586 2488 1711 2527 Arev.
1735 2503 1743 2527 :
1765 2502 1820 2527 ex
1839 2503 1913 2528 ore

168 2543 260 2582 alii:
284 2547 458 2580 exortus
471 2541 546 2579 alii
637 2552 661 2589 5
683 2546 870 2579 arantem
887 2540 955 2578 K:
978 2546 1099 2579 rante
1116 2540 1166 2578 C1
1220 2561 1228 2569 ·
1252 2554 1306 2579 ex
1323 2541 1399 2592 gL]
1420 2542 1574 2580 exilebi
1599 2542 1636 2580 T
1741 2545 1765 2581 8
1786 2544 1911 2595 Ath.]

169 2597 369 2636 ethenien
399 2597 439 2635 T
596 2596 676 2634 dic.
701 2595 770 2633 ubi
791 2595 872 2633 orti
893 2595 934 2632 Β
955 2609 964 2634 :
994 2595 1073 2634 dic.
1098 2596 1180 2633 orti
1203 2594 1248 2632 K
1266 2596 1368 2644 (non
1388 2595 1450 2647 A)
1636 2611 1662 2646 9
1683 2598 1740 2636 ibi
1762 2611 1846 2638 om.
1870 2597 1915 2635 K

170 2652 274 2698 (non
295 2650 359 2701 A)
481 2651 593 2688 enim
615 2663 696 2688 om.
721 2649 762 2687 Β
814 2686 819 2692 ,
870 2656 910 2688 et
932 2650 1075 2699 opacis
1096 2650 1164 2688 ubi
1185 2656 1300 2699 gent.
1326 2649 1371 2686 K
1389 2650 1492 2701 (non
1512 2651 1576 2696 A)
1712 2665 1761 2690 10
1781 2666 1805 2691 a
1825 2666 1905 2692 om.

170 2705 214 2743 K
234 2708 334 2757 (non
357 2705 418 2755 A)
532 2717 621 2743 voc.
644 2717 726 2743 om.
749 2703 794 2741 K
811 2702 914 2752 (non
934 2704 998 2751 A)
1115 2717 1158 2742 11
1193 2704 1402 2756 nondum]
1427 2718 1510 2743 non
1536 2705 1582 2742 K
1711 2719 1758 2744 12
1788 2707 1906 2758 quia]

168 2761 237 2810 qui
265 2759 303 2798 T
440 2770 487 2807 13
517 2757 653 2809 desc]
675 2758 844 2797 fuerunt
864 2758 910 2796 K
926 2760 1028 2806 (non
1050 2758 1112 2810 A)
1254 2771 1302 2808 14
1332 2760 1504 2808 gentilis
1525 2759 1570 2796 K
1677 2762 1836 2810 primus
1860 2756 1910 2800 C'l

170 2819 437 2863 nuncupatur
455 2813 581 2852 B1T:
604 2813 1006 2863 nuncupababantur
1028 2813 1062 2851 C
1172 2825 1219 2861 15
1242 2813 1412 2852 Ethnici
1434 2827 1488 2852 ex
1506 2844 1514 2854 .
1535 2844 1544 2853 .
1562 2844 1571 2854 .
1594 2815 1746 2854 dicitur
1766 2828 1848 2856 om.
1866 2815 1912 2854 K

171 2868 273 2915 (non
293 2868 356 2918 A)
464 2880 510 2917 17
532 2879 683 2906 vocare
702 2867 742 2904 Β
829 2869 877 2906 18
901 2868 1173 2907 crediderunt
1192 2867 1232 2905 Β
1314 2869 1393 2906 iam
1414 2882 1495 2908 om.
1521 2869 1557 2906 T
1644 2882 1692 2918 19
1710 2882 1778 2919 ap.
1806 2870 1904 2909 Pau.

177 2923 215 2961 T
327 2935 381 2960 20
401 2934 494 2960 cum
515 2935 596 2961 om.
621 2921 680 2959 Kl
693 2921 743 2959 Tl
845 2935 896 2960 22
926 2923 1040 2962 cultu
1061 2921 1106 2958 K
1197 2923 1558 2962 contaminatione
1579 2929 1851 2963 revertuntur
1878 2925 1915 2964 T

171 2977 529 3016 contaminatione
550 2975 660 3016 KT:
692 2989 788 3015 -nes
811 2976 846 3015 C
978 2982 1201 3015 vertuntur
1221 2976 1266 3014 K
1391 2990 1442 3026 24
1472 2978 1591 3027 Quos
1611 2984 1753 3018 autem
1774 2992 1841 3028 pa.
1861 2981 1904 3018 A

171 3031 362 3070 homines
381 3061 390 3070 .
415 3062 424 3071 .
445 3061 455 3070 .
479 3032 603 3070 unius
624 3045 705 3072 om.
732 3030 772 3068 A
884 3043 936 3080 25
978 3032 1088 3070 vitae
1109 3030 1155 3068 K
1274 3031 1341 3070 vel
1361 3045 1443 3071 om.
1470 3031 1581 3070 A¹K
1689 3034 1742 3070 26
1771 3040 1814 3072 ut
1835 3047 1903 3084 ap.

172 3098 254 3124 om.
279 3085 320 3123 A
341 3099 350 3124 z
383 3086 478 3135 quia
500 3098 566 3135 ap.
591 3085 635 3123 K
822 3085 934 3124 isisis
963 3085 1023 3125 T:
1053 3086 1169 3124 misis
1189 3099 1238 3124 ex
1255 3086 1397 3125 missis
1420 3085 1464 3123 J<
