2228 3444
1069 161 1341 210 ISIDORI

322 293 372 342 in
432 294 664 344 Latinum
721 295 963 360 significat
1017 300 1030 321 ‘
1049 297 1311 347 nobiscum
1371 299 1538 361 Deus‚'
1588 299 1774 351 scilicet
1832 301 1948 365 quia
1994 319 2080 365 per

323 375 580 441 Virginem
623 387 766 428 natus
809 382 946 428 Deus
994 379 1281 429 hominibus
1330 379 1380 428 in
1422 398 1568 432 carne
1611 382 1803 432 mortali
1839 383 2082 447 apparuit,

323 468 377 508 ut
415 460 619 509 terrenis
661 459 791 509 viam
840 460 1007 510 salutis
1056 463 1120 511 ad
1163 463 1353 511 caelum
1402 463 1622 527 aperiret.
1694 466 1777 514 Ad
1814 465 2081 516 divinitatis

253 557 301 591 11
323 541 651 591 substantiam
679 559 806 605 quae
839 542 1087 606 pertinent
1112 543 1204 593 ista
1238 554 1379 593 sunt:
1421 547 1572 607 Deus,
1609 546 1868 597 Dominus.
1945 551 2081 598 Deus

323 632 489 672 autem
515 623 677 673 dictus
696 634 895 687 propter
918 624 1107 674 unitam
1134 643 1248 674 cum
1273 629 1416 675 Patre
1442 628 1784 678 substantiam.
1834 630 2082 680 Dominus
2107 648 2127 688 5

245 728 298 763 12
324 714 523 768 propter
541 706 835 755 servientem
874 719 1158 756 creaturam.
1212 711 1349 758 Deus
1375 718 1542 759 autem
1566 720 1614 760 et
1640 713 1807 772 homo,
1826 711 1942 775 quia
1964 715 2082 762 Ver—

326 789 445 835 bum
477 796 525 836 et
550 805 680 837 caro.
751 790 900 839 Vnde
926 800 974 839 et
999 790 1074 839 bis
1099 790 1292 854 genitus
1318 791 1509 852 dicitur,
1530 792 1629 842 sive
1656 793 1771 856 quia
1797 797 1941 843 Pater
1965 812 2078 844 eum

323 868 492 932 genuit
511 868 617 918 sine
643 879 796 919 matre
813 870 863 918 in
879 871 1179 933 aeternitate,
1199 872 1300 922 sive
1316 873 1432 937 quia
1447 884 1602 924 mater
1621 875 1725 924 sine
1741 885 1876 940 patre
1896 876 1947 924 in
1962 886 2082 926 tem·

243 967 300 1013 13
325 967 455 1014 pore.
508 951 804 1015 Vnigenitus
830 963 996 1002 autem
1023 963 1225 1003 vocatur
1249 958 1525 1005 secundum
1552 956 1819 1007 divinitatis
1844 961 2080 1008 excellen-

323 1032 460 1093 tiam,
477 1032 592 1096 quia
608 1033 713 1083 sine
734 1035 961 1085 fratribus
980 1054 993 1096 3
1023 1035 1399 1100 Primogenitus,
1419 1040 1695 1088 secundum
1712 1040 2078 1103 susceptionem
2111 1064 2156 1092 10

324 1114 616 1175 hominis‚in
634 1133 732 1179 qua
747 1134 834 1180 per
846 1117 1131 1180 adoptionis
1146 1118 1350 1182 gratiam
1365 1122 1533 1170 fratres
1551 1121 1731 1171 habere
1746 1122 1974 1186 dignatus
1991 1133 2081 1184 θεῖ,

243 1215 300 1261 14
326 1196 506 1259 quibus
535 1207 663 1246 esset
697 1198 1067 1263 primogenitus.
1142 1202 1464 1251 Homousion
1494 1203 1625 1251 Patri
1653 1204 1716 1253 ab
1750 1204 1937 1254 unitate
1971 1206 2081 1254 sub-

325 1278 533 1327 stantiae
558 1282 846 1342 appellatur.
915 1282 1199 1331 Substantia
1231 1283 1362 1332 enim
1392 1287 1466 1334 vel
1491 1286 1704 1335 essentia
1729 1288 1916 1336 Graece
1943 1290 2082 1337 οὐσία

326 1359 521 1422 dicitur,
539 1364 644 1425 ὁμο·
670 1379 842 1412 unum.
882 1366 1160 1428 Vtrumque
1179 1364 1323 1428 igitur
1348 1366 1669 1417 coniunctum
1694 1378 1836 1417 sonat
1856 1386 1954 1417 una
1971 1370 2081 1418 sub—

326 1442 516 1491 stantia.
594 1447 710 1493 Hoc
743 1445 876 1494 enim
910 1457 1113 1495 vocatur
1144 1448 1482 1510 Homousion,
1507 1452 1643 1513 quod
1677 1460 1749 1500 est
1780 1450 1978 1515 (Ioann.
2004 1470 2080 1514 10,
2107 1472 2154 1513 15

325 1523 439 1586 30):
478 1529 488 1549 ‘
510 1528 618 1588 Ego
644 1536 692 1575 et
718 1530 863 1576 Pater
887 1545 1043 1577 unum
1077 1532 1277 1590 sumus,'
1304 1531 1399 1580 hoc
1433 1541 1521 1593 est,
1546 1531 1769 1582 eiusdem
1795 1551 1910 1582 curn
1937 1537 2079 1584 Patre

245 1623 301 1671 15
325 1606 643 1656 substantiae.
721 1611 872 1670 Quod
906 1627 1091 1659 nomen
1123 1611 1213 1660 etsi
1239 1612 1475 1675 scriptum
1500 1613 1551 1661 in
1577 1615 1757 1664 sanctis
1782 1615 1951 1665 litteris
1976 1634 2079 1666 non

325 1687 613 1749 inveniatur,
639 1689 687 1737 in
713 1691 983 1741 assertione
1008 1702 1175 1742 tamen
1203 1693 1352 1743 totius
1372 1695 1624 1744 Trinitatis
1649 1697 1944 1757 defenditur,
1963 1698 2079 1761 quia

324 1772 468 1818 datur
498 1771 621 1820 ratio
656 1774 789 1822 unde
824 1783 956 1822 recte
993 1774 1091 1823 dici
1121 1777 1411 1825 ostendatur
1430 1795 1441 1837 3
1485 1777 1610 1826 sicut
1644 1786 1692 1826 et
1724 1781 1867 1828 Pater
1900 1779 1949 1827 in
1983 1779 2076 1829 illis

322 1850 454 1900 libris
481 1869 727 1916 nusquam
756 1855 1011 1918 Ingenitus
1037 1856 1227 1919 legitur,
1247 1859 1335 1907 sed
1356 1868 1521 1907 tamen
1541 1859 1782 1909 dicendus
1803 1878 1910 1910 esse
1928 1871 2076 1925 atque
2104 1882 2155 1909 20

234 1940 294 1986 16
321 1935 599 1984 credendus
649 1953 750 1984 non
801 1937 1068 1986 dubitatur.
1143 1939 1511 2000 Homoeusion,
1548 1940 1717 1990 similis
1757 1943 2076 2004 substantiae,

322 2015 437 2078 quia
465 2016 622 2079 qualis
650 2019 806 2078 Deus„
832 2018 940 2067 talis
976 2029 1049 2068 est
1083 2029 1130 2068 et
1165 2020 1328 2084 imago
1363 2021 1481 2070 eius.
1558 2022 1823 2073 Invisibilis
1858 2027 1996 2074 Deus
2030 2036 2077 2075 et

245 2114 298 2162 17
323 2097 487 2160 imago
514 2098 785 2149 invisibilis.
862 2099 1184 2163 Principium,
1210 2119 1269 2151 eo
1301 2105 1436 2165 quod
1469 2103 1534 2151 ab
1567 2103 1675 2167 ipso
1702 2104 1798 2154 sint
1823 2107 2007 2167 omnia,
2032 2118 2079 2156 et

245 2189 298 2235 18
326 2178 440 2241 quia
466 2188 581 2228 ante
607 2197 721 2229 eum
757 2181 890 2229 nihil.
967 2182 1120 2244 Finis,
1145 2185 1222 2232 vel
1257 2184 1372 2246 quia
1401 2184 1631 2248 dignatus
1665 2195 1738 2235 est
1763 2186 1813 2236 in
1838 2189 1935 2237 fine
1961 2199 2080 2238 tem-

328 2277 505 2322 porum
531 2262 780 2311 humiliter
800 2262 850 2310 in
870 2280 1014 2312 carne
1040 2266 1176 2314 nasci
1201 2274 1248 2314 et
1274 2265 1416 2326 mori,
1431 2276 1478 2315 et
1503 2266 1740 2316 iudicium
1758 2269 2079 2320 novissimum
2107 2296 2154 2337 25

330 2341 435 2405 ipse
461 2343 726 2407 suscipere,
742 2347 817 2394 vel
842 2345 958 2408 quia
982 2346 1226 2409 quidquid
1250 2347 1440 2411 agimus
1465 2349 1529 2397 ad
1554 2348 1691 2398 illum
1711 2351 1979 2401 referimus.
2017 2355 2081 2401 Et

331 2441 446 2471 cum
471 2427 535 2474 ad
555 2442 668 2474 eum
690 2427 1074 2490 pervenerimus,
1089 2430 1214 2477 ultra
1239 2431 1375 2492 quod
1391 2446 1683 2493 quaeramus
1702 2449 1804 2481 non
1823 2435 2081 2484 habemus.

245 2523 308 2570 19
331 2507 403 2556 Os
430 2506 526 2554 Dei
551 2517 641 2568 est,
666 2508 781 2572 quia
806 2510 1029 2558 Verbum
1055 2510 1159 2560 eius
1184 2521 1270 2560 est.
1334 2514 1463 2561 Nam
1489 2512 1614 2561 sicut
1638 2531 1728 2577 pro
1752 2515 1930 2577 verbis,
1954 2534 2082 2580 quae

329 2605 416 2651 per
441 2587 659 2652 linguam
697 2592 839 2653 fiunt,
869 2608 1015 2656 saepe
1052 2592 1263 2642 dicimus
1289 2595 1370 2642 illa
1401 2603 1450 2643 et
1486 2593 1567 2643 illa
1603 2595 1786 2659 lingua,
1810 2596 1876 2646 ita
1909 2607 1956 2646 et
1992 2616 2082 2662 pro

388 2729 405 2754 1
438 2716 611 2756 latinam
632 2718 678 2757 K
858 2734 882 2769 4
912 2719 1042 2772 quae]
1065 2735 1188 2771 quem
1213 2722 1261 2760 Cl
1425 2734 1449 2771 5
1479 2723 1685 2763 unitatem
1713 2724 1771 2764 T:
1799 2726 1967 2765 unicam
1987 2726 2078 2767 dett.

332 2785 353 2820 7
387 2772 450 2810 bis
468 2772 587 2824 gem]
610 2773 838 2821 virginitus
861 2775 912 2813 Cl
1089 2790 1116 2826 9
1145 2780 1321 2816 Vocatus
1344 2781 1392 2815 ut
1409 2778 1491 2817 vid.
1517 2778 1551 2817 C
1730 2793 1822 2820 exc.
1844 2786 1886 2819 et
1906 2781 2002 2831 quia
2028 2780 2082 2818 Τ]

335 2840 380 2865 11
408 2827 684 2877 adoptionem
709 2829 854 2882 (-obt-)
877 2831 1040 2879 gratiae
1060 2831 1176 2883 <-tie)
1197 2830 1278 2870 BC
1282 2830 1319 2868 T
1535 2846 1584 2882 13
1615 2835 1853 2884 appellatus
1873 2840 1922 2873 ut
1936 2835 2016 2874 vid.
2046 2835 2085 2874 T

337 2894 384 2930 14
414 2880 530 2933 ὁμο·]
552 2882 678 2921 homo
701 2883 835 2934 (omo)
856 2884 971 2924 codd.
1084 2891 1260 2935 utraque
1282 2885 1331 2923 Cl
1388 2888 1392 2892 ’
1443 2901 1491 2926 21
1527 2888 1796 2927 Homousion
1812 2889 1926 2929 codd.
1946 2904 1956 2929 :
1977 2903 2078 2930 corr.

332 2935 425 2974 dett.
565 2949 618 2974 22
647 2944 688 2975 et
712 2938 896 2990 (prius)]
922 2939 1046 2979 etiam
1067 2939 1136 2979 K:
1165 2954 1247 2979 om.
1278 2940 1317 2978 T
1494 2955 1545 2990 23
1575 2943 1626 2980 ab
1646 2956 1728 2983 om.
1756 2942 1810 2980 T1
1919 2950 2020 2983 sunt
2047 2945 2085 2983 T

333 3003 384 3039 24
416 2991 532 3031 Finis
555 3005 639 3031 om.
656 2991 702 3029 K
781 2993 957 3042 dignatu
980 2994 1018 3032 T
1100 2995 1356 3046 temporum]
1373 2997 1637 3037 saeculorum
1654 2996 1702 3035 K
1807 3010 1859 3048 25
1889 2998 1933 3036 in
1948 3012 2076 3038 carne

333 3058 415 3083 om.
441 3045 487 3083 K
604 3050 666 3085 >26
695 3045 793 3097 quia
813 3061 896 3086 om.
929 3048 966 3086 T
1097 3051 1150 3088 28
1181 3049 1247 3088 dei
1269 3050 1367 3098 quia
1387 3049 1434 3088 K
1561 3065 1614 3102 29
1645 3052 1750 3092 fiunt
1769 3065 1819 3092 ex
1839 3052 2009 3092 suerunt
2031 3059 2079 3093 ut

335 3098 414 3139 vid.
445 3099 482 3137 T
642 3114 720 3150 pro
744 3102 874 3151 verbo
895 3103 963 3143 dei
986 3104 1020 3143 C
1039 3119 1046 3143 :
1075 3105 1248 3144 verbum
1273 3103 1319 3142 K
