2228 3444
88 597 109 636 5

66 1010 113 1038 10

65 1418 110 1457 15

69 1829 118 1857 20

482 125 1114 175 ETYMOLOGIARVM
1155 127 1282 175 LIB.
1326 127 1445 175 VII.
1488 125 1535 172 iii

139 257 256 304 bum
283 256 475 320 proprie
500 272 733 304 vocamus
759 255 961 305 nomine
995 255 1287 319 Sapientiae,
1311 273 1423 304 cum
1459 256 1518 304 sit
1545 256 1880 306 universaliter

137 347 184 386 et
217 339 421 401 Spiritus
452 347 648 386 sanctus
675 347 721 386 et
749 341 890 387 Pater
921 337 1024 401 ipse
1058 337 1310 400 sapientia,
1340 337 1406 386 ita
1439 338 1645 401 Spiritus
1680 347 1878 386 sanctus

137 420 330 484 proprie
347 430 666 484 nuncupatur
686 421 928 469 vocabulo
948 419 1192 481 Caritatis,
1211 437 1325 468 cum
1347 420 1407 469 sit
1428 429 1476 469 et
1497 423 1639 470 Pater
1658 429 1706 468 et
1727 419 1878 467 Filius

135 502 468 552 universaliter
493 502 677 551 caritas.
754 501 958 565 Spiritus
985 511 1182 551 sanctus
1205 502 1399 566 Digitus
1419 502 1514 551 Dei
1539 519 1646 551 esse
1670 501 1719 549 in
1745 501 1880 550 libris
1905 518 1960 553 21

138 584 389 646 Evangelii
409 584 711 647 apertissime
737 586 1023 632 declaratur.
1097 585 1226 633 Cum
1253 583 1384 632 enim
1412 601 1538 632 unus
1568 582 1882 647 Evangelista

136 664 335 713 dixisset
371 666 510 729 (Luc.
538 683 610 725 11,
636 665 747 729 20):
789 666 881 713 ‘In
915 663 1069 727 digito
1104 664 1199 714 Dei
1234 664 1358 713 eicio
1392 665 1713 714 daemonia':
1757 664 1880 713 alius

137 748 232 793 hoc
271 746 402 795 idem
429 747 494 796 ita
531 746 651 795 dixit
677 747 878 811 (Matth.
906 763 977 805 12,
1001 747 1115 811 28):
1161 748 1250 794 ‘In
1286 746 1455 809 spiritu
1485 746 1579 795 Dei
1610 746 1736 795 eicio
1770 748 1880 795 dae-

138 827 334 876 monia.'
405 830 550 876 Vnde
571 837 618 876 et
638 827 791 891 digito
814 827 907 877 Dei
934 827 1113 891 scripta
1138 837 1210 876 est
1235 830 1325 889 lex,
1344 831 1459 877 data
1484 830 1565 878 die
1582 828 1881 892 quinquage-

138 909 263 958 simo
300 910 364 958 ab
402 909 650 959 occisione
687 909 813 973 agni,
843 919 890 959 et
932 910 1012 959 die
1049 910 1461 973 quinquagesimo
1498 911 1633 959 venit
1672 910 1880 975 Spiritus

137 1001 334 1040 sanctus
366 1008 395 1039 a
434 991 662 1054 passione
698 991 902 1040 Domini
935 991 1087 1040 nostri
1131 994 1244 1041 Iesu
1280 992 1477 1042 Christi.
1554 994 1678 1042 Ideo
1713 1002 1879 1041 autern
1907 1007 1973 1043 22

137 1073 315 1135 digitus
344 1072 438 1121 Dei
459 1073 648 1133 dicitur,
678 1083 730 1122 ut
755 1073 858 1122 eius
891 1074 1167 1137 operatoria
1191 1073 1342 1122 virtus
1369 1091 1482 1123 cum
1511 1077 1652 1124 Patre
1679 1084 1727 1123 et
1755 1074 1880 1122 Filio

136 1154 444 1217 significetur.
518 1156 666 1203 Vnde
692 1165 739 1204 et
766 1157 945 1203 Paulus
970 1155 1036 1203 ait
1064 1157 1108 1218 (1
1133 1155 1246 1205 Cor.
1273 1173 1344 1215 12,
1372 1156 1480 1218 11):
1524 1159 1694 1205 ‘Haec
1714 1166 1880 1205 autern

138 1236 305 1283 omnia
324 1247 551 1299 operatur
572 1254 698 1285 unus
715 1247 863 1299 atque
881 1237 1012 1286 idern
1032 1237 1251 1300 Spiritus,
1273 1237 1500 1286 dividens
1518 1238 1720 1302 singulis
1737 1248 1882 1301 prout

138 1320 268 1366 vult.’
341 1318 475 1366 Sicut
500 1329 666 1367 autem
693 1336 779 1382 per
810 1318 1109 1382 baptismum
1151 1319 1200 1367 in
1231 1319 1431 1369 Christo
1467 1320 1703 1369 morimur
1733 1330 1781 1369 et
1814 1337 1882 1368 re-

137 1398 396 1459 nascimur,
426 1399 489 1448 ita
516 1399 695 1462 Spiritu
722 1400 982 1463 signamur,
1003 1403 1139 1463 quod
1165 1410 1237 1450 est
1263 1401 1443 1464 digitus
1473 1402 1565 1450 Dei
1593 1412 1641 1451 et
1667 1402 1882 1466 spiritale

138 1480 457 1542 signaculum.
510 1482 715 1545 Spiritus
737 1491 934 1530 sanctus
954 1481 1138 1530 idcirco
1159 1482 1207 1529 in
1228 1483 1489 1532 columbae
1510 1485 1673 1546 specie
1689 1484 1882 1533 venisse

139 1561 376 1622 scribitur,
405 1573 456 1611 ut
489 1572 661 1612 natura
694 1563 796 1612 eius
831 1580 916 1627 per
947 1581 1088 1612 avem
1125 1563 1448 1626 simplicitatis
1484 1574 1531 1614 et
1567 1565 1883 1615 innocentiae

139 1645 476 1693 declararetur.
517 1647 663 1694 Vnde
681 1654 728 1694 et
742 1645 988 1694 Dominus
1007 1645 1208 1710 (Matth.
1228 1643 1430 1710 10‚'16):
1461 1648 1687 1709 ‘Estote,'
1708 1650 1881 1712 inquit,

144 1724 415 1788 ‘simplices
443 1726 567 1775 sicut
592 1727 884 1776 columbae.'
961 1730 1100 1776 Haec
1135 1728 1265 1776 enim
1301 1730 1404 1777 avis
1434 1732 1750 1793 corporaliter
1776 1733 1884 1795 ipso

142 1808 252 1855 felle
285 1818 428 1867 caret,
467 1808 654 1856 habens
694 1817 885 1857 tantum
920 1809 1254 1858 innocentiam
1290 1819 1338 1859 et
1371 1827 1605 1860 amorem.
1681 1813 1886 1876 Spiritus
1911 1827 1975 1873 23

141 1898 337 1937 sanctus
373 1889 488 1938 inde
523 1889 725 1939 nomine
758 1890 883 1952 ignis
916 1892 1203 1954 appellatur,
1233 1909 1321 1955 pro
1353 1909 1412 1941 eo
1439 1895 1575 1955 quod
1601 1894 1650 1941 in
1677 1898 1888 1958 Aposto-

140 1972 299 2019 lorum
333 1971 542 2019 Actibus
570 1988 654 2034 per
680 1971 972 2020 divisionem
1001 1972 1276 2035 linguarum
1304 1983 1357 2022 ut
1382 1974 1506 2037 ignis
1540 1976 1777 2039 apparuit,
1807 1977 1891 2040 qui

144 2064 191 2102 et
209 2055 387 2103 insedit
414 2069 558 2115 super
578 2070 988 2116 unumquemque
1008 2071 1191 2103 eorum.
1270 2058 1534 2118 Propterea
1553 2067 1718 2107 autem
1740 2058 1891 2108 diver·
1916 2074 1981 2120 24

145 2153 305 2185 sarum
333 2134 606 2198 linguarum
633 2134 836 2197 gratiam
863 2136 1099 2198 apostolis
1126 2136 1278 2196 dedit,
1308 2147 1359 2186 ut
1394 2138 1558 2187 idonei
1585 2140 1892 2189 efficerentur

145 2218 364 2267 fidelium
417 2216 681 2265 eruditioni
732 2219 1045 2280 populorum.
1137 2221 1288 2280 Quod
1332 2237 1447 2269 vero
1491 2237 1636 2284 supra
1672 2222 1889 2286 singulos
1913 2238 1977 2287 25

144 2300 328 2349 sedisse
356 2308 666 2358 memoratur,
696 2300 745 2347 id
775 2316 922 2347 causa
957 2310 1042 2359 est,
1073 2310 1123 2348 ut
1157 2300 1465 2364 intellegatur
1489 2320 1575 2365 per
1599 2305 1762 2366 plures
1789 2323 1891 2354 non

145 2382 292 2431 fuisse
319 2381 519 2442 divisus,
551 2383 637 2429 sed
665 2383 904 2430 mansisse
931 2381 980 2429 in
1008 2382 1211 2445 singulis
1237 2393 1384 2443 totus,
1413 2384 1537 2433 sicut
1570 2388 1669 2434 fere
1696 2386 1891 2449 ignibus

144 2481 251 2513 mos
278 2473 363 2512 est.
440 2465 588 2510 Hanc
614 2462 746 2511 enirn
774 2463 923 2512 habet
949 2473 1171 2512 naturam
1209 2465 1332 2528 ignis
1357 2482 1610 2526 accensus,
1640 2478 1693 2516 ut
1719 2470 1887 2532 quanti
1914 2466 1983 2513 26

200 2606 224 2631 2
252 2593 309 2630 ita
328 2591 432 2630 BT:
463 2598 505 2630 et
527 2592 596 2630 K:
629 2593 684 2630 ita
705 2598 745 2629 et
770 2592 805 2631 C
977 2607 1001 2642 3
1034 2594 1221 2633 karitatis
1250 2593 1286 2631 T
1471 2609 1494 2645 5
1525 2610 1675 2646 evang.
1700 2628 1708 2637 .
1731 2627 1741 2638 .
1764 2629 1772 2637 .
1795 2612 1887 2637 cum

144 2660 225 2686 om.
251 2647 299 2684 Cl
413 2659 433 2694 7
464 2645 574 2684 idem
596 2647 653 2684 ita
677 2646 779 2685 CK:
811 2648 1042 2686 identidem
1072 2647 1108 2685 T
1122 2663 1171 2687 ex
1189 2663 1287 2688 corr.
1311 2664 1319 2688 :
1351 2651 1461 2689 idem
1484 2650 1524 2688 Β
1689 2652 1803 2695 8,]6Χ
1824 2660 1888 2692 est

144 2700 264 2739 BCT
427 2713 476 2739 10
505 2706 644 2739 autem
666 2714 747 2740 om.
765 2702 806 2739 A
978 2715 1021 2740 11
1059 2704 1135 2742 Dei
1158 2717 1240 2743 om.
1262 2704 1356 2742 ΑΚ
1515 2707 1708 2755 operaria
1724 2707 1768 2745 K
1784 2708 1886 2758 (non

145 2756 207 2807 A>
351 2768 398 2793 12
429 2755 690 2804 significatur
711 2755 760 2795 Cl
901 2758 1014 2796 unde
1034 2771 1131 2807 pau.
1155 2757 1199 2795 K
1218 2759 1321 2807 (non
1343 2760 1407 2809 A)
1574 2767 1715 2800 autem
1737 2775 1819 2801 om.
1842 2762 1889 2800 K

147 2809 248 2857 (non
270 2809 335 2858 A)
452 2823 499 2859 13
531 2809 690 2861 omnia]
713 2811 860 2848 eadem
881 2811 926 2850 K
946 2820 1049 2863 (non
1063 2813 1127 2862 A)
1246 2826 1292 2862 14
1324 2815 1606 2866 renascimur]
1622 2816 1883 2864 resurgimur

147 2862 191 2900 K
210 2866 313 2916 (non
334 2864 398 2915 A)
534 2877 581 2914 15
613 2864 726 2915 Spir.
747 2871 894 2904 sancto
915 2867 1021 2916 sign.
1045 2866 1085 2904 B
1214 2869 1284 2918 qui
1306 2874 1372 2907 est
1393 2868 1439 2906 K
1569 2870 1616 2907 18
1646 2871 1886 2909 declaretur

146 2916 188 2953 Β
404 2919 516 2957 unde
535 2925 578 2958 et
601 2919 723 2958 Dom.
745 2932 828 2959 om.
857 2919 909 2957 Tl
1128 2927 1225 2972 post
1241 2923 1384 2972 inquid
1405 2923 1499 2964 add.
1521 2925 1755 2974 prudentes
1775 2924 1884 2963 sicut

146 2978 370 3020 serpentes
391 2979 432 3012 et
459 2972 510 3010 T2
623 2986 671 3024 19
700 2973 809 3024 avis]
830 2974 881 3012 ab
902 2975 968 3013 his
992 2973 1042 3014 C1
1183 2977 1276 3026 ipso
1296 2990 1379 3017 om.
1401 2977 1446 3016 K
1625 2991 1673 3016 21
1708 2991 1786 3028 pro
1807 2979 1881 3031 eo]

147 3032 320 3076 propter
341 3026 417 3066 CT
547 3039 599 3076 23
632 3028 814 3078 Propter
840 3028 876 3067 T
999 3041 1051 3078 25
1082 3031 1320 3071 eruditione
1341 3031 1462 3070 BCT
1578 3035 1632 3070 26
1661 3033 1723 3083 idj
1746 3033 1824 3072 hec
1852 3033 1890 3072 T

147 3092 297 3119 causae
319 3079 355 3119 C
470 3082 756 3131 intelligamus
777 3081 823 3120 K
928 3086 981 3122 28
1011 3085 1123 3134 ignis
1150 3085 1183 3123 T
