2176 3424
1062 103 1336 151 ISIDORI
1402 106 1411 111 “
2145 0 2176 127 1

317 230 664 281 huiuscemodi
697 231 935 280 alimento
960 231 1160 280 luminis
1194 231 1334 280 obliti
1373 232 1661 295 figebantur.
1737 234 1878 280 Idem
1904 232 2069 294 itaque

256 312 290 358 6
316 322 364 361 et
385 312 567 361 stimuli
594 313 843 376 praeacuti
869 314 1055 361 funalia
1079 313 1385 362 dicebantur.
1460 315 1672 376 Lampas
1698 314 1896 362 flamma
1921 323 1993 363 est
2019 313 2068 361 in

315 396 495 444 vertice
520 397 705 456 lucens,
728 395 861 444 dicta
880 397 1017 458 quod
1042 394 1306 444 lambentis
1333 403 1524 443 motum
1547 397 1808 444 ostendere
1833 394 2068 444 videatur.

261 490 290 540 7
318 479 416 525 Fax
442 477 575 526 dicta
608 479 744 540 quod
771 479 908 526 focos
935 476 1110 526 faciat:
1151 476 1289 526 cuius
1316 476 1664 525 diminutivum
1699 479 1873 525 facula.
1945 479 2069 524 Lan-

313 570 451 609 terna
482 560 598 610 inde
632 569 836 608 vocatur
870 561 1007 622 quod
1041 561 1204 607 lucem
1239 558 1441 607 interius
1474 558 1656 607 habeat
1685 560 1918 608 clausam.
1992 557 2070 606 Fit
2093 579 2113 618 5

313 644 445 692 enim
478 660 536 691 ex
566 641 705 702 vitro,
734 644 927 691 recluso
957 641 1089 690 intus
1127 642 1315 689 lumine
1352 650 1405 689 ut
1442 639 1576 689 venti
1614 641 1756 688 flatus
1794 642 1929 689 adire
1965 657 2068 688 non

314 727 484 789 possit,
522 734 569 773 et
605 726 669 773 ad
703 724 1046 787 praebendum
1082 724 1251 771 lumen
1289 722 1430 771 facile
1461 722 1647 785 ubique
1684 721 2063 770 circumferatur.

261 808 291 853 8
317 808 604 856 Lucubrum
630 816 860 855 vocatum
887 807 1025 868 quod
1050 807 1212 853 luceat
1248 806 1298 852 in
1325 804 1500 852 umbra
1523 823 1534 864 ς
1582 813 1655 852 est
1682 805 1813 852 enim
1842 802 2068 852 modicus

258 911 292 957 9
315 889 438 953 ignis
465 889 550 953 qui
575 891 700 938 solet
726 906 783 937 ex
808 887 945 937 tenui
971 896 1148 951 stuppa
1174 903 1384 949 ceraque
1408 887 1621 935 formari.
1696 888 1819 948 Pyra
1844 894 1918 934 est
1943 902 2069 948 quae

315 971 365 1019 in
401 973 607 1020 modum
642 987 753 1019 arae
787 988 844 1019 ex
882 969 1025 1033 lignis
1059 968 1278 1018 construi
1309 969 1434 1017 solet
1468 977 1521 1015 ut
1554 969 1756 1026 ardeat3
1815 971 1905 1030 πῦρ
1937 966 2067 1015 enim
2101 989 2145 1016 10

316 1054 440 1118 ignis
479 1054 670 1104 dicitur.
744 1055 842 1102 Sed
890 1070 1008 1115 pyra
1055 1061 1127 1100 est
1177 1051 1281 1114 ipsa
1322 1051 1566 1113 lignorum
1616 1049 1867 1113 congeries
1917 1066 2068 1111 quum

314 1137 541 1185 nondum
566 1138 706 1184 ardet
730 1153 741 1194 3
781 1151 925 1197 rogus
952 1143 1041 1192 est,
1068 1150 1221 1195 quum
1248 1133 1419 1180 ardere
1445 1130 1661 1193 coeperit
1681 1149 1693 1191 3
1730 1131 1932 1179 bustum
1956 1146 2070 1178 vero

230 1228 290 1262 10
314 1218 411 1266 iam
439 1226 665 1266 exustum
691 1226 905 1265 vocatur.
983 1217 1162 1262 Farum
1189 1213 1330 1261 turris
1357 1223 1430 1262 est
1465 1211 1689 1272 maxima,
1718 1229 1867 1275 quam
1895 1211 2071 1260 Graeci

315 1317 373 1348 ac
404 1299 568 1348 Latini
602 1299 652 1347 in
683 1315 950 1347 commune
982 1315 1041 1346 ex
1074 1296 1226 1359 ipsius
1261 1295 1328 1344 rei
1359 1312 1451 1344 usu
1486 1296 1643 1343 farum
1673 1296 1981 1357 appellarunt
2011 1310 2071 1341 eo

316 1384 451 1445 quod
483 1384 792 1430 flammarum
828 1379 1014 1429 indicio
1050 1380 1196 1441 longe
1233 1377 1457 1426 videatur
1492 1394 1521 1424 a
1558 1375 1917 1439 navigantibus,
1946 1374 2071 1423 sicut
2099 1396 2144 1436 15

316 1482 461 1528 supra
488 1464 587 1529 (15,
620 1482 662 1522 2,
689 1463 775 1526 37)
796 1461 1141 1526 praediximus,
1171 1461 1367 1522 qualem
1397 1460 1682 1507 Ptolomeus
1708 1459 1839 1505 iuxta
1865 1458 2071 1506 Alexan-

315 1546 473 1595 driam
500 1545 831 1595 construxisse
858 1542 1155 1606 octingentis
1187 1541 1383 1590 talentis
1418 1541 1637 1590 traditur.
1710 1542 1841 1588 Vsus
1868 1538 1972 1587 eius
1998 1548 2071 1588 est

317 1638 561 1677 nocturno
588 1627 788 1676 navium
820 1643 965 1674 cursu
996 1627 1132 1689 ignes
1159 1625 1422 1672 ostendere
1456 1624 1520 1671 ad
1546 1621 1914 1685 pronuntianda
1946 1621 2072 1669 vada

316 1720 587 1774 portusque
612 1708 854 1766 introitus,
881 1724 944 1756 ne
975 1706 1171 1769 decepti
1202 1704 1417 1754 tenebris
1451 1702 1736 1767 navigantes
1762 1702 1812 1750 in
1839 1703 2069 1765 scopulos

317 1791 566 1841 incidant:
615 1808 731 1839 nam
759 1789 1058 1838 Alexandria
1083 1788 1339 1836 fallacibus
1377 1785 1514 1835 vadis
1549 1785 1812 1834 insidiosos
1841 1801 2069 1833 accessus
2095 1803 2145 1831 20

317 1874 482 1922 habet.
572 1873 709 1921 Hinc
757 1871 901 1935 igitur
950 1872 999 1918 in
1048 1869 1272 1933 portibus
1333 1867 1588 1916 machinas
1636 1868 1699 1915 ad
1753 1866 2069 1929 praelucendi

318 1956 643 2005 ministerium
681 1954 942 2003 fabricatas
973 1955 1152 2016 pharos
1187 1951 1390 2012 dicunt,
1450 1968 1565 1998 nam
1599 1954 1697 2011 φῶς
1730 1951 1812 1997 lux
1846 1958 1932 2008 est,
1967 1951 2072 2012 ὄρος

316 2039 439 2088 visio
466 2038 657 2088 dicitur.
731 2037 880 2085 Vnde
906 2045 953 2084 et
981 2034 1176 2083 Lucifer
1201 2035 1391 2082 Graece
1416 2033 1678 2096 Φωσφόρος
1701 2031 1986 2094 appellatur.

376 2183 391 2210 1
430 2169 714 2210 cuiuscemodi
750 2166 906 2220 (-que-)
953 2165 1021 2204 TC
1239 2165 1411 2203 limento
1444 2163 1485 2201 Β
1703 2161 1849 2199 lumini
1883 2159 1996 2199 soliti
2039 2160 2076 2199 T

316 2240 342 2276 3
372 2225 517 2275 lamb.]
553 2224 763 2274 lampadis
798 2222 887 2261 KN
1048 2220 1217 2259 modum
1248 2218 1336 2257 ΒΚ
1553 2231 1577 2266 4
1608 2217 1725 2256 focus
1754 2215 1841 2253 ΒΚ
1869 2215 1972 2266 (non
1991 2214 2070 2266 ·U>

317 2282 434 2320 cuius
467 2279 575 2318 KT:
606 2279 672 2318 cui
707 2277 787 2319 BC
999 2275 1182 2313 Laterna
1215 2274 1250 2313 C
1283 2274 1384 2325 (non
1421 2272 1480 2323 U)
1647 2284 1671 2321 5
1700 2275 1876 2309 vocatur
1914 2268 2069 2308 BKN:

317 2341 468 2375 vocata
492 2334 609 2373 CTU
742 2332 897 2371 elasam
918 2331 959 2369 Β
1123 2331 1149 2368 6
1178 2329 1343 2367 incluso
1371 2327 1408 2365 T
1424 2329 1528 2380 (non
1554 2325 1612 2376 U)
1751 2325 1824 2364 int.
1849 2324 1892 2362 in
1913 2324 2011 2364 lum.
2035 2324 2073 2362 T

319 2392 421 2441 (non
446 2389 499 2436 U)
668 2386 826 2426 veienti
850 2386 900 2424 C1
1068 2386 1190 2423 ssatus
1212 2397 1296 2423 om.
1317 2383 1363 2421 K
1383 2384 1486 2435 (non
1505 2379 1612 2431 ΝΠ)
1808 2392 1828 2428 7
1859 2385 1902 2417 et
1921 2392 2004 2418 om.
2026 2378 2073 2417 K

319 2446 423 2497 (non
454 2444 560 2494 ΝΠ)
710 2444 763 2482 ad
796 2444 839 2494 (a
871 2439 934 2492 N)
970 2441 1189 2490 prebendo
1224 2439 1385 2477 lumine
1416 2434 1507 2474 ΚΝ
1535 2435 1637 2486 (non
1676 2433 1731 2483 U)
1886 2433 1997 2471 facili
2029 2433 2071 2471 Β

319 2500 387 2539 ubi
414 2499 465 2539 C1
595 2512 621 2548 9
651 2499 721 2549 qui
741 2510 805 2536 so.
827 2510 882 2536 ex
901 2509 983 2535 om.
1015 2495 1052 2533 T
1175 2493 1272 2531 Pira
1287 2491 1408 2530 BCT
1541 2490 1654 2539 quod
1674 2488 1721 2527 K
1830 2501 1879 2526 10
1908 2500 2006 2526 aree
2036 2487 2073 2525 T

318 2555 411 2607 πῦρ]
435 2568 543 2605 pyro
564 2554 629 2594 K:
662 2553 754 2604 piro
776 2552 879 2591 BC:
911 2551 1036 2601 piron
1065 2549 1101 2587 T
1308 2560 1351 2586 11
1385 2547 1476 2596 pira
1495 2543 1618 2583 BCT
1795 2556 1843 2581 12
1873 2542 2015 2591 coepit
2037 2540 2072 2579 C

321 2623 369 2660 13
398 2615 591 2648 vocatum
613 2608 659 2646 K
795 2608 820 2647 i.
835 2620 865 2645 e.
886 2606 1066 2644 Pharum
1086 2619 1094 2642 :
1128 2603 1261 2642 Farus
1277 2601 1318 2639 Β
1457 2605 1521 2638 est
1542 2605 1643 2638 turr.
1666 2598 1700 2636 C
1920 2609 1967 2645 14
1997 2595 2065 2647 ac]

317 2666 429 2704 hanc
463 2664 509 2702 K
676 2663 831 2701 farrum
866 2661 906 2699 Β
1088 2658 1407 2709 appellaverunt
1441 2653 1527 2693 BT
1726 2663 1774 2701 15
1805 2651 1980 2690 indictio
2017 2650 2067 2689 Cr

322 2722 371 2758 16
401 2719 584 2758 diximus
605 2718 645 2756 Β
668 2718 770 2768 (non
790 2717 859 2763 Ν)
992 2713 1281 2753 alaxandriam
1309 2711 1347 2748 T
1523 2721 1568 2758 17
1602 2713 1668 2748 est
1688 2721 1779 2747 noc.
1804 2719 1897 2745 nav.
1919 2718 2001 2745 om.
2025 2704 2072 2742 N

324 2777 373 2814 18
403 2773 574 2822 navigio
607 2771 650 2810 Κ
682 2775 787 2822 <non
825 2770 884 2821 U)
1106 2767 1219 2817 ignis
1238 2766 1284 2805 K
1303 2766 1404 2817 (non
1437 2764 1500 2815 Ν)
1703 2775 1750 2811 19
1780 2760 1962 2810 scopolis
1982 2758 2070 2798 ΒΚ

321 2843 373 2869 20
402 2828 599 2868 incedant
638 2826 683 2864 K
900 2823 1148 2862 alaxandria
1188 2821 1225 2859 T
1438 2830 1643 2859 accensus
1681 2816 1749 2854 K:
1798 2827 1994 2854 accessos
2036 2813 2073 2851 T

322 2897 368 2922 21
403 2897 507 2923 mac.
539 2883 581 2920 in
611 2887 717 2932 port.
740 2879 831 2918 ΚΝ
856 2880 959 2930 (non
985 2878 1039 2928 U)
1269 2874 1498 2925 porticibus
1526 2871 1613 2910 ΒΚ
1620 2871 1656 2909 T
1681 2871 1696 2921 (
1703 2876 1782 2922 pro
1810 2869 2064 2920 portubusl)

321 2939 396 2990 ad]
417 2953 441 2978 a
462 2938 502 2976 B
721 2949 773 2974 22
802 2935 913 2973 faros
943 2933 1024 2972 BC
1029 2933 1066 2971 T
1077 2946 1087 2970 :
1118 2932 1234 2970 farus
1264 2930 1310 2968 K
1470 2927 1572 2978 φῶς]
1599 2926 1664 2964 sos
1686 2924 1797 2964 codd.
1966 2935 2066 2962 oros

330 2993 390 3032 T:
419 2994 532 3032 foros
552 2989 672 3030 BCK
780 3002 832 3038 23
862 2987 1043 3027 fosforos
1071 2986 1108 3025 T
1120 2999 1130 3025 ι
1160 2985 1342 3024 fosforus
1362 2982 1486 3024 BCK
