2176 3424
487 119 1119 168 ETYMOLOGIARVM
1162 122 1294 168 LIB.
1334 123 1422 168 XI.
1464 120 1477 167 i

101 245 267 294 dinem
303 237 722 295 decentissimum.
789 249 979 296 Primus
1017 251 1180 311 pollex
1217 260 1436 311 vocatus,
1463 268 1522 299 eo
1548 253 1684 313 quod
1724 253 1848 299 inter

100 337 289 376 ceteros
315 329 496 391 polleat
529 330 705 377 virtute
743 339 790 378 et
824 339 1083 391 potestate.
1159 331 1417 379 Secundus
1456 333 1603 380 index
1641 342 1688 380 et
1725 335 1847 380 salu-

100 410 213 458 taris
231 427 315 458 seu
333 410 787 469 demonstratorius,
812 410 926 473 quia
944 428 1004 459 eo
1021 412 1119 460 fere
1137 414 1407 460 salutamus
1424 414 1500 460 vel
1518 412 1843 461 ostendimus.

99 490 295 539 Tertius
332 485 608 553 inpudicus,
640 493 776 554 quod
801 493 1092 555 plerumque
1132 494 1218 556 per
1244 510 1357 541 eum
1383 493 1549 556 probri
1587 495 1846 544 insectatio
1873 511 1924 559 71

52 590 74 629 5
99 571 397 635 exprimitur.
483 574 698 634 Quartus
724 573 950 632 anulariS‚
980 590 1040 621 eo
1066 575 1202 636 quod
1229 575 1278 621 in
1304 573 1412 637 ipso
1448 577 1625 624 anulus
1651 576 1845 638 geritur.

88 647 316 704 Idem-et
335 653 654 712 medicinalis,
679 655 815 716 quod
836 671 895 702 eo
917 655 1025 702 trita
1042 656 1242 717 collyria
1261 672 1288 703 a
1308 655 1514 704 medicis
1535 656 1846 720 colliguntur.

89 736 318 796 vQuintus
344 734 641 794 auricularis,
662 752 749 798 pro
776 752 836 783 eo
862 737 998 798 quod
1018 753 1078 784 eo
1103 753 1272 784 aurem
1292 736 1571 799 scalpimus.
1626 740 1847 801 Vngulas
1873 744 1935 798 7‘2

99 834 158 865 ex
202 818 393 866 Graeco
431 833 699 865 vocamus:
738 816 805 864 illi
845 816 977 864 enirn
1018 819 1105 866 has
1151 819 1317 882 ὄνυχας
1360 808 1546 867 dicunt.
1619 822 1847 867 Truncus

100 899 263 948 media
278 915 387 961 pars
405 897 620 960 corporis
637 915 666 945 a
682 899 811 946 collo
828 900 891 946 ad
909 898 1175 962 inguinem.
1230 902 1307 947 De
1325 917 1424 962 quo
1442 900 1846 965 Nigidius(108):

27 1000 76 1028 10
101 981 295 1042 ‘Caput
321 981 450 1027 collo
484 978 688 1039 vehitur,
723 989 923 1028 truncus
955 982 1222 1029 sustinetur
1257 980 1390 1028 coxis
1426 990 1473 1029 et
1502 981 1711 1044 genibus
1747 999 1850 1029 cru-

98 1062 362 1123 ribusque.'
446 1062 644 1109 Thorax
687 1078 715 1108 a
758 1062 958 1109 Graecis
993 1061 1173 1111 dicitur
1207 1062 1421 1110 anterior
1461 1053 1570 1125 pars
1615 1063 1773 1111 trunci
1822 1081 1850 1111 a
1874 1077 1934 1126 73

97 1144 227 1191 collo
253 1159 410 1205 usque
435 1144 498 1191 ad
525 1143 851 1202 stomachum,
882 1160 1031 1206 quam
1059 1161 1149 1192 nos
1177 1143 1388 1192 dicimus
1421 1134 1585 1192 arcam
1622 1162 1681 1193 eo
1713 1147 1850 1207 quod

96 1223 164 1273 ibi
189 1241 423 1272 arcanum
451 1223 523 1284 sit,
553 1223 603 1272 id
630 1233 703 1272 est
729 1233 986 1284 secretum,
1016 1242 1115 1288 quo
1142 1226 1289 1274 ceteri
1316 1235 1557 1274 arcentur.
1628 1228 1776 1274 Vnde
1803 1235 1851 1274 et

97 1323 209 1356 arca
235 1316 282 1354 et
307 1323 388 1354 ara
414 1306 560 1367 dicta,
588 1308 728 1371 quasi
754 1326 828 1357 res
855 1317 1083 1356 secretae.
1175 1308 1329 1356 Cuius
1365 1307 1642 1356 eminentes
1670 1309 1850 1370 pulpae

28 1405 72 1445 15
98 1387 372 1437 mamillae:
425 1388 550 1437 inter
577 1407 698 1452 quas
726 1407 835 1453 pars
862 1392 942 1437 illa
968 1406 1110 1437 ossea
1146 1398 1317 1451 pectus
1357 1388 1549 1448 dicitur,
1580 1390 1851 1451 dextraque

97 1479 180 1518 aut
205 1472 342 1518 laeva
369 1479 550 1519 costae.
639 1474 819 1519 Pectus
845 1479 1091 1528 vocatum,
1123 1471 1262 1532 quod
1288 1469 1349 1517 sit
1376 1487 1557 1532 pexum
1585 1472 1710 1518 inter
1737 1469 1852 1518 emi-
1875 1483 1937 1533 74

95 1562 271 1601 nentes
299 1553 623 1600 mamillarum
651 1563 812 1616 partes
834 1571 846 1614 3
883 1554 1017 1601 unde
1043 1560 1091 1599 et
1118 1550 1366 1614 pectinem
1394 1550 1506 1610 dici,
1536 1553 1672 1614 quod
1699 1567 1850 1614 pexos

100 1634 304 1698 capillos
348 1633 506 1682 faciat.
582 1634 834 1682 Mamillae
874 1643 1093 1692 vocatae,
1123 1632 1238 1695 quia
1280 1634 1523 1681 rotundae
1563 1642 1676 1680 sunt
1711 1631 1848 1694 quasi

101 1718 272 1775 malae,
299 1731 385 1778 per
411 1714 793 1764 diminutionem
821 1714 1019 1763 scilicet.
1096 1713 1315 1776 Papillae
1341 1713 1502 1777 capita
1524 1730 1846 1762 mammarum
1874 1727 1935 1775 75

27 1818 77 1846 20
101 1805 227 1855 sunt,
257 1813 378 1859 quas
405 1805 634 1858 sugentes
673 1798 1100 1859 conprehendunt.
1178 1797 1241 1842 Et
1273 1794 1434 1843 dictae
1465 1795 1688 1858 papillae,
1714 1797 1849 1858 quod

100 1895 180 1926 eas
206 1877 418 1925 infantes
444 1879 582 1940 quasi
608 1888 840 1940 pappant,
869 1878 989 1926 dum
1018 1879 1092 1925 lac
1120 1886 1312 1940 sugunt.
1391 1877 1606 1925 Proinde
1632 1876 1849 1924 mamilla

99 1968 172 2007 est
197 1957 358 2006 omnis
395 1959 664 2006 eminentia
698 1958 874 2018 uberis,
904 1958 1086 2021 papilla
1121 1975 1236 2006 vero
1267 1958 1414 2006 breve
1451 1960 1573 2006 illud
1607 1960 1740 2007 unde
1774 1961 1848 2007 lac

99 2042 317 2089 trahitur.
390 2040 555 2088 Vbera
595 2039 740 2100 dicta,
768 2042 844 2088 vel
882 2039 997 2102 quia
1031 2042 1158 2087 lacte
1196 2039 1381 2098 uberta,
1421 2041 1495 2087 vel
1531 2039 1645 2102 quia
1685 2042 1846 2100 uvida,
1874 2039 1939 2097 76

100 2121 307 2170 humore
328 2121 513 2170 scilicet
530 2121 668 2169 lactis
694 2121 742 2168 in
772 2137 906 2170 more
933 2137 1137 2168 uvarum
1167 2122 1325 2182 plena.
1382 2122 1483 2168 Lac
1507 2120 1605 2168 vim
1634 2120 1849 2169 nominis
1873 2132 1934 2179 77

13 2221 75 2262 ‚25
99 2220 126 2251 a
147 2205 310 2252 colore
331 2202 488 2261 trahit,
513 2203 649 2265 quod
665 2202 726 2250 sit
749 2201 891 2251 albus
917 2201 1104 2264 liquor:
1145 2203 1307 2252 λευκὸς
1323 2200 1454 2249 enim
1475 2204 1663 2251 Graece
1680 2202 1847 2250 album

100 2286 271 2334 dicunt
295 2304 303 2333 :
342 2282 480 2332 cuius
510 2294 683 2332 natura
707 2301 765 2332 ex
783 2283 1020 2346 sanguine
1037 2292 1383 2331 commutatur.
1460 2285 1590 2331 Nam
1610 2293 1723 2347 post
1749 2301 1852 2346 par-

159 2425 175 2451 1
208 2419 382 2451 vocatur
404 2412 438 2450 C
599 2427 623 2450 2
654 2412 781 2451 index
802 2418 844 2450 et
865 2425 948 2451 om.
983 2410 1020 2448 T
1133 2412 1405 2451 salutatorius
1423 2411 1451 2450 C
1619 2426 1644 2462 3
1665 2414 1850 2462 ,demon-

101 2468 276 2507 sti-arius
300 2467 435 2505 Tame
446 2479 544 2507 corr.
654 2467 769 2518 quia]
785 2467 896 2516 quod
909 2464 956 2503 K
1064 2472 1141 2505 ost.
1156 2466 1287 2504 BDK
1302 2482 1308 2505 :
1331 2466 1490 2516 aliquid
1506 2468 1850 2507 demonstramus

105 2521 181 2560 CT
310 2536 334 2571 4
364 2522 496 2573 quod]
519 2521 618 2570 quia
638 2522 679 2560 Β
698 2537 706 2560 :
736 2535 816 2560 om.
840 2520 886 2558 K
997 2521 1157 2571 proprii
1178 2521 1219 2558 Β
1238 2535 1246 2559 :
1278 2522 1481 2571 propriae
1503 2521 1547 2559 K
1692 2526 1718 2561 6
1747 2524 1846 2562 item

101 2577 143 2615 Β
290 2575 400 2614 idem
423 2581 464 2614 et
485 2603 494 2614 .
520 2604 530 2614 .
555 2605 565 2614 .
587 2582 714 2625 caput
736 2579 777 2627 (ξ
799 2576 867 2626 72)
891 2588 972 2615 om.
998 2575 1058 2614 M.
1208 2577 1319 2615 med.
1342 2577 1437 2625 quia
1462 2575 1541 2615 CK
1675 2591 1699 2615 a
1721 2577 1849 2615 medi-

103 2630 208 2669 cinis
228 2630 269 2668 Β
398 2645 418 2680 7
449 2643 537 2669 aur.
559 2644 611 2669 eo
635 2630 669 2668 C
793 2632 819 2669 8
850 2629 982 2682 enim]
1005 2642 1183 2679 namque
1202 2630 1248 2668 K
1266 2633 1369 2681 (non
1392 2630 1453 2681 D)
1567 2631 1719 2669 onicen
1744 2632 1851 2681 (ων,

102 2698 207 2734 -ces‚
222 2685 348 2734 -cem)
367 2685 476 2724 codd.
499 2685 636 2727 (etiam
650 2684 708 2735 D>
823 2699 848 2734 9
869 2698 930 2723 co.
951 2697 1083 2733 usque
1100 2686 1152 2723 ad
1169 2685 1317 2735 C(non
1337 2685 1390 2735 U)
1510 2699 1560 2723 10
1585 2692 1853 2724 sustentetur

105 2738 200 2777 ΚΜ
218 2740 322 2790 (non
344 2739 472 2777 DFU
486 2739 627 2788 Mon.)
775 2752 820 2788 13
853 2739 957 2789 quo]
982 2740 1094 2789 quod
1114 2740 1155 2778 Β
1291 2753 1337 2788 14
1369 2746 1411 2778 et
1432 2753 1510 2777 arx
1532 2739 1647 2779 Serv.
1667 2739 1727 2778 ad
1742 2740 1851 2779 Aen.

109 2804 142 2841 1,
159 2796 237 2832 262
257 2809 266 2832 z
295 2807 378 2832 om.
397 2793 556 2844 K<non
573 2793 635 2843 D)
747 2801 915 2832 secreta
932 2793 977 2830 K
1084 2796 1150 2832 cui
1169 2807 1247 2832 em.
1268 2807 1437 2844 puppae
1451 2794 1508 2831 El
1625 2806 1671 2842 15
1703 2795 1853 2833 dextra

105 2853 243 2886 autem
265 2849 290 2886 1.
315 2847 382 2886 K:
417 2849 649 2897 dextraque
670 2853 810 2886 autem
834 2849 927 2886 leva
956 2847 1013 2886 T:
1050 2849 1201 2886 dextra
1221 2850 1426 2898 laevaque
1449 2849 1525 2886 CD
1640 2851 1688 2886 16
1717 2849 1850 2899 quod]

106 2902 202 2950 quia
216 2902 375 2953 K(non
389 2901 451 2950 D)
554 2902 771 2951 peximum
785 2901 886 2940 ΚΒ1
1004 2914 1049 2951 17
1073 2908 1219 2953 partes
1232 2916 1311 2943 om.
1329 2903 1374 2941 K
1385 2907 1489 2954 (non
1504 2902 1563 2942 Di
1676 2903 1851 2942 dic-imus

106 2955 204 3003 quia
223 2956 268 2994 K
285 2956 388 3006 (non
408 2956 469 3004 D)
615 2969 665 3007 19
695 2957 795 3007 Pap.
817 2963 963 2996 vocate
994 2956 1133 2996 Tante
1152 2970 1251 2997 corr.
1367 2958 1503 3006 capite
1534 2955 1570 2993 T
1700 2969 1747 2994 21
1779 2971 1848 3007 qu.

107 3009 180 3048 inf.
205 3010 238 3047 C
344 3018 496 3059 sugant
520 3011 569 3049 C1
699 3024 750 3048 22
779 3011 843 3049 lac
865 3025 946 3050 om.
966 3011 1013 3050 C¹
1154 3023 1204 3060 25
1226 3012 1364 3050 calore
1388 3011 1435 3049 C1
1546 3010 1680 3062 quod]
1700 3012 1795 3061 quia
1819 3014 1853 3051 C

106 3066 158 3102 26
180 3065 335 3102 ducunt
358 3065 407 3102 Cl
519 3070 699 3103 mutatur
720 3064 766 3102 K

166 3133 268 3170 1182
299 3144 332 3171 11
706 3161 714 3167 ,
945 3135 971 3167 Β
