2176 3424
461 100 1090 150 ETYMOLOGIARVM
1130 101 1258 147 LIB.
1301 100 1389 145 IX.
1430 97 1478 145 iii

100 238 268 284 Fortes
305 232 436 282 enim
470 248 606 295 reges
635 231 827 294 tyranni
860 230 1176 279 vocabantur.
1249 230 1378 277 Nam
1413 228 1504 277 tiro
1535 230 1684 278 fortis.
1761 230 1839 276 De

98 316 325 379 qualibus
361 313 607 363 Dominus
639 312 855 376 loquitur
883 310 1054 361 dicens
1089 309 1342 375 (Proverb.
1363 311 1406 369 8,
1433 309 1511 374 15)
1537 329 1547 360 :
1603 311 1722 358 ‘Per
1760 325 1840 358 me

97 413 233 461 reges
258 404 461 460 regnant
487 404 534 444 et
558 394 750 459 tyranni
775 410 860 458 per
886 409 966 442 me
991 401 1162 442 tenent
1181 394 1387 441 terram.'
1460 393 1568 439 Iam
1594 399 1767 455 postea
1791 391 1840 439 in
1865 406 1935 441 20

98 495 241 528 usum
277 477 457 527 accidit
492 486 723 540 tyrannos
760 475 922 526 vocari
958 473 1196 538 pessimos
1232 483 1380 537 atque
1415 473 1652 537 inprobos
1688 489 1839 536 regeS,

49 572 71 614 5
96 559 370 608 luxuriosae
395 557 748 607 dominationis
772 555 1094 620 cupiditatem
1124 565 1173 605 et
1205 556 1594 605 crudelissimam
1621 554 1843 605 domina-

97 644 283 691 tionem
320 643 370 689 in
407 640 600 704 populis
642 647 935 689 exercentes.
1032 638 1268 702 Princeps
1317 646 1364 686 et
1401 635 1652 700 dignitatis
1687 637 1841 686 modo
1864 652 1918 687 21

99 723 398 786 significatur
417 731 465 771 et
483 720 682 781 ordinis,
707 720 832 770 sicut
857 730 931 769 est
955 720 1077 769 illud
1102 718 1438 782 Vergilianum
1460 718 1605 783 (Aen.
1627 736 1671 781 9,
1693 717 1809 782 535)
1832 736 1840 766 z

335 804 567 866 Princeps
603 804 859 852 ardentem
897 801 1107 851 coniecit
1142 802 1374 864 lampada
1407 803 1621 860 TurnuS,

98 902 185 951 pro
210 885 409 950 primus.
485 886 660 933 Dictus
693 895 859 934 autern
895 883 1124 947 princeps
1150 899 1179 932 a
1203 882 1434 947 capiendi
1468 880 1840 946 significatione,

16 981 78 1014 110
98 969 234 1031 quod
259 966 443 1031 primus
470 965 642 1029 capiat,
673 966 798 1015 sicut
827 965 1083 1030 municeps
1120 966 1183 1014 ab
1209 981 1270 1014 eo
1300 966 1436 1028 quod
1467 964 1637 1014 munia
1666 963 1841 1027 capiat.

100 1053 214 1098 Dux
238 1048 397 1097 dictus
424 1064 484 1096 eo
503 1049 639 1110 quod
665 1048 726 1096 sit
750 1049 927 1097 ductor
952 1046 1204 1096 exercitus,
1278 1047 1376 1096 Sed
1402 1062 1504 1095 non
1529 1045 1708 1105 statim,
1738 1044 1844 1109 qui·
1870 1054 1937 1091 22

99 1146 312 1194 cumque
336 1129 579 1195 principes
605 1131 680 1179 vel
706 1131 857 1179 duces
884 1138 1009 1190 sunt,
1039 1128 1186 1178 etiarn
1213 1144 1348 1192 reges
1375 1127 1473 1177 dici
1497 1136 1720 1192 possunt.
1784 1128 1846 1175 In

99 1213 232 1262 bello
264 1221 430 1261 autern
464 1210 639 1260 melius
670 1213 849 1261 ducem
882 1212 1127 1260 nominari
1153 1227 1302 1274 quam
1335 1226 1514 1273 regem.
1587 1210 1718 1258 Nam
1748 1209 1845 1256 hoc

100 1311 284 1344 nomen
309 1293 534 1358 exprimit
559 1295 610 1341 in
635 1295 822 1357 proelio
848 1295 1129 1343 ducentem.
1183 1293 1332 1342 Vnde
1357 1301 1405 1341 et
1424 1289 1668 1354 Vergilius
1696 1289 1842 1355 (Aen.

31 1390 78 1433 Ι5
108 1395 179 1437 10,
202 1375 348 1441 370)=

761 1457 916 1507 Ducis
957 1456 1186 1506 Evandri.

102 1540 355 1591 Sallustius
384 1539 538 1603 (Hist.
563 1556 606 1600 4,
630 1542 744 1603 frag.
769 1554 790 1602 7
813 1540 937 1604 M.):
979 1541 1124 1601 ‘Quo
1155 1537 1383 1602 cupidius
1418 1536 1468 1585 in
1501 1551 1586 1585 ore
1620 1534 1761 1585 ducis
1796 1551 1847 1584 se

102 1622 310 1686 quisque
346 1622 567 1671 bonum.'
638 1623 755 1670 Non
792 1620 912 1670 dixit
965 1619 1045 1668 ‘in
1093 1635 1176 1668 ore
1224 1617 1469 1668 consulis.'
1542 1618 1847 1666 Monarchae
1872 1628 1936 1675 23

101 1714 227 1765 sunt,
248 1703 332 1767 qui
347 1703 640 1767 singularem
658 1702 914 1766 possident
929 1701 1270 1767 principatum,
1291 1700 1448 1763 qualis
1462 1699 1552 1748 fuit
1570 1699 1849 1748 Alexander

29 1802 79 1832 20
101 1788 233 1851 apud
260 1787 490 1844 Graecos,
520 1794 567 1833 et
603 1783 757 1833 Iulius
790 1786 923 1847 apud
959 1785 1231 1833 Romanos,
1305 1782 1441 1831 Hinc
1476 1791 1523 1831 et
1562 1780 1849 1831 monarchia

102 1869 290 1918 dicitur.
365 1869 526 1919 Μονὰς
554 1866 737 1930 quippe
764 1866 1069 1929 singularitas
1104 1866 1296 1915 Graeco
1330 1863 1547 1925 nomine,
1577 1864 1696 1929 ἀρχὴ
1721 1862 1848 1925 prin-

103 1950 291 2014 cipatus
317 1958 402 1998 est.
473 1949 770 1997 Tetrarchae
796 1956 910 1997 sunt
943 1956 1166 2011 quartam
1202 1955 1393 2010 partem
1423 1945 1557 2008 regni
1590 1953 1845 1994 tenentes:
1868 1958 1932 2007 24

103 2049 218 2081 nam
242 2034 438 2096 τέτταρα
461 2039 691 2094 quattuor
707 2039 820 2078 sunt
838 2048 851 2090 3
876 2029 1032 2093 qualis
1053 2028 1143 2077 fuit
1158 2030 1292 2091 apud
1314 2029 1552 2077 Iudaeam
1574 2027 1847 2091 Philippus,

104 2114 297 2164 Patricii
322 2115 439 2162 inde
463 2111 623 2162 vocati
649 2121 775 2172 sunt,
798 2128 886 2175 pro
911 2127 971 2161 eo
997 2111 1133 2174 quod
1159 2110 1284 2159 sicut
1308 2118 1469 2174 patres
1500 2108 1623 2170 filiis,
1653 2111 1720 2158 ita
1743 2124 1850 2173 pro·
1871 2122 1933 2172 25

30 2208 79 2251 ²5
103 2197 302 2246 videant
338 2194 652 2258 reipublicae.
724 2192 964 2243 Praefecti
994 2192 1126 2252 dicti,
1166 2192 1302 2255 quod
1335 2190 1576 2255 praetoria
1604 2199 1850 2255 potestate
1874 2194 1942 2241 26

103 2277 330 2342 praesint.
404 2279 671 2335 Praetores,
693 2275 826 2324 idem
854 2275 939 2338 qui
964 2284 1012 2324 et
1037 2273 1282 2337 praefecti,
1311 2272 1451 2337 quasi
1475 2272 1848 2337 praepositores
1874 2287 1937 2337 27

106 2359 360 2409 Praesides
390 2374 505 2407 vero
542 2356 674 2416 dicti,
716 2357 800 2419 qui
848 2356 1054 2406 alicuius
1102 2356 1199 2404 loci
1247 2357 1452 2404 tutelam
1501 2355 1854 2419 praesidialiter
1877 2359 1941 2407 28

105 2451 287 2491 tenent.
359 2439 570 2489 Tribuni
605 2438 779 2499 vocati,
814 2441 950 2502 quod
980 2437 1218 2487 militibus
1244 2437 1345 2487 sive
1377 2437 1606 2501 plebibus
1638 2436 1744 2486 iura
1779 2437 1856 2486 tri·
1878 2454 1948 2501 29

106 2523 280 2572 buunt.
319 2520 628 2572 Chiliarchae
645 2530 759 2569 sunt
779 2520 863 2583 qui
884 2519 1016 2569 mille
1036 2528 1282 2584 praesunt,
1305 2536 1430 2582 quos
1449 2536 1540 2569 nos
1557 2518 1855 2568 millenarios
1877 2537 1944 2584 30

161 2667 185 2692 2
215 2665 293 2703 per
313 2665 381 2691 me
403 2655 585 2701 regnant
606 2655 647 2688 et
667 2649 723 2687 Bl
848 2664 873 2701 3
903 2663 979 2702 per
999 2656 1161 2689 metent
1181 2655 1281 2690 terr.
1310 2649 1344 2689 C
1485 2662 1509 2700 5
1541 2650 1853 2690 damnationem

108 2707 163 2746 Β1
302 2709 328 2744 6
358 2705 610 2745 exercendis
631 2705 687 2742 Β1
855 2719 877 2755 7
909 2706 1011 2745 illud
1034 2718 1116 2744 om.
1142 2703 1188 2742 K
1348 2707 1373 2743 8
1407 2705 1597 2755 contegit
1617 2705 1855 2756 lampadam

110 2768 260 2801 turnos
282 2760 327 2800 K
486 2774 512 2811 9
544 2759 705 2810 primos
726 2759 771 2798 K
895 2766 1037 2800 autem
1059 2773 1141 2799 om.
1166 2758 1212 2797 K
1335 2760 1555 2809 capiendis
1578 2759 1628 2798 Ο
1649 2775 1658 2798 :
1688 2760 1856 2809 capien-

111 2817 164 2856 do
186 2816 233 2854 K
414 2828 463 2854 10
498 2826 562 2864 pr.
587 2813 765 2864 accipiat
788 2814 822 2854 C
1099 2827 1154 2853 m.
1174 2814 1346 2864 capiunt
1368 2813 1418 2852 C¹
1439 2829 1448 2855 ς
1478 2815 1590 2854 muni
1615 2814 1796 2863 accipiat
1816 2811 1863 2851 K

116 2882 161 2908 11
194 2883 279 2909 non
301 2883 384 2910 om.
409 2869 455 2908 K
579 2880 627 2906 12
657 2869 856 2920 princeps
876 2868 964 2908 KT
1092 2882 1137 2918 17
1170 2881 1266 2908 sese
1286 2867 1411 2908 BCK
1534 2883 1587 2908 20
1616 2869 1689 2908 Gr.
1713 2867 1796 2907 Iul.
1817 2867 1863 2905 K

115 2937 163 2962 21
197 2937 343 2964 monos
364 2923 474 2964 codd.
588 2923 701 2963 arcia
723 2923 981 2977 <-ch-).codd.
1153 2936 1203 2962 22
1233 2929 1295 2963 est
1316 2936 1398 2963 om.
1423 2922 1470 2962 K
1628 2929 1781 2962 tenens
1798 2922 1855 2961 Β1

115 2990 167 3027 23
187 2983 294 3018 tetra
305 2977 415 3019 codd.
437 2979 568 3028 (terra
585 2977 655 3030 Cl)
766 2991 819 3028 24
839 2979 947 3018 filios
963 2977 1009 3016 K
1114 2977 1364 3030 providente
1386 2977 1424 3016 T
1525 2989 1577 3027 25
1600 2972 1857 3018 PerfectiK1

117 3033 170 3072 26
200 3032 373 3083 perfecti
396 3032 442 3071 K
563 3045 614 3082 27
645 3032 742 3083 quia
764 3033 814 3072 C1
943 3034 995 3072 28
1024 3039 1126 3083 quot
1154 3032 1191 3072 T
1295 3033 1478 3072 tribuant
1500 3032 1535 3071 C
