2176 3424
422 122 1055 172 ETYMOLOGIARVM
1094 122 1223 169 LIB.
1264 123 1402 170 XIV.
1442 120 1606 169 vi-viii

138 254 344 315 civitate,
384 270 511 317 quae
544 253 612 302 ibi
645 262 717 302 est
752 253 855 302 sita.
932 253 1116 302 Borion
1153 252 1549 316 promuntorium
1592 251 1875 313 Numidiae,
1900 261 1928 310 7

135 346 363 386 vocatum
394 335 627 400 ita'quod
660 335 962 399 Aquilonem
994 337 1234 384 intendat.
1310 337 1426 383 Hoc
1459 337 1752 398 Hipponem
1784 336 1877 383 Re-

133 419 266 482 gium
306 427 477 483 postea
518 417 722 478 dictum,
767 434 855 481 pro
894 434 955 465 eo
995 419 1132 480 quod
1171 417 1232 466 sit
1274 433 1489 480 aequore
1532 418 1874 480 interruptum.

134 500 301 564 Calpis
328 499 604 564 Hispaniae
623 498 1033 562 promuntorium.

2 582 7 583 ⁷
87 597 108 637 5
269 584 352 630 DE
391 596 653 630 MONTIBVS
691 596 1014 637 CETERISQVE
1055 596 1264 629 TERRAE
1303 595 1599 628 VOCABVLIS.
1673 582 1875 629 Montes
1899 591 2004 631 VIII

124 672 246 714 ,sunt
294 673 509 712 tumores
551 672 784 712 terrarum
826 662 1063 722 altissimi,
1109 662 1227 712 dicti
1270 663 1406 725 quod
1445 661 1541 710 sint
1583 661 1871 711 eminentes.

135 744 353 807 Quidam
395 754 559 793 autem
595 743 799 807 propriis
839 759 897 792 ex
935 746 1093 792 causis
1127 743 1286 793 vocati
1324 753 1450 803 sunt,
1481 761 1539 792 ex
1575 744 1755 807 quibus
1792 762 1875 793 no-

132 826 270 875 tandi
306 835 418 875 sunt
444 826 528 889 qui
553 826 787 888 opinione
815 825 1012 873 maximi
1045 826 1367 876 celebrantur.
1445 828 1596 875 Mons
1623 828 1875 876 Caucasus
1899 845 1929 879 2

130 910 194 957 ab
214 910 357 957 India
376 925 531 971 usque
550 910 615 956 ad
635 910 854 956 Taurum
871 918 1136 970 porrectus,
1165 925 1253 971 pro
1278 908 1499 972 gentium
1524 926 1581 957 ac
1599 909 1873 972 linguarum

62 1011 109 1039 10
131 990 360 1039 varietate
386 1007 588 1053 quoquo
614 1007 807 1038 versum
834 989 980 1049 vadit,
1002 989 1205 1038 diversis
1230 990 1516 1039 nominibus
1543 1001 1872 1054 nuncupatur.

131 1073 230 1120 Vbi
261 1082 428 1120 autem
453 1073 517 1120 ad
544 1071 783 1120 orientem
805 1071 854 1119 in
882 1071 1199 1121 excelsiorem
1225 1072 1474 1136 consurgit
1500 1072 1873 1134 sublimitatem,

130 1170 219 1217 pro
267 1153 452 1202 nivium
496 1155 710 1202 candore
753 1153 1006 1204 Caucasus
1054 1163 1380 1218 nuncupatur.
1470 1157 1601 1204 Nam
1650 1155 1874 1204 orientali

130 1235 295 1299 lingua
315 1239 325 1260 ‘
345 1252 607 1284 caucasum
629 1238 638 1258 '
665 1235 904 1298 significat
930 1235 1215 1295 candidum,
1244 1236 1295 1284 id
1324 1246 1397 1285 est
1422 1236 1617 1286 nivibus
1644 1238 1876 1287 densissi—

132 1317 222 1366 mis
261 1317 618 1366 candicantem.
704 1319 852 1367 Vnde
895 1326 942 1366 et
980 1335 1093 1366 eum
1136 1319 1359 1380 Scythae,
1397 1318 1481 1381 qui
1516 1318 1678 1368 eidem
1717 1322 1874 1370 monti

59 1419 107 1459 15
131 1400 409 1463 iunguntur,
432 1399 715 1450 Croacasim
737 1409 1048 1449 vocaverunt.
1104 1403 1115 1425 ‘
1133 1399 1300 1450 Casim
1318 1402 1328 1422 '
1354 1400 1486 1450 enim
1507 1404 1640 1465 apud
1661 1419 1745 1452 eos
1765 1420 1876 1452 can-

131 1484 221 1531 dor
251 1481 351 1531 sive
381 1481 462 1530 nix
495 1482 684 1531 dicitur.
760 1484 911 1531 Mons
941 1484 1135 1531 Taurus
1168 1498 1196 1530 a
1229 1482 1475 1546 plerisque
1506 1483 1639 1532 idem
1673 1495 1875 1535 vocatur
1899 1507 1929 1552 3

131 1574 179 1613 et
227 1563 492 1614 Caucasus.
581 1563 800 1612 Libanus
851 1581 994 1612 mons
1043 1563 1353 1612 Phoenicum
1402 1564 1682 1626 altissimus,
1734 1566 1873 1614 cuius
1897 1586 1930 1631 4

132 1645 461 1694 meminerunt
481 1647 750 1709 prophetae
770 1664 781 1706 3
818 1645 977 1695 dictus
997 1662 1026 1694 a
1052 1655 1171 1706 ture,
1201 1645 1316 1709 quia
1336 1646 1404 1695 ibi
1422 1647 1675 1710 colligitur.
1718 1648 1872 1698 Cuius

133 1745 189 1776 ea
224 1744 347 1790 pars,
376 1744 502 1790 quae
536 1737 608 1777 est
641 1744 786 1790 super
810 1744 923 1776 eum
961 1729 1024 1776 ad
1058 1727 1344 1776 orientalem
1372 1730 1564 1792 plagam
1591 1730 1871 1793 respiciens,

61 1827 110 1856 20
132 1809 448 1858 Antilibanus
473 1811 758 1872 appellatur,
787 1809 838 1858 id
875 1818 948 1859 est
985 1820 1156 1859 contra
1183 1810 1444 1860 Libanum.
1520 1814 1693 1861 Ararat
1731 1829 1873 1861 mons
1900 1830 1931 1879 5

132 1890 407 1951 Armeniae,
436 1890 486 1938 in
513 1907 612 1954 quo
637 1907 799 1939 arcam
826 1890 1044 1939 historici
1076 1901 1190 1954 post
1215 1892 1454 1941 diluvium
1482 1893 1669 1943 sedisse
1696 1903 1869 1943 testan-

131 1983 220 2022 tur.
293 1974 441 2021 Vnde
489 1981 537 2021 et
584 1989 741 2035 usque
789 1973 940 2022 hodie
988 1973 1174 2023 ibidem
1218 1974 1461 2037 lignorum
1505 1975 1610 2024 eius
1647 1975 1876 2025 videntur

131 2054 344 2118 vestigia.
401 2054 749 2103 Acroceraunii
777 2064 971 2103 montes
988 2065 1186 2118 propter
1205 2055 1516 2105 altitudinem
1537 2067 1584 2106 et
1611 2058 1871 2106 fulminum
1898 2065 1933 2112 6

132 2136 286 2185 iactus
306 2137 463 2185 vocati
490 2145 603 2184 sunt
613 2155 626 2197 3
663 2137 852 2186 Graece
878 2136 1010 2185 enim
1037 2138 1223 2186 fulmen
1251 2140 1464 2201 κεραυνὸς
1484 2138 1675 2189 dicitur.
1749 2141 1873 2188 Sunt

2 2220 3 2224 ’
46 2242 108 2283 ,25
132 2227 297 2268 autem
324 2218 447 2266 inter
473 2217 759 2266 Armeniam
785 2227 833 2267 et
872 2218 1100 2279 Iberiam,
1130 2218 1422 2284 incipientes
1448 2237 1476 2268 a
1501 2220 1653 2283 portis
1681 2222 1872 2285 Caspiis

132 2300 368 2363 usquead
392 2300 579 2347 fontem
606 2299 819 2362 Tigridis
846 2299 991 2349 fluvii.
1068 2301 1382 2364 Hyperborei
1407 2311 1602 2351 montes
1628 2304 1870 2366 Scythiae,
1899 2318 1928 2367 7

132 2380 250 2430 dicti
275 2381 410 2444 quod
436 2397 594 2444 supra,
623 2380 673 2429 id
701 2390 773 2430 est
798 2382 936 2441 ultra,
959 2397 1043 2430 eos
1070 2383 1152 2431 fiat
1174 2384 1370 2431 Boreas.
1439 2383 1653 2447 Riphaei
1680 2395 1872 2434 montes
1900 2399 1930 2445 8

132 2462 181 2510 in
206 2461 366 2525 capite
390 2461 685 2511 Germaniae
711 2471 837 2522 sunt,
857 2479 886 2511 a
910 2471 1149 2526 perpetuo
1175 2473 1433 2512 ventorum
1455 2466 1572 2513 flatu
1598 2465 1839 2515 nominati
1861 2485 1874 2527 3

190 2606 208 2631 1
240 2591 321 2630 sita
341 2596 406 2630 est
422 2590 464 2629 B
574 2590 745 2630 Boreon
763 2589 852 2629 ΒΚ
958 2605 982 2629 2
1012 2592 1171 2642 ippone
1183 2592 1328 2633 BCT:
1357 2593 1564 2644 ipponiK
1672 2608 1696 2645 3
1716 2609 1876 2646 aequor

141 2645 177 2684 T
283 2647 518 2695 interrupto
540 2644 586 2683 K
746 2647 773 2684 6
801 2646 933 2698 quod]
955 2647 1054 2696 quid
1082 2646 1119 2684 T
1276 2650 1301 2687 8
1331 2649 1513 2688 maxima
1533 2649 1579 2687 K
1596 2664 1604 2689 τ
1635 2651 1816 2689 maxime
1842 2652 1872 2691 C

133 2701 236 2740 Cau.
259 2713 340 2740 mo.
363 2699 448 2738 BT
556 2713 605 2739 10
633 2712 787 2750 versus
806 2700 852 2738 K
963 2715 1010 2739 12
1039 2707 1217 2752 propter
1237 2702 1294 2742 ni.
1321 2705 1546 2743 candorem
1570 2705 1605 2744 C
1711 2718 1806 2744 nam
1829 2705 1871 2745 in

115 2758 193 2796 'or.
223 2754 262 2792 T
385 2767 433 2804 13
462 2767 664 2794 caucasus
686 2754 727 2791 B
858 2767 906 2804 14
938 2755 1051 2795 idem
1079 2756 1116 2793 T
1250 2770 1297 2807 15
1329 2759 1587 2798 crouecasim
1610 2759 1646 2798 C
1754 2761 1870 2800 casin

113 2809 176 2853 VB
195 2824 204 2849 z
233 2809 391 2859 capsim
415 2809 451 2847 C
595 2812 643 2848 16
671 2809 782 2848 idem
802 2823 886 2849 om.
910 2810 957 2848 K
1086 2824 1133 2860 17
1164 2825 1386 2852 caucasum
1408 2812 1455 2851 K
1560 2813 1808 2853 altissimum
1829 2814 1872 2853 Κ

135 2876 187 2903 20
215 2863 511 2914 appellabatur
530 2863 618 2902 ΒΚ
750 2863 934 2916 Ararath
957 2865 992 2904 C
1170 2879 1219 2905 21
1253 2867 1430 2906 historia
1453 2868 1488 2907 C
1636 2874 1818 2907 testatur
1840 2870 1871 2908 C

119 2931 187 2957 ⁴22
215 2919 369 2958 ibidem
389 2933 472 2958 om.
489 2917 546 2955 Β1
722 2930 773 2968 23
801 2918 1112 2958 Acroceraunei
1130 2920 1176 2958 K
1283 2922 1310 2962 f.
1334 2923 1440 2961 ictus
1463 2921 1523 2962 C:
1553 2922 1738 2961 fulminis
1758 2924 1869 2963 iactu

134 2972 181 3011 K
253 2979 255 2982 ⁴
287 2982 339 3022 24
368 2975 522 3012 flumen
555 2972 591 3011 C
697 2984 749 3022 25
777 2974 916 3024 caspis
936 2973 978 3011 Β
1087 2987 1137 3023 27
1168 2975 1210 3015 id
1231 2975 1315 3028 est]
1337 2977 1446 3016 idem
1470 2977 1505 3015 C
1511 2977 1525 3002 ¹
1654 2978 1808 3018 boreus
1827 2978 1874 3017 K

108 3070 111 3072 ‚
135 3026 246 3075 Rifei
263 3028 398 3081 (-ph-)
425 3027 538 3067 codd.
649 3028 713 3066 28·
731 3028 862 3080 nom.]
885 3030 1116 3079 nuncupati
1139 3028 1174 3067 C
1235 3068 1242 3080 ,

954 3133 1045 3166 Κ2
