2176 3424
362 119 992 169 ETYMOLOGIARVM
1033 118 1161 164 LIB.
1203 118 1324 163 XII.
1365 115 1441 175 vii,
1481 115 1562 163 viii

93 259 276 314 putant,
346 265 493 299 ovum
555 249 796 296 Graecam
869 245 1050 293 habere
1122 243 1360 307 originem
1431 242 1660 293 nominis.
1754 242 1831 289 Illi

90 341 255 381 autem
302 332 472 380 dicunt
521 329 599 394 (ῥὰ,
641 330 687 375 V
734 327 893 376 littera
941 327 1118 376 ablata.
1207 327 1314 376 Ova
1366 334 1532 374 autern
1585 325 1829 387 quaedam
1857 324 1911 370 81

91 413 223 462 inani
272 421 419 462 vento
470 409 816 473 concipiuntur
843 427 855 469 3
905 409 993 457 sed
1046 425 1149 456 non
1205 416 1319 456 sunt
1373 405 1684 471 generabilia,
1739 404 1831 453 nisi

90 513 216 559 quae
278 495 456 542 fuerint
521 491 791 542 concubitu
857 490 1129 539 masculino
1201 499 1443 553 concepta
1502 498 1550 538 et
1609 487 1832 537 seminali

45 598 66 639 5
90 576 258 641 spiritu
306 583 572 639 penetrata.
661 575 881 623 Ovorum
935 571 1033 620 vim
1077 581 1263 621 tantam
1316 571 1489 620 dicunt
1539 579 1592 620 ut
1644 569 1832 633 lignum

90 659 339 722 perfusum
380 674 439 706 eo
490 674 591 706 non
634 657 816 713 ardeat,
854 672 911 702 ac
962 671 1024 702 ne
1073 654 1220 703 vestis
1269 654 1473 716 quidem
1510 661 1681 701 contra
1717 652 1834 700 adu-

90 750 232 789 ratur.
329 739 564 788 Admixta
613 753 812 800 quoque
862 737 996 784 calce
1050 737 1290 798 glutinare
1349 737 1497 783 fertur
1553 733 1661 783 vitri
1716 735 1834 796 frag·

92 831 269 871 menta.

225 906 309 951 DE
325 917 542 951 MiNVTis
562 915 912 950 VOLATILfflvs.
968 902 1101 963 Apes
1118 898 1291 956 dictae,
1313 900 1387 947 vel
1404 900 1540 961 quod
1557 915 1608 947 se
1625 897 1836 961 pedibus
1859 900 1963 939 VIII

0 1003 68 1032 *ιο
90 985 301 1034 invicem
325 983 540 1047 alligent,
561 984 637 1032 vel
657 999 745 1046 pro
766 998 825 1030 eo
845 983 981 1044 quod
1007 981 1112 1030 sine
1136 980 1348 1045 pedibus
1368 990 1651 1029 nascuntur.
1705 981 1836 1027 Nam

91 1079 260 1132 postea
289 1077 337 1116 et
366 1068 518 1130 pedes
553 1076 600 1114 et
634 1064 808 1128 pinnas
842 1062 1103 1127 accipiunt.
1178 1066 1320 1112 Haec
1354 1064 1574 1112 sollertes
1608 1061 1658 1110 in
1691 1077 1838 1124 gene-

90 1149 228 1198 randi
260 1148 415 1197 mellis
441 1147 604 1197 officio
629 1145 908 1209 adsignatas
943 1145 1167 1194 incolunt
1192 1146 1350 1204 sedes,
1377 1144 1627 1194 domicilia
1652 1143 1840 1192 inenar-

89 1231 226 1281 rabili
246 1240 347 1280 arte
368 1238 672 1293 conponunt,
695 1245 753 1277 ex
769 1227 910 1277 variis
931 1226 1130 1275 floribus
1151 1228 1315 1275 favum
1336 1227 1572 1284 condunt,
1596 1224 1839 1287 textisque

91 1314 212 1364 ceris
238 1313 495 1362 innumera
521 1313 656 1375 prole
691 1320 847 1358 castra
872 1311 1075 1372 replent,
1105 1307 1368 1357 exercitum
1397 1317 1444 1356 et
1470 1325 1605 1371 reges
1635 1307 1834 1365 habent,

4 1407 68 1470 {ss
91 1395 274 1461 proelia
311 1403 524 1453 movent,
564 1395 755 1440 fumum
799 1392 1003 1454 fugiunt,
1043 1391 1256 1438 tumultu
1294 1399 1653 1452 exasperantur.
1728 1391 1837 1436 Has
1861 1398 1891 1432 2

43 1475 45 1479 ¹
92 1476 310 1541 plerique
344 1474 527 1539 experti
565 1484 678 1522 sunt
711 1475 774 1523 de
811 1473 964 1521 boum
1001 1471 1321 1520 cadaveribus
1358 1471 1508 1520 nasci.
1582 1473 1711 1519 Nam
1751 1486 1838 1533 pro

93 1558 166 1607 his
204 1556 427 1606 creandis
463 1558 726 1605 vitulorum
765 1554 1040 1603 occisorum
1078 1570 1247 1602 carnes
1285 1552 1614 1612 verberantur,
1651 1562 1703 1600 ut
1740 1549 1838 1617 [ex]

93 1641 365 1703 putrefacto
396 1655 567 1687 cruore
592 1654 781 1686 vermes
817 1646 1054 1695 creentur,
1083 1637 1166 1698 qui
1199 1644 1372 1698 postea
1406 1634 1682 1683 efficiuntur
1710 1650 1842 1696 apes.

96 1722 295 1784 Proprie
329 1730 494 1769 tamen
528 1736 644 1783 apes
670 1728 907 1767 vocantur
933 1726 1067 1765 ortae
1101 1718 1162 1765 de
1198 1717 1371 1776 bobus,
1400 1716 1543 1764 sicuti
1577 1715 1842 1764 scabrones

6 1818 72 1847 ‚20
95 1805 157 1852 de
189 1802 341 1865 equis,
369 1801 467 1850 fuci
501 1803 564 1850 de
598 1800 755 1860 mulis,
785 1817 962 1863 vespae
1000 1800 1062 1848 de
1098 1798 1260 1846 asinis.
1333 1799 1535 1848 Costros
1562 1796 1738 1847 Graeci
1763 1814 1841 1860 ap·
1867 1803 1897 1848 3

94 1886 288 1948 pellant,
333 1883 417 1946 qui
456 1882 505 1930 in
546 1881 771 1931 extremis
815 1883 1035 1930 favorum
1075 1879 1293 1943 partibus
1337 1879 1544 1928 maiores
1587 1887 1839 1927 creantur:

94 1983 217 2028 quos
250 1964 401 2028 aliqui
438 1981 574 2027 reges
611 1972 798 2027 putant.
876 1962 1008 2010 Dicti
1043 1964 1179 2024 quod
1216 1970 1372 2010 castra
1405 1963 1601 2010 ducant.
1678 1962 1842 2023 Fugus

95 2058 166 2096 est
187 2046 340 2096 maior
355 2063 461 2109 ape,
480 2045 720 2094 scabrone
741 2046 914 2092 minor.
972 2043 1146 2092 Dictus
1163 2052 1328 2092 autem
1346 2044 1487 2106 fugus
1505 2043 1641 2105 quod
1656 2041 1842 2091 alienos

0 2175 6 2201 ÷
95 2129 286 2177 labores
313 2130 439 2186 edat,
469 2127 607 2190 quasi
632 2128 770 2190 fagus
788 2145 800 2187 3
837 2125 1116 2189 depascitur
1142 2124 1273 2173 enim
1300 2126 1435 2187 quod
1462 2141 1562 2173 non
1587 2123 1839 2173 laboravit.

5 2226 72 2266 ³²5
100 2212 177 2259 De
201 2227 301 2274 quo
326 2208 567 2272 Vergilius
594 2208 794 2272 (Georg.
815 2225 857 2267 4,
884 2207 1026 2271 168):

333 2293 573 2354 Ignavum
610 2291 747 2338 fucos
785 2306 935 2352 pecus
970 2306 999 2336 a
1036 2287 1351 2351 praesepibus
1387 2295 1568 2335 arcent.

97 2375 290 2436 Vespae
312 2411 321 2422 .
344 2411 354 2421 .
380 2411 388 2420 .
410 2372 683 2421 Scabrones
708 2370 869 2420 vocati
894 2387 922 2418 a
947 2370 1085 2429 cabo,
1114 2369 1164 2419 id
1190 2378 1263 2418 est
1290 2367 1358 2435 [a]
1385 2369 1591 2428 caballo,
1620 2369 1756 2432 quod
1780 2386 1837 2418 ex
1860 2378 1893 2425 4

152 2516 175 2540 2
206 2501 348 2542 dicunt
368 2515 451 2542 om.
474 2502 529 2541 Β1
614 2502 784 2551 quidam
802 2500 871 2538 K:
902 2513 982 2538 om.
1017 2499 1054 2536 T
1158 2511 1183 2547 3
1214 2498 1354 2550 inani]
1375 2498 1417 2536 in
1438 2498 1495 2536 Β1
1606 2501 1633 2537 6
1662 2498 1767 2548 perf.
1789 2511 1843 2536 ex

99 2570 148 2596 eo
175 2557 236 2596 T:
265 2559 480 2607 profusum
502 2570 552 2596 eo
577 2556 611 2595 C
715 2569 742 2605 9
771 2556 883 2594 dicta
912 2554 948 2593 T
1051 2554 1135 2594 inv.
1160 2554 1257 2603 ped.
1278 2554 1320 2592 Β
1451 2567 1500 2592 10
1531 2567 1607 2604 pro
1629 2566 1681 2592 eo
1703 2567 1785 2592 om.
1803 2552 1843 2591 Β

0 2652 6 2654 ,
46 2623 47 2626 ’
99 2618 325 2651 nascantur
343 2611 384 2649 Β
552 2624 599 2660 13
630 2624 705 2661 pro
724 2623 810 2649 var.
835 2609 879 2648 K
989 2609 1113 2648 cond.
1136 2608 1216 2647 sav,
1234 2607 1268 2646 C
1379 2621 1426 2656 14
1447 2608 1590 2658 prole]
1617 2607 1766 2657 procul
1792 2606 1842 2645 C1

39 2663 52 2717 j
101 2667 310 2705 exereitus
331 2666 376 2704 K
488 2679 535 2715 17
566 2666 632 2716 ut]
650 2671 692 2704 et
723 2665 760 2703 T
863 2677 917 2702 ex
938 2663 1029 2702 hab.
1062 2662 1122 2702 T:
1151 2677 1230 2701 om.
1249 2663 1338 2700 ΒΚ
1450 2664 1497 2700 18
1516 2663 1779 2701 aefficiantur
1799 2662 1846 2699 K

43 2731 46 2742 ¹
104 2734 153 2770 19
181 2722 289 2760 sicut
317 2721 354 2758 T
431 2733 666 2770 scaprones
686 2719 756 2757 K:
788 2720 1014 2758 scrabones
1043 2717 1080 2755 T
1169 2731 1223 2756 20
1243 2718 1409 2766 Capros
1429 2717 1542 2756 KO:
1573 2718 1750 2757 Custros
1771 2715 1840 2754 X:

103 2775 276 2814 Castros
299 2775 353 2814 C:
385 2774 581 2825 Οἵστρους
600 2773 821 2813 Palladius
840 2776 877 2824 6,
903 2786 952 2812 10
975 2774 1028 2824 (2)
1198 2785 1249 2810 22
1279 2771 1427 2823 aliqui]
1447 2772 1501 2810 ali
1524 2771 1569 2809 K
1690 2772 1788 2820 quia
1810 2771 1845 2809 C

104 2830 240 2869 Fucus
261 2859 271 2870 .
293 2859 302 2869 .
325 2861 333 2870 .
357 2830 476 2869 fucus
504 2829 592 2867 ΒΤ
728 2841 780 2877 23
808 2841 888 2878 ape
918 2841 998 2866 ma.
1034 2826 1090 2864 C:
1123 2840 1200 2866 ma.
1225 2827 1318 2876 apis
1345 2826 1385 2864 Β
1497 2827 1725 2865 scrabrone
1754 2824 1841 2864 Blz

103 2897 308 2934 scaprone
322 2884 367 2922 K
475 2897 526 2933 24
551 2884 692 2935 fagus]
710 2883 833 2932 fugus
847 2883 912 2922 K:
947 2883 1062 2921 fo÷=us
1076 2881 1115 2918 Β
1225 2881 1359 2932 quod]
1378 2894 1483 2931 quae
1498 2881 1537 2920 Β
1647 2882 1700 2919 26
1721 2879 1842 2929 fugus

103 2938 217 2978 BK:
248 2940 365 2978 fucus
391 2939 427 2976 T
558 2951 689 2988 pecus
708 2951 792 2977 om.
815 2937 860 2975 K
995 2942 1108 2974 arcet
1131 2935 1261 2973 ΒΚΤ
1456 2949 1505 2985 27
1539 2935 1780 2984 Scaprones
1801 2935 1846 2972 K

105 3006 128 3032 a
149 2995 241 3034 hab.
266 2993 362 3032 CT:
393 3007 475 3032 om.
498 2993 583 3031 ΒΚ
