2176 3424
1034 144 1306 194 ISIDORI

301 271 351 320 id
377 280 450 320 est
475 281 666 333 terram,
693 290 721 322 a
746 275 970 323 creandis
1005 273 1223 337 frugibus
1252 275 1485 323 adserunt
1513 274 1710 333 dictam,
1739 275 2042 337 appellantes

301 371 409 402 eam
447 354 734 404 nominibus
770 355 1003 418 plurimis.
1076 355 1269 404 Dicunt
1306 354 1453 404 etiam
1491 373 1600 405 eam
1627 366 1674 405 et
1701 357 1878 420 Opem,
1906 357 2042 419 quod

206 439 278 486 60
303 453 450 499 opere
480 437 653 486 melior
683 439 767 486 fiat
798 447 951 487 terra:
991 437 1350 501 Proserpinam,
1384 439 1520 501 quod
1554 455 1612 487 ex
1644 453 1702 487 ea
1734 437 2039 501 proserpiant

219 521 280 568 61
302 519 492 581 fruges:
541 522 759 580 Vestam,
788 521 925 582 quod
955 519 1120 569 herbis
1153 522 1230 568 vel
1259 518 1401 568 variis
1426 521 1601 569 vestita
1634 518 1695 568 sit
1728 519 1888 579 rebus,
1915 521 1992 568 vel
2016 536 2044 567 a

302 599 348 648 vi
375 618 463 649 sua
487 603 679 650 stando.
755 603 982 651 Eandem
1008 611 1056 651 et
1083 602 1337 651 Tellurem
1371 611 1420 650 et
1453 604 1667 650 Matrem
1702 618 1930 666 magnam
1958 603 2047 649 fin·
2073 620 2093 661 5

301 693 436 747 gunt,
465 684 685 733 turritam
723 702 836 733 cum
873 694 1110 749 tympano
1147 694 1194 734 et
1230 687 1359 748 gallo
1385 694 1433 733 et
1459 683 1662 747 strepitu
1689 685 2044 748 cymbalorum.

306 768 519 815 Matrem
545 776 784 827 vocatam,
813 769 950 830 quod
982 767 1192 831 plurima
1225 767 1379 831 pariat
1399 785 1411 827 3
1448 783 1690 829 magnam,
1719 767 1855 829 quod
1881 765 2046 815 cibum

305 847 470 912 gignat
489 867 500 909 3
535 850 731 909 almam,
759 849 875 912 quia
899 849 1125 898 universa
1148 848 1378 898 animalia
1404 848 1640 897 fructibus
1666 848 1764 896 suis
1790 847 1886 896 alit.
1962 850 2050 896 Est

216 933 287 980 62
308 932 440 979 enim
482 931 830 980 alimentorum
866 932 1027 980 nutrix
1064 942 1202 981 terra.
1277 933 1429 993 Quod
1463 931 1777 980 simulacrum
1808 932 1911 979 eius
1937 947 2050 979 cum

308 1013 431 1061 clavi
479 1013 690 1076 fingitur,
727 1013 841 1076 quia
889 1016 1032 1062 tellus
1075 1014 1239 1063 hieme
1287 1013 1543 1073 clauditur,
1583 1030 1694 1062 vere
1741 1012 1956 1076 aperitur
1999 1023 2052 1062 ut
2080 1031 2127 1058 ιο

307 1083 468 1159 fruges
505 1106 782 1144 nascantur.
857 1099 1008 1158 Quod
1045 1106 1335 1160 tympanum
1372 1096 1534 1155 habet,
1577 1095 1848 1159 significare
1883 1097 2054 1144 volunt

220 1184 288 1241 63
311 1180 483 1228 orbem
526 1188 694 1229 terrae.
771 1181 922 1240 Quod
965 1197 1107 1228 curru
1146 1178 1256 1228 vehi
1304 1178 1494 1237 dicitur,
1524 1177 1639 1241 quia
1675 1177 1780 1240 ipsa
1815 1186 1888 1226 est
1931 1187 2054 1226 terra

313 1276 439 1322 quae
487 1262 672 1324 pendet
714 1261 764 1308 in
806 1278 930 1310 aere.
1006 1262 1158 1322 Quod
1201 1260 1465 1309 sustinetur
1512 1259 1646 1320 rotis,
1684 1259 1798 1322 quia
1842 1261 2055 1309 mundus

312 1351 497 1390 rotatur
521 1353 569 1391 et
595 1343 822 1392 volubilis
848 1353 935 1392 est.
1009 1344 1162 1405 Quod
1186 1345 1355 1398 leones
1381 1342 1450 1390 illi
1482 1341 1730 1391 subiciunt
1757 1351 2058 1401 mansuetos,

314 1434 366 1472 ut
409 1426 676 1474 ostendant
713 1427 903 1474 nullum
941 1443 1096 1489 genus
1129 1442 1236 1474 esse
1273 1435 1373 1473 tam
1405 1426 1560 1473 ferum
1598 1425 1734 1487 quod
1765 1441 1865 1473 non
1899 1423 2057 1486 subigi
2084 1441 2130 1480 15

220 1515 291 1573 64
315 1509 469 1571 possit
493 1517 578 1556 aut
603 1508 819 1572 superari
843 1508 906 1557 ab
933 1525 1002 1556 ea.
1065 1510 1216 1569 Quod
1242 1509 1292 1555 in
1318 1506 1476 1570 capite
1500 1506 1720 1555 turritam
1746 1515 1901 1570 gestat
1926 1522 2059 1553 coro·

315 1606 444 1649 nam,
464 1590 681 1639 ostendit
704 1589 1034 1653 superpositas
1061 1599 1215 1637 terrae
1239 1588 1458 1638 civitates
1485 1588 1624 1652 quasi
1648 1587 1901 1651 insignitas
1928 1586 2061 1635 turri-

317 1672 408 1720 bus
435 1681 675 1721 constare.
751 1674 903 1734 Quod
931 1673 1073 1721 sedes
1099 1673 1348 1735 finguntur
1378 1671 1506 1720 circa
1530 1688 1653 1730 eam,
1683 1669 1798 1733 quia
1822 1686 1935 1718 curn
1961 1685 2060 1718 om-

222 1759 293 1819 65
317 1754 399 1803 nia
438 1764 740 1814 moveantur,
783 1755 939 1818 ipsam
983 1771 1085 1802 non
1135 1753 1333 1803 moveri.
1409 1754 1561 1815 Quod
1610 1752 1918 1815 Corybantes
1958 1750 2061 1799 eius

319 1836 527 1885 ministri
552 1854 666 1885 cum
693 1836 869 1885 strictis
889 1836 1062 1899 gladiis
1083 1852 1189 1884 esse
1205 1837 1468 1898 finguntur,
1489 1845 1540 1883 ut
1567 1834 1865 1898 significetur
1889 1848 2062 1882 omnes
2087 1850 2138 1878 20

319 1935 407 1982 pro
434 1928 558 1967 terra
584 1935 671 1967 sua
696 1918 878 1967 debere
904 1934 1134 1981 pugnare.
1198 1918 1350 1978 Quod
1375 1918 1528 1980 gallos
1554 1916 1669 1964 huic
1694 1917 1818 1965 deae
1844 1924 1897 1963 ut
1922 1913 2064 1963 servi—

320 2011 428 2049 rent
470 2002 705 2060 fecerunt,
733 1999 1010 2063 significant
1052 1998 1135 2061 qui
1179 1998 1366 2047 semine
1403 1998 1669 2062 indigeant,
1712 2007 1889 2046 terram
1926 1996 2064 2060 sequi

222 2092 296 2140 66
321 2092 578 2147 oportere,
627 2084 676 2130 in
710 2099 767 2131 ea
801 2081 984 2146 quippe
1018 2082 1186 2130 omnia
1219 2080 1442 2145 reperire.
1514 2081 1666 2142 Quod
1703 2097 1754 2128 se
1790 2080 1922 2144 apud
1955 2096 2063 2128 eam

323 2165 518 2225 iactant,
547 2164 856 2228 praecipitur,
877 2163 1121 2227 inquiunt,
1140 2172 1193 2211 ut
1219 2163 1302 2226 qui
1332 2173 1508 2212 terram
1540 2164 1710 2211 colunt
1735 2179 1798 2211 ne
1830 2162 2067 2220 sedeant3

321 2264 515 2311 semper
539 2246 672 2295 enim
699 2262 805 2295 esse
830 2247 966 2309 quod
988 2254 1148 2308 agant.
1222 2244 1577 2308 Cymbalorum
1612 2253 1778 2292 autem
1813 2258 2067 2292 aereorum
2094 2260 2140 2300 25

324 2330 528 2390 sonitus,
551 2330 956 2378 ferramentorum
977 2326 1188 2390 crepitus
1214 2325 1264 2374 in
1291 2327 1505 2375 colendo
1523 2343 1667 2390 agro:
1706 2327 1794 2374 sed
1813 2324 1926 2374 ideo
1942 2341 2066 2384 aere,

325 2414 462 2476 quod
487 2422 663 2460 terram
689 2410 879 2474 antiqui
904 2426 1015 2459 aere
1047 2409 1292 2469 colebant,
1320 2408 1604 2472 priusquam
1634 2410 1813 2457 ferrum
1846 2417 1974 2457 esset
2003 2405 2070 2454 in—

381 2557 404 2581 2
435 2543 592 2594 Opem]
615 2555 791 2593 operem
817 2542 854 2581 T
977 2555 1002 2591 3
1031 2553 1137 2590 oper
1164 2540 1215 2579 T1
1341 2554 1365 2589 4
1395 2539 1604 2578 Vestitam
1623 2539 1665 2577 B
1803 2552 1870 2589 qu.
1895 2538 1936 2576 in
1960 2538 2071 2576 erbis

334 2597 371 2637 T
503 2597 637 2637 vestia
657 2599 714 2636 sit
740 2598 789 2636 Tl
811 2611 819 2635 :
849 2602 968 2636 vesta
986 2596 1040 2635 sit
1067 2595 1119 2634 T2
1227 2608 1251 2633 a
1272 2594 1341 2632 via
1360 2594 1404 2633 K
1569 2596 1595 2631 6
1623 2593 1745 2643 gallis
1765 2593 1890 2633 Arev.
2028 2597 2072 2630 et

327 2660 458 2703 strep.
487 2682 495 2691 .
521 2683 530 2691 .
555 2683 563 2691 .
588 2666 676 2692 voe.
699 2665 783 2691 om.
808 2651 849 2689 B
986 2664 1007 2701 7
1038 2657 1081 2689 et
1101 2656 1277 2688 matrem
1298 2662 1385 2688 voc.
1419 2648 1456 2686 T
1599 2650 1624 2686 8
1653 2649 1738 2687 alat
1755 2648 1802 2685 K
1907 2653 1999 2686 est.
2025 2677 2034 2686 .
2063 2677 2071 2685 .

329 2708 470 2746 nutrix
491 2721 574 2746 om.
600 2707 645 2744 K
665 2708 766 2759 (non
786 2705 848 2757 A)
1014 2719 1040 2755 9
1070 2704 1282 2743 simulacri
1303 2705 1395 2742 eius
1417 2704 1490 2743 cla.
1515 2703 1560 2740 K
1723 2715 1773 2741 10
1801 2702 1945 2752 figitur
1962 2701 2048 2739 ΒΚ
2065 2715 2072 2739 :

330 2762 584 2813 perfingitur
606 2761 655 2800 C1
820 2774 895 2799 ver
914 2761 954 2799 Β
1066 2774 1113 2798 12
1142 2773 1206 2798 ve.
1233 2758 1315 2810 di.]
1335 2759 1509 2797 vehitur
1528 2758 1574 2797 K
1593 2757 1695 2810 (non
1715 2758 1778 2808 A)
1913 2770 1961 2805 14
1988 2769 2073 2805 quo

328 2818 439 2857 leon.
462 2815 504 2855 B
524 2831 532 2855 ε
562 2816 658 2866 quia
678 2816 788 2854 leon.
812 2815 858 2853 K
1046 2827 1094 2864 15
1124 2827 1183 2854 es.
1208 2820 1348 2852 terrae
1369 2819 1453 2852 tarn
1472 2812 1552 2852 BC
1762 2824 1807 2860 17
1838 2815 2074 2860 potestates

331 2873 404 2912 dcl.
442 2876 536 2910 ante
564 2871 754 2909 civitates
787 2870 831 2908 K
1066 2882 1171 2919 quas
1205 2867 1284 2907 ins.
1324 2874 1424 2907 turr.
1463 2872 1628 2908 constat
1658 2865 1773 2905 Serv.
1806 2865 1867 2905 ad
1890 2865 2000 2904 Aen.
2031 2878 2070 2914 3,

334 2940 409 2977 113
582 2927 630 2964 18
664 2930 829 2964 constat
856 2924 893 2963 T
1050 2925 1207 2962 sedens
1233 2923 1271 2962 T
1430 2922 1606 2972 fingitur
1623 2921 1664 2960 Β
1827 2920 1939 2971 cum]
1963 2933 2014 2958 ea
2032 2919 2078 2958 K

336 2995 383 3031 19
412 2981 537 3030 Quod
560 3011 568 3020 .
592 3011 600 3020 .
623 3011 632 3020 .
655 2979 754 3018 min.
779 2993 860 3019 om.
893 2979 943 3018 T¹
1101 2991 1149 3017 21
1173 2978 1287 3027 quod
1309 2991 1390 3017 om.
1413 2977 1459 3015 K
1602 2989 1653 3014 22
1683 2975 1865 3014 feminae
1885 2973 1957 3013 del.
1982 2978 2076 3013 ante

331 3037 492 3075 semine
512 3036 559 3075 K
721 3047 773 3083 23
803 3034 982 3083 reperiri
1003 3031 1094 3072 dett.
1278 3045 1330 3080 24
1360 3033 1431 3081 qui
1452 3044 1532 3070 om.
1555 3030 1604 3069 Cl
1795 3042 1848 3067 ne
1870 3030 1998 3068 deant
2024 3028 2076 3067 Tl

332 3102 383 3139 25
412 3103 633 3129 aereorum
654 3088 810 3128 ονη.Β1
951 3090 1004 3126 26
1025 3101 1087 3127 co.
1103 3100 1206 3136 argo
1230 3086 1286 3125 T:
1317 3086 1520 3125 colendos
1539 3097 1668 3134 agros
1685 3084 1726 3124 Β
1745 3098 1754 3122 ;
1785 3084 1991 3123 colendos
2011 3087 2076 3121 est

331 3158 458 3195 agros
478 3145 514 3184 C
581 3150 622 3183 et
642 3144 739 3183 ideo
759 3142 801 3182 Β
880 3154 929 3190 27
947 3142 1061 3191 quod
1084 3173 1092 3182 .
1117 3171 1126 3181 .
1155 3170 1163 3181 .
1185 3154 1285 3180 aere
1304 3154 1387 3180 om.
1404 3140 1451 3180 K
1468 3140 1574 3192 (non
1592 3139 1656 3190 A)
1729 3144 1813 3178 ant.
1838 3137 1934 3188 quia
1953 3151 2017 3177 ae.
2038 3136 2077 3174 B
