2176 3424
382 151 1011 201 ETYMOLOGIARVM
1052 152 1180 198 LIB.
1221 152 1359 199 XIV.
1400 152 1446 198 iv

35 281 398 346 septentrionali
427 290 563 345 parte
593 281 923 332 Macedoniae
961 283 1036 331 vel
1062 281 1258 331 Atticae
1283 290 1438 331 terrae
1467 279 1767 343 adiungitur.

35 363 200 414 Huius
225 374 372 428 caput
397 373 470 413 est
494 364 609 413 urbs
644 363 911 415 Corinthus
939 364 1175 414 Graeciae
1212 365 1378 414 decus.
1455 364 1670 413 Inachus
1697 370 1771 411 est

34 446 252 494 Achaiae
284 445 472 495 fluvius.
544 445 756 495 Arcadia
796 462 910 495 vero
947 445 1082 495 sinus
1118 446 1336 495 Achaiae
1373 454 1461 506 est,
1496 455 1549 494 ut
1586 443 1772 510 platani
1798 458 1851 507 15

34 526 205 577 folium
226 528 352 577 inter
367 526 564 577 Ionium
582 536 628 577 et
646 530 867 592 Aegeum
887 544 1020 578 mare
1036 528 1268 592 exposita,
1283 545 1432 592 quam
1450 529 1617 587 ArcaS,
1639 524 1773 575 Iovis

34 618 82 659 et
99 608 302 659 Callisto
318 608 458 670 filius,
472 608 686 674 Pelasgis
705 608 753 656 in
775 608 1024 659 dicionem
1041 612 1264 671 redactis,
1282 626 1341 660 ex
1361 627 1449 659 suo
1469 607 1673 659 nomine
1689 609 1777 656 Ar-

35 692 227 741 cadiam
244 691 557 755 nuncupavit.
601 693 716 755 Ipsa
732 700 805 740 est
825 699 873 740 et
888 691 1135 754 Sicyonia,
1155 709 1184 740 a
1201 692 1408 756 Sicyone
1427 709 1552 756 rege,
1564 707 1593 740 a
1608 706 1709 754 quo
1727 697 1776 738 et

35 787 237 833 regnum
261 769 597 834 Sicyoniorum
626 779 699 819 est
723 769 925 819 dictum.
969 771 1140 820 Habet
1156 779 1321 820 autem
1341 769 1555 820 Arcadia
1571 767 1774 818 fluvium

36 869 269 916 magnum
289 851 632 901 Erimanthum
654 870 667 913 3
697 851 932 901 asbeston
949 867 1149 916 quoque
1166 855 1395 916 lapidem,
1420 852 1505 916 qui
1522 853 1674 901 semel
1700 867 1778 899 ac-

36 947 212 979 census
237 946 508 994 numquam
534 931 856 994 extinguitur:
894 930 1274 981 candidissimae
1300 931 1447 981 etiam
1474 932 1689 980 merulae
1709 928 1777 978 ibi

36 1022 315 1061 nascuntur.
384 1013 838 1062 Lacedaemonia..
860 1050 870 1061 .
934 1012 1190 1062 Pannonia
1214 1013 1277 1062 ab
1295 1012 1506 1077 Alpibus
1522 1011 1776 1077 Appenni·
1803 1016 1863 1065 16

36 1093 109 1142 nis
127 1104 199 1143 est
216 1103 510 1158 nuncupata,
534 1094 714 1158 quibus
740 1094 803 1143 ab
825 1093 967 1143 Italia
991 1095 1270 1156 secernitur,
1291 1095 1424 1159 regio
1444 1094 1548 1144 viro
1564 1093 1701 1144 fortis
1729 1102 1777 1143 et

37 1177 142 1225 solo
166 1177 305 1236 laeta,
335 1177 532 1225 duobus
560 1175 673 1225 satis
698 1175 891 1226 acribus
917 1176 1088 1238 fluviis,
1119 1179 1286 1227 Dravo
1312 1179 1553 1242 Savoque,
1577 1178 1770 1226 vallata.

39 1257 366 1322 Coniungitur
389 1267 556 1308 autem
582 1275 695 1308 cum
716 1258 902 1307 Norico
927 1268 975 1307 et
996 1260 1202 1320 Raetia3
1239 1259 1479 1309 habentes
1505 1259 1569 1308 ab
1589 1260 1778 1308 oriente

39 1341 298 1400 Moesiam,
326 1341 388 1389 ab
416 1342 550 1390 Euro
578 1340 771 1389 Istriam
791 1359 803 1401 3
838 1341 901 1389 ab
936 1340 1104 1389 Africo
1134 1358 1249 1391 vero
1274 1343 1426 1405 Alpes
1452 1340 1780 1405 Appenninos

0 1462 2 1470 ,
37 1421 236 1482 habent,
264 1421 327 1470 ab
360 1437 539 1471 occasu
573 1422 784 1471 Galliam
825 1422 1090 1485 Belgicam,
1118 1440 1147 1471 a
1183 1422 1519 1487 septentrione
1558 1421 1777 1472 Danubii

39 1503 240 1563 fontem,
291 1505 367 1552 vel
420 1503 627 1553 limitem
686 1506 769 1567 qui
819 1506 1135 1554 Germaniam
1188 1505 1501 1569 Galliamque
1553 1505 1775 1555 secernit.

41 1585 235 1633 Istriam
274 1586 397 1633 Ister
431 1587 589 1634 amnis
619 1585 824 1647 vocavit,
854 1586 938 1649 qui
963 1586 1067 1635 eius
1096 1596 1273 1635 terram
1312 1587 1484 1636 influit.
1561 1589 1676 1651 Ipse
1710 1595 1782 1637 est
1807 1604 1858 1654 17

40 1667 314 1715 Danubius.
390 1667 560 1716 Habet
602 1677 768 1717 autem
809 1668 953 1717 Istria
1000 1685 1028 1716 a
1076 1668 1411 1732 septentrione
1454 1670 1778 1718 Pannoniam.

42 1748 182 1797 Italia
207 1747 325 1797 olim
350 1765 379 1796 a
395 1748 597 1798 Graecis
622 1751 816 1813 populis
842 1759 1082 1814 occupata
1101 1753 1287 1814 Magna
1302 1752 1512 1801 Graecia
1539 1753 1783 1815 appellata
1808 1754 1861 1800 18

0 1869 1 1876 ,
39 1838 125 1889 est,
152 1828 334 1879 deinde
358 1847 387 1878 a
411 1832 534 1894 regis
568 1831 770 1881 nomine
804 1832 1063 1894 Saturnia3
1099 1849 1215 1882 mox
1251 1843 1299 1882 et
1326 1834 1520 1882 Latium
1553 1833 1685 1883 dicta
1722 1851 1781 1883 eo

40 1913 175 1976 quod
217 1913 349 1962 idem
379 1914 614 1962 Saturnus
647 1931 675 1962 a
715 1915 834 1963 Iove
874 1914 1075 1964 sedibus
1113 1914 1212 1963 suis
1242 1917 1411 1978 pulsus
1452 1916 1519 1964 ibi
1558 1917 1751 1965 latuerit
1771 1935 1784 1978 3

40 2002 290 2057 postremo
322 1994 384 2043 ab
420 1996 546 2043 Italo
584 1995 859 2044 Siculorum
894 2012 1006 2060 rege
1045 1996 1113 2046 ibi
1151 2007 1386 2060 regnante
1423 1997 1565 2047 Italia
1598 2015 1783 2047 nuncu-

42 2084 153 2139 pata
192 2085 277 2124 est.
351 2076 504 2126 Cuius
543 2077 664 2125 situs
701 2078 1008 2141 longitudine
1040 2078 1251 2142 amplius
1285 2096 1434 2143 quam
1461 2079 1720 2130 latitudine
1755 2099 1784 2129 a

42 2156 206 2208 Circio
249 2157 296 2205 in
343 2160 528 2207 Eurum
579 2161 870 2221 extenditur,
915 2177 943 2208 a
983 2160 1189 2211 meridie
1223 2163 1482 2225 Tyrrheno
1530 2179 1679 2223 mare,
1717 2163 1782 2213 ab

0 2281 3 2294 ‚
43 2237 292 2303 Aquilone
321 2240 573 2290 Adriatico
599 2243 856 2303 clauditur,
883 2242 946 2291 ab
978 2242 1188 2292 occiduo
1212 2243 1417 2307 Alpium
1451 2243 1574 2309 iugis
1601 2245 1785 2308 finitur,

43 2329 166 2370 terra
207 2321 438 2370 omnibus
487 2322 537 2370 in
587 2324 731 2372 rebus
778 2323 1120 2387 pulcherrima,
1170 2327 1261 2374 soli
1310 2326 1568 2388 fertilitate,
1613 2328 1782 2391 pabuli

42 2402 265 2452 ubertate
299 2403 584 2466 gratissima.
661 2405 831 2454 Habet
868 2407 1001 2455 lacus
1041 2409 1308 2468 Benacum,
1342 2410 1594 2459 Avernum
1633 2420 1782 2475 atque
1805 2428 1866 2476 19

100 2545 116 2571 1
149 2533 336 2583 iungitur
372 2533 409 2572 T
566 2548 591 2584 3
619 2534 672 2575 A.
688 2549 726 2576 v.
744 2548 775 2575 S.
809 2536 953 2575 achaia
983 2542 1047 2576 est
1079 2537 1138 2577 C:
1166 2537 1403 2579 Archadias
1434 2541 1476 2579 in
1505 2542 1615 2580 acha
1644 2549 1709 2582 est
1740 2543 1786 2581 K

43 2586 147 2638 (non
172 2587 282 2627 Ovet.
301 2587 421 2639 extr.)
531 2589 691 2639 platani
711 2603 759 2628 ex
777 2590 921 2641 platon
949 2590 987 2630 T
1099 2606 1123 2641 4
1154 2591 1371 2633 iunonium
1400 2594 1438 2634 T
1552 2609 1577 2645 5
1609 2597 1781 2637 calistae

45 2641 141 2694 (-ll-,
166 2645 246 2694 -te)
267 2641 354 2680 ΒΚ
359 2643 397 2682 T
518 2644 679 2694 pelagis
702 2644 740 2683 T
898 2660 919 2696 7
951 2645 1191 2686 siciniorum
1213 2647 1335 2688 BCT
1480 2657 1619 2690 autem
1641 2665 1722 2691 om.
1741 2652 1786 2690 K

48 2696 147 2750 (non
169 2695 280 2736 Ovet.
303 2695 424 2748 extr.)
536 2699 562 2736 8
591 2698 766 2739 abeston
788 2699 900 2741 codd.
1011 2716 1037 2752 9
1067 2702 1355 2742 candidissimi
1376 2703 1422 2741 K
1528 2706 1679 2745 meruli
1698 2706 1787 2745 ΒΚ

49 2762 98 2789 10
125 2751 259 2802 alpius
279 2750 476 2802 appinnis
505 2751 542 2791 T
721 2767 765 2792 11
799 2762 1038 2806 nuncupata
1058 2769 1142 2795 om.
1171 2756 1208 2794 T
1331 2758 1466 2798 virum
1486 2759 1555 2800 K:
1584 2774 1684 2800 vero
1707 2762 1786 2800 BC

50 2817 96 2844 12
125 2807 276 2845 fluvius
299 2806 349 2845 C1
471 2819 674 2858 samoque
698 2808 733 2847 C
896 2823 945 2860 13
974 2811 1136 2850 habens
1155 2810 1202 2848 K
1364 2826 1411 2862 14
1444 2814 1580 2866 Moe.]
1602 2816 1722 2855 isiam
1742 2817 1783 2855 Β

50 2870 96 2909 15
125 2859 242 2911 Belg.
267 2861 374 2901 Gall.
399 2861 434 2900 C
580 2875 626 2911 17
658 2862 824 2902 Istriam
844 2894 854 2904 .
878 2894 889 2905 .
913 2895 923 2905 .
946 2866 1074 2905 habet
1090 2870 1229 2904 autem
1250 2880 1333 2906 om.
1360 2867 1413 2906 Tl
1544 2870 1675 2922 Ister]
1701 2871 1781 2909 iste

50 2913 85 2953 C
188 2915 311 2954 huius
335 2915 370 2955 C
502 2922 567 2956 est
595 2923 638 2956 et
664 2918 800 2958 Danu.
820 2917 866 2957 K
1058 2921 1107 2959 18
1135 2920 1296 2959 istriam
1337 2921 1374 2961 T
1507 2924 1719 2974 pannonia
1739 2925 1785 2962 K

52 2979 100 3019 19
127 2968 198 3009 Gr.
223 2971 436 3021 appellata
454 2970 575 3011 BCT
590 2971 702 3012 Ovet.
719 2977 817 3012 extr.
839 2988 848 3012 z
878 2973 952 3013 Gr.
975 2981 1221 3024 nuncupata
1240 2974 1329 3014 KN
1504 2991 1556 3027 23
1588 2979 1694 3019 situs
1715 2985 1782 3019 est

48 3021 222 3117 20?ng
339 3038 390 3076 25
420 3025 599 3076 calpium
627 3026 665 3065 T
767 3027 838 3068 fin.
857 3028 941 3079 iug.
965 3029 1006 3068 B
1115 3031 1168 3068 26
1196 3030 1435 3071 hominibus
1453 3031 1495 3070 in
1517 3045 1549 3071 r.
1571 3033 1612 3071 B
1633 3047 1642 3072 ε
1666 3035 1779 3075 hom.

110 3089 144 3117 r.

878 3151 945 3184 12
