<?xml version="1.0" encoding="UTF-8"?>
<!DOCTYPE html PUBLIC "-//W3C//DTD XHTML 1.0 Transitional//EN"
    "http://www.w3.org/TR/xhtml1/DTD/xhtml1-transitional.dtd">
<html xmlns="http://www.w3.org/1999/xhtml" xml:lang="en" lang="en">
 <head>
  <title>
</title>
<meta http-equiv="Content-Type" content="text/html;charset=utf-8" />
  <meta name='ocr-system' content='tesseract 3.04.00' />
  <meta name='ocr-capabilities' content='ocr_page ocr_carea ocr_par ocr_line ocrx_word'/>
</head>
<body>
  <div class='ocr_page' id='page_1' title='image "./isidori01isiduoft/isidori01isiduoft_0645.png"; bbox 0 0 2176 3424; ppageno 0'>
   <div class='ocr_carea' id='block_1_1' title="bbox 366 141 1567 198">
    <p class='ocr_par' dir='ltr' id='par_1_1' title="bbox 366 141 1567 198">
     <span class='ocr_line' id='line_1_1' title="bbox 366 141 1567 198; baseline -0.006 -5"><span class='ocrx_word' id='word_1_1' title='bbox 366 143 993 193; x_wconf 88' lang='lat' dir='ltr'><strong>ETYMOLOGIARVM</strong></span> <span class='ocrx_word' id='word_1_2' title='bbox 1033 143 1162 190; x_wconf 94' lang='lat' dir='ltr'>LIB.</span> <span class='ocrx_word' id='word_1_3' title='bbox 1201 142 1341 189; x_wconf 92' lang='lat' dir='ltr'><strong>XVI.</strong></span> <span class='ocrx_word' id='word_1_4' title='bbox 1379 158 1452 198; x_wconf 86' lang='lat' dir='ltr'>xv,</span> <span class='ocrx_word' id='word_1_5' title='bbox 1491 141 1567 187; x_wconf 88' lang='lat' dir='ltr'>xvi</span> 
     </span>
    </p>
   </div>
   <div class='ocr_carea' id='block_1_2' title="bbox 0 270 1887 2543">
    <p class='ocr_par' dir='ltr' id='par_1_2' title="bbox 0 270 1887 2543">
     <span class='ocr_line' id='line_1_2' title="bbox 94 270 1836 338; baseline -0.003 -15"><span class='ocrx_word' id='word_1_6' title='bbox 94 274 351 338; x_wconf 89' lang='lat' dir='ltr'>ingeniosa</span> <span class='ocrx_word' id='word_1_7' title='bbox 388 274 613 334; x_wconf 89' lang='lat' dir='ltr'>sollertia,</span> <span class='ocrx_word' id='word_1_8' title='bbox 652 291 752 322; x_wconf 90' lang='lat' dir='ltr'>non</span> <span class='ocrx_word' id='word_1_9' title='bbox 793 272 881 321; x_wconf 90' lang='lat' dir='ltr'>fuit</span> <span class='ocrx_word' id='word_1_10' title='bbox 920 281 1154 321; x_wconf 91' lang='lat' dir='ltr'>contenta</span> <span class='ocrx_word' id='word_1_11' title='bbox 1190 273 1298 321; x_wconf 93' lang='lat' dir='ltr'>solo</span> <span class='ocrx_word' id='word_1_12' title='bbox 1335 270 1478 331; x_wconf 90' lang='lat' dir='ltr'>nitro,</span> <span class='ocrx_word' id='word_1_13' title='bbox 1516 272 1604 319; x_wconf 91' lang='lat' dir='ltr'>sed</span> <span class='ocrx_word' id='word_1_14' title='bbox 1644 279 1692 319; x_wconf 89' lang='lat' dir='ltr'>et</span> <span class='ocrx_word' id='word_1_15' title='bbox 1729 271 1836 319; x_wconf 88' lang='lat' dir='ltr'>aliis</span> 
     </span>
     <span class='ocr_line' id='line_1_3' title="bbox 92 351 1835 421; baseline -0.003 -16"><span class='ocrx_word' id='word_1_16' title='bbox 92 355 311 405; x_wconf 86' lang='lat' dir='ltr'><strong>mixturis</strong></span> <span class='ocrx_word' id='word_1_17' title='bbox 336 357 463 404; x_wconf 89' lang='lat' dir='ltr'>hanc</span> <span class='ocrx_word' id='word_1_18' title='bbox 487 365 642 404; x_wconf 88' lang='lat' dir='ltr'>artem</span> <span class='ocrx_word' id='word_1_19' title='bbox 669 352 912 421; x_wconf 90' lang='lat' dir='ltr'>[condire]</span> <span class='ocrx_word' id='word_1_20' title='bbox 939 354 1140 404; x_wconf 87' lang='lat' dir='ltr'>studuit.</span> <span class='ocrx_word' id='word_1_21' title='bbox 1194 353 1410 402; x_wconf 90' lang='lat' dir='ltr'>Levibus</span> <span class='ocrx_word' id='word_1_22' title='bbox 1435 351 1568 401; x_wconf 91' lang='lat' dir='ltr'>enim</span> <span class='ocrx_word' id='word_1_23' title='bbox 1587 351 1835 414; x_wconf 90' lang='lat' dir='ltr'>aridisque</span> 
     </span>
     <span class='ocr_line' id='line_1_4' title="bbox 91 433 1834 502; baseline -0.002 -16"><span class='ocrx_word' id='word_1_24' title='bbox 91 438 232 502; x_wconf 91' lang='lat' dir='ltr'>lignis</span> <span class='ocrx_word' id='word_1_25' title='bbox 265 439 503 501; x_wconf 88' lang='lat' dir='ltr'>coquitur,</span> <span class='ocrx_word' id='word_1_26' title='bbox 531 437 725 487; x_wconf 92' lang='lat' dir='ltr'>adiecto</span> <span class='ocrx_word' id='word_1_27' title='bbox 751 453 900 500; x_wconf 86' lang='lat' dir='ltr'>cypro</span> <span class='ocrx_word' id='word_1_28' title='bbox 929 453 987 484; x_wconf 91' lang='lat' dir='ltr'>ac</span> <span class='ocrx_word' id='word_1_29' title='bbox 1018 436 1147 485; x_wconf 92' lang='lat' dir='ltr'>nitro</span> <span class='ocrx_word' id='word_1_30' title='bbox 1176 434 1523 497; x_wconf 84' lang='lat' dir='ltr'>continuisque</span> <span class='ocrx_word' id='word_1_31' title='bbox 1551 433 1834 482; x_wconf 84' lang='lat' dir='ltr'>fornacibus</span> 
     </span>
     <span class='ocr_line' id='line_1_5' title="bbox 90 515 1833 583; baseline -0.003 -14"><span class='ocrx_word' id='word_1_32' title='bbox 90 529 144 569; x_wconf 93' lang='lat' dir='ltr'>ut</span> <span class='ocrx_word' id='word_1_33' title='bbox 184 537 266 569; x_wconf 88' lang='lat' dir='ltr'>aes</span> <span class='ocrx_word' id='word_1_34' title='bbox 304 521 528 583; x_wconf 82' lang='lat' dir='ltr'>liquatur,</span> <span class='ocrx_word' id='word_1_35' title='bbox 576 535 865 582; x_wconf 84' lang='lat' dir='ltr'>massaeque</span> <span class='ocrx_word' id='word_1_36' title='bbox 913 520 1049 567; x_wconf 89' lang='lat' dir='ltr'>fiunt.</span> <span class='ocrx_word' id='word_1_37' title='bbox 1138 521 1316 566; x_wconf 88' lang='lat' dir='ltr'>Postea</span> <span class='ocrx_word' id='word_1_38' title='bbox 1357 535 1416 566; x_wconf 88' lang='lat' dir='ltr'>ex</span> <span class='ocrx_word' id='word_1_39' title='bbox 1455 515 1627 565; x_wconf 88' lang='lat' dir='ltr'>massis</span> <span class='ocrx_word' id='word_1_40' title='bbox 1670 532 1833 564; x_wconf 91' lang='lat' dir='ltr'>rursus</span> 
     </span>
     <span class='ocr_line' id='line_1_6' title="bbox 42 596 1831 663; baseline -0.002 -14"><span class='ocrx_word' id='word_1_41' title='bbox 42 619 64 659; x_wconf 90' lang='lat'><strong>5</strong></span> <span class='ocrx_word' id='word_1_42' title='bbox 88 601 308 650; x_wconf 89' lang='lat' dir='ltr'>funditur</span> <span class='ocrx_word' id='word_1_43' title='bbox 332 600 383 648; x_wconf 92' lang='lat' dir='ltr'>in</span> <span class='ocrx_word' id='word_1_44' title='bbox 408 601 629 660; x_wconf 85' lang='lat' dir='ltr'>officinis,</span> <span class='ocrx_word' id='word_1_45' title='bbox 659 610 707 650; x_wconf 94' lang='lat' dir='ltr'>et</span> <span class='ocrx_word' id='word_1_46' title='bbox 731 600 864 649; x_wconf 92' lang='lat' dir='ltr'>aliud</span> <span class='ocrx_word' id='word_1_47' title='bbox 896 602 1014 648; x_wconf 88' lang='lat' dir='ltr'>flatu</span> <span class='ocrx_word' id='word_1_48' title='bbox 1049 601 1293 663; x_wconf 89' lang='lat' dir='ltr'>figuratur,</span> <span class='ocrx_word' id='word_1_49' title='bbox 1321 598 1455 647; x_wconf 93' lang='lat' dir='ltr'>aliud</span> <span class='ocrx_word' id='word_1_50' title='bbox 1480 607 1624 646; x_wconf 91' lang='lat' dir='ltr'>torno</span> <span class='ocrx_word' id='word_1_51' title='bbox 1649 596 1831 657; x_wconf 89' lang='lat' dir='ltr'>teritur,</span> 
     </span>
     <span class='ocr_line' id='line_1_7' title="bbox 86 678 1831 746; baseline -0.003 -15"><span class='ocrx_word' id='word_1_52' title='bbox 86 683 221 731; x_wconf 93' lang='lat' dir='ltr'>aliud</span> <span class='ocrx_word' id='word_1_53' title='bbox 256 682 443 746; x_wconf 87' lang='lat' dir='ltr'>argenti</span> <span class='ocrx_word' id='word_1_54' title='bbox 481 684 633 731; x_wconf 92' lang='lat' dir='ltr'>modo</span> <span class='ocrx_word' id='word_1_55' title='bbox 669 684 894 731; x_wconf 89' lang='lat' dir='ltr'>caelatur.</span> <span class='ocrx_word' id='word_1_56' title='bbox 969 681 1231 744; x_wconf 86' lang='lat' dir='ltr'>Tinguitur</span> <span class='ocrx_word' id='word_1_57' title='bbox 1267 680 1414 729; x_wconf 90' lang='lat' dir='ltr'>etiam</span> <span class='ocrx_word' id='word_1_58' title='bbox 1452 678 1618 727; x_wconf 88' lang='lat' dir='ltr'>multis</span> <span class='ocrx_word' id='word_1_59' title='bbox 1652 679 1831 738; x_wconf 89' lang='lat' dir='ltr'>modis,</span> 
     </span>
     <span class='ocr_line' id='line_1_8' title="bbox 86 762 1833 827; baseline -0.002 -15"><span class='ocrx_word' id='word_1_60' title='bbox 86 763 153 812; x_wconf 88' lang='lat' dir='ltr'>ita</span> <span class='ocrx_word' id='word_1_61' title='bbox 178 774 230 812; x_wconf 93' lang='lat' dir='ltr'>ut</span> <span class='ocrx_word' id='word_1_62' title='bbox 255 764 497 813; x_wconf 87' lang='lat' dir='ltr'>iacinthos</span> <span class='ocrx_word' id='word_1_63' title='bbox 524 764 878 827; x_wconf 87' lang='lat' dir='ltr'>sapphirosque</span> <span class='ocrx_word' id='word_1_64' title='bbox 905 773 953 813; x_wconf 94' lang='lat' dir='ltr'>et</span> <span class='ocrx_word' id='word_1_65' title='bbox 977 763 1170 812; x_wconf 89' lang='lat' dir='ltr'>virides</span> <span class='ocrx_word' id='word_1_66' title='bbox 1192 762 1408 811; x_wconf 88' lang='lat' dir='ltr'>imitetur</span> <span class='ocrx_word' id='word_1_67' title='bbox 1434 771 1482 810; x_wconf 88' lang='lat' dir='ltr'>et</span> <span class='ocrx_word' id='word_1_68' title='bbox 1513 762 1731 824; x_wconf 89' lang='lat' dir='ltr'>onyches</span> <span class='ocrx_word' id='word_1_69' title='bbox 1757 763 1833 809; x_wconf 89' lang='lat' dir='ltr'>vel</span> 
     </span>
     <span class='ocr_line' id='line_1_9' title="bbox 86 842 1833 909; baseline -0.003 -14"><span class='ocrx_word' id='word_1_70' title='bbox 86 845 289 895; x_wconf 90' lang='lat' dir='ltr'>aliarum</span> <span class='ocrx_word' id='word_1_71' title='bbox 335 863 639 909; x_wconf 89' lang='lat' dir='ltr'>gemmarum</span> <span class='ocrx_word' id='word_1_72' title='bbox 688 848 877 895; x_wconf 91' lang='lat' dir='ltr'>colores</span> <span class='ocrx_word' id='word_1_73' title='bbox 897 864 909 906; x_wconf 84' lang='lat'>;</span> <span class='ocrx_word' id='word_1_74' title='bbox 959 862 1121 908; x_wconf 92' lang='lat' dir='ltr'>neque</span> <span class='ocrx_word' id='word_1_75' title='bbox 1161 854 1234 894; x_wconf 92' lang='lat' dir='ltr'>est</span> <span class='ocrx_word' id='word_1_76' title='bbox 1275 844 1369 892; x_wconf 89' lang='lat' dir='ltr'>alia</span> <span class='ocrx_word' id='word_1_77' title='bbox 1416 842 1627 906; x_wconf 88' lang='lat' dir='ltr'>speculis</span> <span class='ocrx_word' id='word_1_78' title='bbox 1674 842 1833 906; x_wconf 90' lang='lat' dir='ltr'>aptior</span> 
     </span>
     <span class='ocr_line' id='line_1_10' title="bbox 88 925 1887 990; baseline -0.002 -15"><span class='ocrx_word' id='word_1_79' title='bbox 88 927 290 976; x_wconf 89' lang='lat' dir='ltr'>materia</span> <span class='ocrx_word' id='word_1_80' title='bbox 313 929 388 977; x_wconf 89' lang='lat' dir='ltr'>vel</span> <span class='ocrx_word' id='word_1_81' title='bbox 421 927 638 990; x_wconf 88' lang='lat' dir='ltr'>picturae</span> <span class='ocrx_word' id='word_1_82' title='bbox 674 927 1117 976; x_wconf 89' lang='lat' dir='ltr'>adcommodatior.</span> <span class='ocrx_word' id='word_1_83' title='bbox 1189 926 1437 974; x_wconf 88' lang='lat' dir='ltr'>Maximus</span> <span class='ocrx_word' id='word_1_84' title='bbox 1473 934 1640 974; x_wconf 89' lang='lat' dir='ltr'>tamen</span> <span class='ocrx_word' id='word_1_85' title='bbox 1672 925 1833 973; x_wconf 90' lang='lat' dir='ltr'>honor</span> <span class='ocrx_word' id='word_1_86' title='bbox 1854 931 1887 978; x_wconf 94' lang='lat'>4</span> 
     </span>
     <span class='ocr_line' id='line_1_11' title="bbox 8 1008 1834 1073; baseline 0.001 -17"><span class='ocrx_word' id='word_1_87' title='bbox 8 1031 66 1059; x_wconf 71' lang='grc' dir='ltr'>,το</span> <span class='ocrx_word' id='word_1_88' title='bbox 87 1010 139 1057; x_wconf 93' lang='lat' dir='ltr'>in</span> <span class='ocrx_word' id='word_1_89' title='bbox 163 1009 377 1059; x_wconf 88' lang='lat' dir='ltr'>candido</span> <span class='ocrx_word' id='word_1_90' title='bbox 409 1009 545 1069; x_wconf 90' lang='lat' dir='ltr'>vitro,</span> <span class='ocrx_word' id='word_1_91' title='bbox 573 1009 896 1073; x_wconf 87' lang='lat' dir='ltr'>proximoque</span> <span class='ocrx_word' id='word_1_92' title='bbox 922 1011 972 1058; x_wconf 90' lang='lat' dir='ltr'>in</span> <span class='ocrx_word' id='word_1_93' title='bbox 997 1008 1208 1073; x_wconf 87' lang='lat' dir='ltr'>crystalli</span> <span class='ocrx_word' id='word_1_94' title='bbox 1238 1008 1560 1058; x_wconf 85' lang='lat' dir='ltr'>similitudine</span> <span class='ocrx_word' id='word_1_95' title='bbox 1577 1026 1591 1069; x_wconf 79' lang='lat'>3</span> <span class='ocrx_word' id='word_1_96' title='bbox 1628 1009 1762 1057; x_wconf 91' lang='lat' dir='ltr'>unde</span> <span class='ocrx_word' id='word_1_97' title='bbox 1787 1017 1834 1057; x_wconf 89' lang='lat' dir='ltr'>et</span> 
     </span>
     <span class='ocr_line' id='line_1_12' title="bbox 87 1089 1833 1154; baseline -0.001 -15"><span class='ocrx_word' id='word_1_98' title='bbox 87 1093 150 1140; x_wconf 94' lang='lat' dir='ltr'>ad</span> <span class='ocrx_word' id='word_1_99' title='bbox 186 1093 460 1154; x_wconf 92' lang='lat' dir='ltr'>potandum</span> <span class='ocrx_word' id='word_1_100' title='bbox 498 1091 685 1154; x_wconf 84' lang='lat' dir='ltr'>argenti</span> <span class='ocrx_word' id='word_1_101' title='bbox 720 1093 919 1140; x_wconf 91' lang='lat' dir='ltr'>metalla</span> <span class='ocrx_word' id='word_1_102' title='bbox 954 1101 1002 1140; x_wconf 93' lang='lat' dir='ltr'>et</span> <span class='ocrx_word' id='word_1_103' title='bbox 1043 1090 1147 1140; x_wconf 87' lang='lat' dir='ltr'>auri</span> <span class='ocrx_word' id='word_1_104' title='bbox 1186 1090 1375 1154; x_wconf 90' lang='lat' dir='ltr'>pepulit</span> <span class='ocrx_word' id='word_1_105' title='bbox 1414 1089 1606 1138; x_wconf 91' lang='lat' dir='ltr'>vitrum.</span> <span class='ocrx_word' id='word_1_106' title='bbox 1698 1090 1833 1140; x_wconf 90' lang='lat' dir='ltr'>Olim</span> 
     </span>
     <span class='ocr_line' id='line_1_13' title="bbox 86 1171 1834 1236; baseline 0 -16"><span class='ocrx_word' id='word_1_107' title='bbox 86 1172 236 1221; x_wconf 91' lang='lat' dir='ltr'>fiebat</span> <span class='ocrx_word' id='word_1_108' title='bbox 260 1181 308 1222; x_wconf 91' lang='lat' dir='ltr'>et</span> <span class='ocrx_word' id='word_1_109' title='bbox 332 1172 383 1221; x_wconf 91' lang='lat' dir='ltr'>in</span> <span class='ocrx_word' id='word_1_110' title='bbox 410 1173 564 1232; x_wconf 88' lang='lat' dir='ltr'>Italia,</span> <span class='ocrx_word' id='word_1_111' title='bbox 589 1182 636 1221; x_wconf 89' lang='lat' dir='ltr'>et</span> <span class='ocrx_word' id='word_1_112' title='bbox 662 1190 748 1236; x_wconf 90' lang='lat' dir='ltr'>per</span> <span class='ocrx_word' id='word_1_113' title='bbox 768 1172 952 1222; x_wconf 91' lang='lat' dir='ltr'>Gallias</span> <span class='ocrx_word' id='word_1_114' title='bbox 988 1182 1036 1222; x_wconf 90' lang='lat' dir='ltr'>et</span> <span class='ocrx_word' id='word_1_115' title='bbox 1066 1172 1364 1236; x_wconf 86' lang='lat' dir='ltr'>Hispaniam</span> <span class='ocrx_word' id='word_1_116' title='bbox 1393 1189 1542 1220; x_wconf 91' lang='lat' dir='ltr'>arena</span> <span class='ocrx_word' id='word_1_117' title='bbox 1570 1171 1684 1220; x_wconf 87' lang='lat' dir='ltr'>alba</span> <span class='ocrx_word' id='word_1_118' title='bbox 1714 1174 1834 1220; x_wconf 91' lang='lat' dir='ltr'>mol-</span> 
     </span>
     <span class='ocr_line' id='line_1_14' title="bbox 85 1253 1832 1318; baseline 0.001 -17"><span class='ocrx_word' id='word_1_119' title='bbox 85 1253 270 1302; x_wconf 87' lang='lat' dir='ltr'>lissima</span> <span class='ocrx_word' id='word_1_120' title='bbox 316 1256 414 1318; x_wconf 89' lang='lat' dir='ltr'>pila</span> <span class='ocrx_word' id='word_1_121' title='bbox 463 1256 693 1318; x_wconf 90' lang='lat' dir='ltr'>molaque</span> <span class='ocrx_word' id='word_1_122' title='bbox 741 1255 1000 1303; x_wconf 91' lang='lat' dir='ltr'>terebatur.</span> <span class='ocrx_word' id='word_1_123' title='bbox 1086 1253 1282 1303; x_wconf 89' lang='lat' dir='ltr'>Dehinc</span> <span class='ocrx_word' id='word_1_124' title='bbox 1331 1253 1630 1303; x_wconf 89' lang='lat' dir='ltr'>miscebatur</span> <span class='ocrx_word' id='word_1_125' title='bbox 1678 1253 1832 1303; x_wconf 89' lang='lat' dir='ltr'>tribus</span> 
     </span>
     <span class='ocr_line' id='line_1_15' title="bbox 83 1335 1831 1399; baseline 0.001 -16"><span class='ocrx_word' id='word_1_126' title='bbox 83 1335 316 1398; x_wconf 91' lang='lat' dir='ltr'>partibus,</span> <span class='ocrx_word' id='word_1_127' title='bbox 339 1335 451 1384; x_wconf 90' lang='lat' dir='ltr'>nitri</span> <span class='ocrx_word' id='word_1_128' title='bbox 476 1338 697 1399; x_wconf 90' lang='lat' dir='ltr'>pondere</span> <span class='ocrx_word' id='word_1_129' title='bbox 724 1338 800 1384; x_wconf 90' lang='lat' dir='ltr'>vel</span> <span class='ocrx_word' id='word_1_130' title='bbox 826 1352 1069 1396; x_wconf 90' lang='lat' dir='ltr'>mensura,</span> <span class='ocrx_word' id='word_1_131' title='bbox 1097 1353 1154 1384; x_wconf 91' lang='lat' dir='ltr'>ac</span> <span class='ocrx_word' id='word_1_132' title='bbox 1180 1335 1364 1399; x_wconf 89' lang='lat' dir='ltr'>liquata</span> <span class='ocrx_word' id='word_1_133' title='bbox 1390 1335 1440 1383; x_wconf 92' lang='lat' dir='ltr'>in</span> <span class='ocrx_word' id='word_1_134' title='bbox 1464 1335 1582 1384; x_wconf 88' lang='lat' dir='ltr'>alias</span> <span class='ocrx_word' id='word_1_135' title='bbox 1608 1337 1831 1385; x_wconf 89' lang='lat' dir='ltr'>fornaces</span> 
     </span>
     <span class='ocr_line' id='line_1_16' title="bbox 8 1418 1830 1481; baseline 0.001 -16"><span class='ocrx_word' id='word_1_136' title='bbox 8 1436 60 1476; x_wconf 71' lang='lat'>⁵15</span> <span class='ocrx_word' id='word_1_137' title='bbox 84 1418 528 1475; x_wconf 85' lang='lat' dir='ltr'>transfundebatur,</span> <span class='ocrx_word' id='word_1_138' title='bbox 568 1434 695 1481; x_wconf 89' lang='lat' dir='ltr'>quae</span> <span class='ocrx_word' id='word_1_139' title='bbox 738 1435 897 1466; x_wconf 86' lang='lat' dir='ltr'>massa</span> <span class='ocrx_word' id='word_1_140' title='bbox 935 1419 1203 1467; x_wconf 86' lang='lat' dir='ltr'>vocabatur</span> <span class='ocrx_word' id='word_1_141' title='bbox 1244 1418 1596 1467; x_wconf 90' lang='lat' dir='ltr'>ammonitrum</span> <span class='ocrx_word' id='word_1_142' title='bbox 1618 1437 1631 1478; x_wconf 81' lang='lat'><em>3</em></span> <span class='ocrx_word' id='word_1_143' title='bbox 1681 1426 1830 1481; x_wconf 91' lang='lat' dir='ltr'>atque</span> 
     </span>
     <span class='ocr_line' id='line_1_17' title="bbox 83 1499 1883 1563; baseline 0.001 -17"><span class='ocrx_word' id='word_1_144' title='bbox 83 1500 206 1548; x_wconf 92' lang='lat' dir='ltr'>haec</span> <span class='ocrx_word' id='word_1_145' title='bbox 231 1509 425 1549; x_wconf 91' lang='lat' dir='ltr'>recocta</span> <span class='ocrx_word' id='word_1_146' title='bbox 450 1501 598 1549; x_wconf 91' lang='lat' dir='ltr'>fiebat</span> <span class='ocrx_word' id='word_1_147' title='bbox 617 1502 795 1548; x_wconf 91' lang='lat' dir='ltr'>vitrum</span> <span class='ocrx_word' id='word_1_148' title='bbox 820 1518 997 1563; x_wconf 90' lang='lat' dir='ltr'>purum</span> <span class='ocrx_word' id='word_1_149' title='bbox 1024 1510 1071 1549; x_wconf 93' lang='lat' dir='ltr'>et</span> <span class='ocrx_word' id='word_1_150' title='bbox 1097 1501 1380 1550; x_wconf 89' lang='lat' dir='ltr'>candidum.</span> <span class='ocrx_word' id='word_1_151' title='bbox 1438 1502 1500 1548; x_wconf 93' lang='lat' dir='ltr'>In</span> <span class='ocrx_word' id='word_1_152' title='bbox 1524 1516 1702 1563; x_wconf 90' lang='lat' dir='ltr'>genere</span> <span class='ocrx_word' id='word_1_153' title='bbox 1722 1499 1829 1548; x_wconf 92' lang='lat' dir='ltr'>vitri</span> <span class='ocrx_word' id='word_1_154' title='bbox 1852 1507 1883 1556; x_wconf 91' lang='lat'><strong>5</strong></span> 
     </span>
     <span class='ocr_line' id='line_1_18' title="bbox 82 1580 1830 1644; baseline 0.001 -15"><span class='ocrx_word' id='word_1_155' title='bbox 82 1590 129 1629; x_wconf 90' lang='lat' dir='ltr'>et</span> <span class='ocrx_word' id='word_1_156' title='bbox 155 1580 388 1630; x_wconf 92' lang='lat' dir='ltr'>obsianus</span> <span class='ocrx_word' id='word_1_157' title='bbox 413 1581 535 1644; x_wconf 89' lang='lat' dir='ltr'>lapis</span> <span class='ocrx_word' id='word_1_158' title='bbox 561 1583 923 1631; x_wconf 90' lang='lat' dir='ltr'>adnumeratur.</span> <span class='ocrx_word' id='word_1_159' title='bbox 998 1583 1087 1631; x_wconf 90' lang='lat' dir='ltr'>Est</span> <span class='ocrx_word' id='word_1_160' title='bbox 1120 1591 1286 1630; x_wconf 90' lang='lat' dir='ltr'>autem</span> <span class='ocrx_word' id='word_1_161' title='bbox 1317 1582 1476 1631; x_wconf 89' lang='lat' dir='ltr'>virens</span> <span class='ocrx_word' id='word_1_162' title='bbox 1504 1583 1752 1630; x_wconf 89' lang='lat' dir='ltr'>interdum</span> <span class='ocrx_word' id='word_1_163' title='bbox 1781 1591 1830 1630; x_wconf 94' lang='lat' dir='ltr'>et</span> 
     </span>
     <span class='ocr_line' id='line_1_19' title="bbox 82 1662 1827 1727; baseline 0.001 -17"><span class='ocrx_word' id='word_1_164' title='bbox 82 1662 216 1726; x_wconf 87' lang='lat' dir='ltr'>niger</span> <span class='ocrx_word' id='word_1_165' title='bbox 251 1663 519 1726; x_wconf 90' lang='lat' dir='ltr'>aliquando</span> <span class='ocrx_word' id='word_1_166' title='bbox 556 1673 605 1713; x_wconf 95' lang='lat' dir='ltr'>et</span> <span class='ocrx_word' id='word_1_167' title='bbox 642 1664 983 1723; x_wconf 89' lang='lat' dir='ltr'>translucidus,</span> <span class='ocrx_word' id='word_1_168' title='bbox 1024 1664 1259 1713; x_wconf 89' lang='lat' dir='ltr'>crassiore</span> <span class='ocrx_word' id='word_1_169' title='bbox 1298 1664 1402 1713; x_wconf 90' lang='lat' dir='ltr'>visu</span> <span class='ocrx_word' id='word_1_170' title='bbox 1442 1674 1489 1713; x_wconf 94' lang='lat' dir='ltr'>et</span> <span class='ocrx_word' id='word_1_171' title='bbox 1526 1663 1576 1712; x_wconf 90' lang='lat' dir='ltr'>in</span> <span class='ocrx_word' id='word_1_172' title='bbox 1615 1665 1827 1727; x_wconf 89' lang='lat' dir='ltr'>speculis</span> 
     </span>
     <span class='ocr_line' id='line_1_20' title="bbox 83 1744 1828 1810; baseline 0.002 -19"><span class='ocrx_word' id='word_1_173' title='bbox 83 1744 322 1807; x_wconf 90' lang='lat' dir='ltr'>parietum</span> <span class='ocrx_word' id='word_1_174' title='bbox 353 1762 441 1808; x_wconf 92' lang='lat' dir='ltr'>pro</span> <span class='ocrx_word' id='word_1_175' title='bbox 478 1744 690 1808; x_wconf 92' lang='lat' dir='ltr'>imagine</span> <span class='ocrx_word' id='word_1_176' title='bbox 720 1747 918 1795; x_wconf 90' lang='lat' dir='ltr'>umbras</span> <span class='ocrx_word' id='word_1_177' title='bbox 950 1747 1220 1808; x_wconf 82' lang='lat' dir='ltr'>reddente3</span> <span class='ocrx_word' id='word_1_178' title='bbox 1253 1763 1474 1810; x_wconf 89' lang='lat' dir='ltr'>gemmas</span> <span class='ocrx_word' id='word_1_179' title='bbox 1507 1745 1648 1794; x_wconf 91' lang='lat' dir='ltr'>multi</span> <span class='ocrx_word' id='word_1_180' title='bbox 1685 1763 1743 1795; x_wconf 94' lang='lat' dir='ltr'>ex</span> <span class='ocrx_word' id='word_1_181' title='bbox 1768 1763 1828 1795; x_wconf 92' lang='lat' dir='ltr'>eo</span> 
     </span>
     <span class='ocr_line' id='line_1_21' title="bbox 6 1825 1824 1890; baseline 0.001 -17"><span class='ocrx_word' id='word_1_182' title='bbox 6 1843 61 1870; x_wconf 64' lang='lat'>20</span> <span class='ocrx_word' id='word_1_183' title='bbox 82 1825 278 1874; x_wconf 89' lang='lat' dir='ltr'>faciunt.</span> <span class='ocrx_word' id='word_1_184' title='bbox 354 1829 507 1874; x_wconf 91' lang='lat' dir='ltr'>Hunc</span> <span class='ocrx_word' id='word_1_185' title='bbox 533 1827 747 1890; x_wconf 89' lang='lat' dir='ltr'>lapidem</span> <span class='ocrx_word' id='word_1_186' title='bbox 773 1837 822 1876; x_wconf 92' lang='lat' dir='ltr'>et</span> <span class='ocrx_word' id='word_1_187' title='bbox 847 1829 896 1875; x_wconf 92' lang='lat' dir='ltr'>in</span> <span class='ocrx_word' id='word_1_188' title='bbox 925 1827 1069 1876; x_wconf 91' lang='lat' dir='ltr'>India</span> <span class='ocrx_word' id='word_1_189' title='bbox 1088 1837 1135 1877; x_wconf 92' lang='lat' dir='ltr'>et</span> <span class='ocrx_word' id='word_1_190' title='bbox 1160 1828 1210 1876; x_wconf 92' lang='lat' dir='ltr'>in</span> <span class='ocrx_word' id='word_1_191' title='bbox 1237 1827 1381 1876; x_wconf 89' lang='lat' dir='ltr'>Italia</span> <span class='ocrx_word' id='word_1_192' title='bbox 1404 1837 1452 1876; x_wconf 92' lang='lat' dir='ltr'>et</span> <span class='ocrx_word' id='word_1_193' title='bbox 1476 1829 1540 1876; x_wconf 92' lang='lat' dir='ltr'>ad</span> <span class='ocrx_word' id='word_1_194' title='bbox 1567 1829 1824 1877; x_wconf 90' lang='lat' dir='ltr'>Oceanum</span> 
     </span>
     <span class='ocr_line' id='line_1_22' title="bbox 81 1905 1884 1970; baseline 0.003 -17"><span class='ocrx_word' id='word_1_195' title='bbox 81 1907 131 1953; x_wconf 91' lang='lat' dir='ltr'>in</span> <span class='ocrx_word' id='word_1_196' title='bbox 158 1905 400 1970; x_wconf 91' lang='lat' dir='ltr'>Hispania</span> <span class='ocrx_word' id='word_1_197' title='bbox 424 1907 558 1956; x_wconf 90' lang='lat' dir='ltr'>nasci</span> <span class='ocrx_word' id='word_1_198' title='bbox 582 1910 794 1957; x_wconf 90' lang='lat' dir='ltr'>tradunt.</span> <span class='ocrx_word' id='word_1_199' title='bbox 869 1911 1052 1957; x_wconf 89' lang='lat' dir='ltr'>Ferunt</span> <span class='ocrx_word' id='word_1_200' title='bbox 1077 1919 1243 1958; x_wconf 92' lang='lat' dir='ltr'>autem</span> <span class='ocrx_word' id='word_1_201' title='bbox 1270 1910 1361 1959; x_wconf 87' lang='lat' dir='ltr'>sub</span> <span class='ocrx_word' id='word_1_202' title='bbox 1387 1909 1589 1958; x_wconf 93' lang='lat' dir='ltr'>Tiberio</span> <span class='ocrx_word' id='word_1_203' title='bbox 1615 1911 1826 1959; x_wconf 88' lang='lat' dir='ltr'>Caesare</span> <span class='ocrx_word' id='word_1_204' title='bbox 1849 1913 1884 1959; x_wconf 89' lang='lat'>6</span> 
     </span>
     <span class='ocr_line' id='line_1_23' title="bbox 80 1988 1827 2054; baseline 0.003 -19"><span class='ocrx_word' id='word_1_205' title='bbox 80 1989 329 2050; x_wconf 89' lang='lat' dir='ltr'>quendam</span> <span class='ocrx_word' id='word_1_206' title='bbox 350 1988 584 2038; x_wconf 87' lang='lat' dir='ltr'>artificem</span> <span class='ocrx_word' id='word_1_207' title='bbox 607 1992 908 2051; x_wconf 85' lang='lat' dir='ltr'>excogitasse</span> <span class='ocrx_word' id='word_1_208' title='bbox 933 1990 1040 2038; x_wconf 87' lang='lat' dir='ltr'>vitri</span> <span class='ocrx_word' id='word_1_209' title='bbox 1061 2000 1520 2054; x_wconf 86' lang='lat' dir='ltr'>temperamentum,</span> <span class='ocrx_word' id='word_1_210' title='bbox 1543 2000 1596 2039; x_wconf 94' lang='lat' dir='ltr'>ut</span> <span class='ocrx_word' id='word_1_211' title='bbox 1615 1991 1827 2040; x_wconf 91' lang='lat' dir='ltr'>flexibile</span> 
     </span>
     <span class='ocr_line' id='line_1_24' title="bbox 79 2071 1833 2136; baseline 0.002 -18"><span class='ocrx_word' id='word_1_212' title='bbox 79 2078 207 2118; x_wconf 90' lang='lat' dir='ltr'>esset</span> <span class='ocrx_word' id='word_1_213' title='bbox 233 2079 281 2118; x_wconf 92' lang='lat' dir='ltr'>et</span> <span class='ocrx_word' id='word_1_214' title='bbox 305 2071 503 2120; x_wconf 89' lang='lat' dir='ltr'>ductile.</span> <span class='ocrx_word' id='word_1_215' title='bbox 578 2071 678 2132; x_wconf 84' lang='lat' dir='ltr'>Qui</span> <span class='ocrx_word' id='word_1_216' title='bbox 703 2074 823 2120; x_wconf 90' lang='lat' dir='ltr'>dum</span> <span class='ocrx_word' id='word_1_217' title='bbox 854 2071 1097 2121; x_wconf 88' lang='lat' dir='ltr'>admissus</span> <span class='ocrx_word' id='word_1_218' title='bbox 1126 2073 1296 2121; x_wconf 90' lang='lat' dir='ltr'>fuisset</span> <span class='ocrx_word' id='word_1_219' title='bbox 1320 2074 1385 2122; x_wconf 94' lang='lat' dir='ltr'>ad</span> <span class='ocrx_word' id='word_1_220' title='bbox 1420 2074 1696 2133; x_wconf 88' lang='lat' dir='ltr'>Caesarem,</span> <span class='ocrx_word' id='word_1_221' title='bbox 1726 2090 1833 2136; x_wconf 89' lang='lat' dir='ltr'>por-</span> 
     </span>
     <span class='ocr_line' id='line_1_25' title="bbox 81 2151 1828 2219; baseline 0.003 -20"><span class='ocrx_word' id='word_1_222' title='bbox 81 2151 202 2200; x_wconf 87' lang='lat' dir='ltr'>rexit</span> <span class='ocrx_word' id='word_1_223' title='bbox 238 2151 453 2214; x_wconf 89' lang='lat' dir='ltr'>phialam</span> <span class='ocrx_word' id='word_1_224' title='bbox 494 2152 704 2213; x_wconf 88' lang='lat' dir='ltr'>Caesari,</span> <span class='ocrx_word' id='word_1_225' title='bbox 747 2170 897 2216; x_wconf 90' lang='lat' dir='ltr'>quam</span> <span class='ocrx_word' id='word_1_226' title='bbox 938 2153 1018 2203; x_wconf 92' lang='lat' dir='ltr'>ille</span> <span class='ocrx_word' id='word_1_227' title='bbox 1061 2154 1344 2218; x_wconf 90' lang='lat' dir='ltr'>indignatus</span> <span class='ocrx_word' id='word_1_228' title='bbox 1392 2155 1443 2203; x_wconf 92' lang='lat' dir='ltr'>in</span> <span class='ocrx_word' id='word_1_229' title='bbox 1490 2155 1828 2219; x_wconf 88' lang='lat' dir='ltr'>pavimentum</span> 
     </span>
     <span class='ocr_line' id='line_1_26' title="bbox 0 2233 1826 2301; baseline 0.003 -21"><span class='ocrx_word' id='word_1_230' title='bbox 0 2246 59 2289; x_wconf 71' lang='lat'>225</span> <span class='ocrx_word' id='word_1_231' title='bbox 81 2233 296 2296; x_wconf 89' lang='lat' dir='ltr'>proiecit.</span> <span class='ocrx_word' id='word_1_232' title='bbox 368 2234 555 2284; x_wconf 90' lang='lat' dir='ltr'>Artifex</span> <span class='ocrx_word' id='word_1_233' title='bbox 590 2245 755 2284; x_wconf 90' lang='lat' dir='ltr'>autem</span> <span class='ocrx_word' id='word_1_234' title='bbox 793 2236 987 2285; x_wconf 89' lang='lat' dir='ltr'>sustulit</span> <span class='ocrx_word' id='word_1_235' title='bbox 1024 2235 1239 2299; x_wconf 89' lang='lat' dir='ltr'>phialam</span> <span class='ocrx_word' id='word_1_236' title='bbox 1274 2238 1337 2286; x_wconf 90' lang='lat' dir='ltr'>de</span> <span class='ocrx_word' id='word_1_237' title='bbox 1372 2237 1669 2300; x_wconf 89' lang='lat' dir='ltr'>pavimento,</span> <span class='ocrx_word' id='word_1_238' title='bbox 1699 2255 1826 2301; x_wconf 88' lang='lat' dir='ltr'>quae</span> 
     </span>
     <span class='ocr_line' id='line_1_27' title="bbox 81 2315 1824 2380; baseline 0.003 -17"><span class='ocrx_word' id='word_1_239' title='bbox 81 2315 439 2378; x_wconf 90' lang='lat' dir='ltr'>conplicaverat</span> <span class='ocrx_word' id='word_1_240' title='bbox 473 2333 524 2365; x_wconf 89' lang='lat' dir='ltr'>se</span> <span class='ocrx_word' id='word_1_241' title='bbox 557 2326 811 2380; x_wconf 90' lang='lat' dir='ltr'>tamquam</span> <span class='ocrx_word' id='word_1_242' title='bbox 840 2335 925 2366; x_wconf 89' lang='lat' dir='ltr'>vas</span> <span class='ocrx_word' id='word_1_243' title='bbox 958 2335 1200 2379; x_wconf 85' lang='lat' dir='ltr'>aeneum;</span> <span class='ocrx_word' id='word_1_244' title='bbox 1237 2318 1420 2368; x_wconf 92' lang='lat' dir='ltr'>deinde</span> <span class='ocrx_word' id='word_1_245' title='bbox 1456 2321 1730 2367; x_wconf 91' lang='lat' dir='ltr'>marculum</span> <span class='ocrx_word' id='word_1_246' title='bbox 1760 2322 1824 2369; x_wconf 91' lang='lat' dir='ltr'>de</span> 
     </span>
     <span class='ocr_line' id='line_1_28' title="bbox 80 2398 1824 2462; baseline 0.002 -17"><span class='ocrx_word' id='word_1_247' title='bbox 80 2399 190 2445; x_wconf 90' lang='lat' dir='ltr'>sinu</span> <span class='ocrx_word' id='word_1_248' title='bbox 237 2398 437 2460; x_wconf 92' lang='lat' dir='ltr'>protulit</span> <span class='ocrx_word' id='word_1_249' title='bbox 483 2408 532 2447; x_wconf 93' lang='lat' dir='ltr'>et</span> <span class='ocrx_word' id='word_1_250' title='bbox 580 2398 795 2462; x_wconf 90' lang='lat' dir='ltr'>phialam</span> <span class='ocrx_word' id='word_1_251' title='bbox 844 2399 1063 2450; x_wconf 90' lang='lat' dir='ltr'>correxit.</span> <span class='ocrx_word' id='word_1_252' title='bbox 1139 2402 1256 2449; x_wconf 93' lang='lat' dir='ltr'>Hoc</span> <span class='ocrx_word' id='word_1_253' title='bbox 1305 2402 1434 2449; x_wconf 89' lang='lat' dir='ltr'>facto</span> <span class='ocrx_word' id='word_1_254' title='bbox 1474 2402 1657 2451; x_wconf 89' lang='lat' dir='ltr'>Caesar</span> <span class='ocrx_word' id='word_1_255' title='bbox 1704 2401 1824 2450; x_wconf 88' lang='lat' dir='ltr'>dixit</span> 
     </span>
     <span class='ocr_line' id='line_1_29' title="bbox 78 2478 1824 2543; baseline 0.003 -18"><span class='ocrx_word' id='word_1_256' title='bbox 78 2478 278 2527; x_wconf 87' lang='lat' dir='ltr'>artifici:</span> <span class='ocrx_word' id='word_1_257' title='bbox 341 2480 628 2543; x_wconf 88' lang='lat' dir='ltr'>‘Numquid</span> <span class='ocrx_word' id='word_1_258' title='bbox 675 2480 798 2529; x_wconf 91' lang='lat' dir='ltr'>alius</span> <span class='ocrx_word' id='word_1_259' title='bbox 847 2481 937 2530; x_wconf 91' lang='lat' dir='ltr'>scit</span> <span class='ocrx_word' id='word_1_260' title='bbox 984 2483 1113 2530; x_wconf 91' lang='lat' dir='ltr'>hanc</span> <span class='ocrx_word' id='word_1_261' title='bbox 1161 2482 1472 2531; x_wconf 92' lang='lat' dir='ltr'>condituram</span> <span class='ocrx_word' id='word_1_262' title='bbox 1521 2482 1755 2531; x_wconf 92' lang='lat' dir='ltr'>vitrorum</span> <span class='ocrx_word' id='word_1_263' title='bbox 1774 2486 1824 2532; x_wconf 89' lang='lat'>?’</span> 
     </span>
    </p>
   </div>
   <div class='ocr_carea' id='block_1_3' title="bbox 76 2608 1827 3100">
    <p class='ocr_par' dir='ltr' id='par_1_3' title="bbox 76 2608 1827 3100">
     <span class='ocr_line' id='line_1_30' title="bbox 135 2608 1826 2659; baseline 0.003 -14"><span class='ocrx_word' id='word_1_264' title='bbox 135 2619 153 2645; x_wconf 92' lang='lat'>1</span> <span class='ocrx_word' id='word_1_265' title='bbox 186 2613 427 2658; x_wconf 88' lang='lat' dir='ltr'>contempta</span> <span class='ocrx_word' id='word_1_266' title='bbox 446 2608 487 2646; x_wconf 99' lang='grc' dir='ltr'><em>Β</em></span> <span class='ocrx_word' id='word_1_267' title='bbox 632 2611 741 2648; x_wconf 92' lang='lat' dir='ltr'>vitro</span> <span class='ocrx_word' id='word_1_268' title='bbox 762 2609 808 2647; x_wconf 91' lang='lat' dir='ltr'><em>K</em></span> <span class='ocrx_word' id='word_1_269' title='bbox 955 2611 1015 2659; x_wconf 67' lang='lat' dir='ltr'>et]</span> <span class='ocrx_word' id='word_1_270' title='bbox 1039 2624 1093 2650; x_wconf 85' lang='lat' dir='ltr'>ex</span> <span class='ocrx_word' id='word_1_271' title='bbox 1120 2611 1145 2649; x_wconf 79' lang='lat'><em>1</em></span> <span class='ocrx_word' id='word_1_272' title='bbox 1302 2626 1326 2650; x_wconf 87' lang='lat'><strong>2</strong></span> <span class='ocrx_word' id='word_1_273' title='bbox 1356 2613 1518 2651; x_wconf 90' lang='lat' dir='ltr'>condiri</span> <span class='ocrx_word' id='word_1_274' title='bbox 1546 2613 1600 2650; x_wconf 89' lang='lat' dir='ltr'>T:</span> <span class='ocrx_word' id='word_1_275' title='bbox 1633 2626 1716 2652; x_wconf 84' lang='lat' dir='ltr'>om.</span> <span class='ocrx_word' id='word_1_276' title='bbox 1739 2612 1826 2650; x_wconf 87' lang='grc' dir='ltr'>ΒΚ</span> 
     </span>
     <span class='ocr_line' id='line_1_31' title="bbox 76 2662 1826 2715; baseline 0.002 -14"><span class='ocrx_word' id='word_1_277' title='bbox 76 2674 102 2711; x_wconf 89' lang='lat'><strong>3</strong></span> <span class='ocrx_word' id='word_1_278' title='bbox 131 2662 250 2714; x_wconf 91' lang='lat' dir='ltr'>coq.]</span> <span class='ocrx_word' id='word_1_279' title='bbox 268 2664 561 2713; x_wconf 84' lang='lat' dir='ltr'>conquaeritur</span> <span class='ocrx_word' id='word_1_280' title='bbox 580 2663 626 2701; x_wconf 90' lang='lat' dir='ltr'><em>K</em></span> <span class='ocrx_word' id='word_1_281' title='bbox 639 2678 648 2702; x_wconf 74' lang='grc' dir='ltr'>ε</span> <span class='ocrx_word' id='word_1_282' title='bbox 677 2665 953 2715; x_wconf 78' lang='lat' dir='ltr'>conqui**tur</span> <span class='ocrx_word' id='word_1_283' title='bbox 971 2665 1027 2702; x_wconf 91' lang='grc' dir='ltr'>Β1</span> <span class='ocrx_word' id='word_1_284' title='bbox 1189 2667 1354 2706; x_wconf 91' lang='lat' dir='ltr'>abiecto</span> <span class='ocrx_word' id='word_1_285' title='bbox 1381 2666 1419 2704; x_wconf 90' lang='lat' dir='ltr'><em>T</em></span> <span class='ocrx_word' id='word_1_286' title='bbox 1577 2681 1626 2706; x_wconf 91' lang='lat' dir='ltr'>ac</span> <span class='ocrx_word' id='word_1_287' title='bbox 1651 2667 1761 2706; x_wconf 89' lang='lat' dir='ltr'>vitro</span> <span class='ocrx_word' id='word_1_288' title='bbox 1781 2667 1826 2704; x_wconf 89' lang='lat' dir='ltr'><em>K</em></span> 
     </span>
     <span class='ocr_line' id='line_1_32' title="bbox 78 2716 1824 2772; baseline 0.003 -18"><span class='ocrx_word' id='word_1_289' title='bbox 78 2729 103 2765; x_wconf 92' lang='lat'><strong>4</strong></span> <span class='ocrx_word' id='word_1_290' title='bbox 133 2729 277 2756; x_wconf 84' lang='lat' dir='ltr'>russus</span> <span class='ocrx_word' id='word_1_291' title='bbox 305 2716 343 2754; x_wconf 93' lang='lat' dir='ltr'><em>T</em></span> <span class='ocrx_word' id='word_1_292' title='bbox 553 2721 580 2756; x_wconf 90' lang='lat'>6</span> <span class='ocrx_word' id='word_1_293' title='bbox 607 2721 844 2769; x_wconf 82' lang='lat' dir='ltr'>argumenti</span> <span class='ocrx_word' id='word_1_294' title='bbox 873 2720 930 2760; x_wconf 91' lang='lat' dir='ltr'>T:</span> <span class='ocrx_word' id='word_1_295' title='bbox 961 2721 1126 2760; x_wconf 87' lang='lat' dir='ltr'>ardenti</span> <span class='ocrx_word' id='word_1_296' title='bbox 1144 2721 1188 2759; x_wconf 92' lang='lat' dir='ltr'><em>D</em></span> <span class='ocrx_word' id='word_1_297' title='bbox 1352 2722 1456 2772; x_wconf 89' lang='lat' dir='ltr'>ting.</span> <span class='ocrx_word' id='word_1_298' title='bbox 1481 2722 1657 2761; x_wconf 89' lang='lat' dir='ltr'>enimin</span> <span class='ocrx_word' id='word_1_299' title='bbox 1678 2735 1759 2762; x_wconf 91' lang='lat' dir='ltr'>mu.</span> <span class='ocrx_word' id='word_1_300' title='bbox 1789 2721 1824 2760; x_wconf 88' lang='lat' dir='ltr'>C</span> 
     </span>
     <span class='ocr_line' id='line_1_33' title="bbox 80 2771 1820 2828; baseline 0.004 -20"><span class='ocrx_word' id='word_1_301' title='bbox 80 2783 102 2820; x_wconf 93' lang='lat'><strong>7</strong></span> <span class='ocrx_word' id='word_1_302' title='bbox 134 2771 342 2821; x_wconf 86' lang='lat' dir='ltr'>iaquintos</span> <span class='ocrx_word' id='word_1_303' title='bbox 369 2772 429 2811; x_wconf 88' lang='lat' dir='ltr'>T:</span> <span class='ocrx_word' id='word_1_304' title='bbox 460 2772 662 2812; x_wconf 88' lang='lat' dir='ltr'>iacinctos</span> <span class='ocrx_word' id='word_1_305' title='bbox 680 2773 737 2811; x_wconf 91' lang='grc' dir='ltr'>Β1</span> <span class='ocrx_word' id='word_1_306' title='bbox 999 2777 1162 2815; x_wconf 87' lang='lat' dir='ltr'>saffiros</span> <span class='ocrx_word' id='word_1_307' title='bbox 1182 2789 1265 2825; x_wconf 87' lang='lat' dir='ltr'>qua</span> <span class='ocrx_word' id='word_1_308' title='bbox 1286 2782 1328 2815; x_wconf 87' lang='lat' dir='ltr'>et</span> <span class='ocrx_word' id='word_1_309' title='bbox 1347 2777 1423 2817; x_wconf 87' lang='lat' dir='ltr'>vir.</span> <span class='ocrx_word' id='word_1_310' title='bbox 1451 2776 1510 2815; x_wconf 89' lang='lat' dir='ltr'>T:</span> <span class='ocrx_word' id='word_1_311' title='bbox 1543 2777 1820 2828; x_wconf 89' lang='lat' dir='ltr'>sappirosque</span> 
     </span>
     <span class='ocr_line' id='line_1_34' title="bbox 77 2824 1819 2882; baseline 0.003 -19"><span class='ocrx_word' id='word_1_312' title='bbox 77 2825 154 2864; x_wconf 91' lang='lat' dir='ltr'>vir.</span> <span class='ocrx_word' id='word_1_313' title='bbox 178 2824 224 2862; x_wconf 89' lang='lat' dir='ltr'><em>K</em></span> <span class='ocrx_word' id='word_1_314' title='bbox 355 2827 552 2866; x_wconf 85' lang='lat' dir='ltr'>emitetur</span> <span class='ocrx_word' id='word_1_315' title='bbox 571 2826 638 2868; x_wconf 88' lang='lat' dir='ltr'>K:</span> <span class='ocrx_word' id='word_1_316' title='bbox 671 2829 860 2868; x_wconf 89' lang='lat' dir='ltr'>mittetur</span> <span class='ocrx_word' id='word_1_317' title='bbox 878 2830 920 2867; x_wconf 91' lang='grc' dir='ltr'><em>Β</em></span> <span class='ocrx_word' id='word_1_318' title='bbox 1062 2836 1104 2869; x_wconf 90' lang='lat' dir='ltr'>et</span> <span class='ocrx_word' id='word_1_319' title='bbox 1124 2831 1216 2882; x_wconf 91' lang='lat' dir='ltr'>on.]</span> <span class='ocrx_word' id='word_1_320' title='bbox 1236 2832 1396 2871; x_wconf 90' lang='lat' dir='ltr'>eonicis</span> <span class='ocrx_word' id='word_1_321' title='bbox 1417 2830 1463 2869; x_wconf 90' lang='lat' dir='ltr'><em>K</em></span> <span class='ocrx_word' id='word_1_322' title='bbox 1644 2845 1692 2869; x_wconf 92' lang='lat'>10</span> <span class='ocrx_word' id='word_1_323' title='bbox 1721 2843 1819 2880; x_wconf 89' lang='lat' dir='ltr'>pro-</span> 
     </span>
     <span class='ocr_line' id='line_1_35' title="bbox 81 2880 1826 2938; baseline 0.003 -21"><span class='ocrx_word' id='word_1_324' title='bbox 81 2880 277 2930; x_wconf 82' lang='lat' dir='ltr'>ximaque</span> <span class='ocrx_word' id='word_1_325' title='bbox 299 2880 340 2918; x_wconf 89' lang='grc' dir='ltr'><em>Β</em></span> <span class='ocrx_word' id='word_1_326' title='bbox 367 2883 470 2933; x_wconf 80' lang='lat' dir='ltr'>(non</span> <span class='ocrx_word' id='word_1_327' title='bbox 501 2881 572 2935; x_wconf 69' lang='grc' dir='ltr'>(ΣΙ)</span> <span class='ocrx_word' id='word_1_328' title='bbox 591 2882 695 2932; x_wconf 86' lang='lat' dir='ltr'>fort.</span> <span class='ocrx_word' id='word_1_329' title='bbox 717 2888 812 2921; x_wconf 81' lang='lat' dir='ltr'>recte</span> <span class='ocrx_word' id='word_1_330' title='bbox 842 2885 908 2936; x_wconf 87' lang='lat' dir='ltr'>(cf.</span> <span class='ocrx_word' id='word_1_331' title='bbox 930 2885 1039 2925; x_wconf 81' lang='lat' dir='ltr'>Plin.</span> <span class='ocrx_word' id='word_1_332' title='bbox 1058 2886 1111 2925; x_wconf 90' lang='lat' dir='ltr'>N.</span> <span class='ocrx_word' id='word_1_333' title='bbox 1135 2885 1194 2924; x_wconf 91' lang='lat' dir='ltr'>H.</span> <span class='ocrx_word' id='word_1_334' title='bbox 1229 2888 1296 2934; x_wconf 87' lang='lat'>36,</span> <span class='ocrx_word' id='word_1_335' title='bbox 1320 2887 1416 2938; x_wconf 84' lang='lat'>198)</span> <span class='ocrx_word' id='word_1_336' title='bbox 1439 2902 1448 2926; x_wconf 90' lang='lat'>:</span> <span class='ocrx_word' id='word_1_337' title='bbox 1485 2887 1750 2936; x_wconf 87' lang='lat' dir='ltr'>maximaque</span> <span class='ocrx_word' id='word_1_338' title='bbox 1779 2885 1826 2923; x_wconf 91' lang='lat' dir='ltr'><em>K</em></span> 
     </span>
     <span class='ocr_line' id='line_1_36' title="bbox 86 2934 1827 2990; baseline 0.004 -19"><span class='ocrx_word' id='word_1_339' title='bbox 86 2946 136 2972; x_wconf 92' lang='lat'>10</span> <span class='ocrx_word' id='word_1_340' title='bbox 156 2934 359 2975; x_wconf 82' lang='lat' dir='ltr'>cristallis</span> <span class='ocrx_word' id='word_1_341' title='bbox 381 2935 422 2973; x_wconf 90' lang='grc' dir='ltr'><em>Β</em></span> <span class='ocrx_word' id='word_1_342' title='bbox 535 2950 578 2975; x_wconf 96' lang='lat'>11</span> <span class='ocrx_word' id='word_1_343' title='bbox 614 2939 842 2987; x_wconf 89' lang='lat' dir='ltr'>optandum</span> <span class='ocrx_word' id='word_1_344' title='bbox 862 2938 904 2976; x_wconf 93' lang='grc' dir='ltr'><em>Β</em></span> <span class='ocrx_word' id='word_1_345' title='bbox 1037 2952 1084 2989; x_wconf 91' lang='lat'>15</span> <span class='ocrx_word' id='word_1_346' title='bbox 1116 2941 1519 2980; x_wconf 86' lang='lat' dir='ltr'>transfundebantur</span> <span class='ocrx_word' id='word_1_347' title='bbox 1538 2939 1585 2978; x_wconf 91' lang='lat' dir='ltr'><em>K</em></span> <span class='ocrx_word' id='word_1_348' title='bbox 1655 2953 1763 2990; x_wconf 86' lang='lat' dir='ltr'>aque</span> <span class='ocrx_word' id='word_1_349' title='bbox 1790 2940 1827 2978; x_wconf 95' lang='lat' dir='ltr'>T</span> 
     </span>
     <span class='ocr_line' id='line_1_37' title="bbox 88 2989 1820 3046; baseline 0.005 -21"><span class='ocrx_word' id='word_1_350' title='bbox 88 2989 137 3026; x_wconf 90' lang='lat'>18</span> <span class='ocrx_word' id='word_1_351' title='bbox 165 2991 416 3029; x_wconf 86' lang='lat' dir='ltr'>crassiorem</span> <span class='ocrx_word' id='word_1_352' title='bbox 437 3004 477 3031; x_wconf 85' lang='lat' dir='ltr'>v.</span> <span class='ocrx_word' id='word_1_353' title='bbox 498 2990 540 3028; x_wconf 94' lang='grc' dir='ltr'><em>Β</em></span> <span class='ocrx_word' id='word_1_354' title='bbox 560 3005 569 3030; x_wconf 87' lang='lat'>:</span> <span class='ocrx_word' id='word_1_355' title='bbox 599 2992 855 3041; x_wconf 89' lang='lat' dir='ltr'>grossiorem</span> <span class='ocrx_word' id='word_1_356' title='bbox 875 2994 1011 3033; x_wconf 89' lang='lat' dir='ltr'>visum</span> <span class='ocrx_word' id='word_1_357' title='bbox 1032 2993 1078 3031; x_wconf 93' lang='lat' dir='ltr'><em>K</em></span> <span class='ocrx_word' id='word_1_358' title='bbox 1097 2995 1201 3046; x_wconf 83' lang='lat' dir='ltr'>(non</span> <span class='ocrx_word' id='word_1_359' title='bbox 1223 2994 1277 3046; x_wconf 90' lang='lat' dir='ltr'>C)</span> <span class='ocrx_word' id='word_1_360' title='bbox 1519 3008 1568 3044; x_wconf 90' lang='lat'>19</span> <span class='ocrx_word' id='word_1_361' title='bbox 1594 3008 1682 3045; x_wconf 87' lang='lat' dir='ltr'>par.</span> <span class='ocrx_word' id='word_1_362' title='bbox 1707 3000 1749 3034; x_wconf 89' lang='lat' dir='ltr'>et</span> <span class='ocrx_word' id='word_1_363' title='bbox 1767 2996 1820 3034; x_wconf 90' lang='lat' dir='ltr'>ad</span> 
     </span>
     <span class='ocr_line' id='line_1_38' title="bbox 81 3041 1818 3100; baseline 0.005 -20"><span class='ocrx_word' id='word_1_364' title='bbox 81 3041 306 3091; x_wconf 87' lang='lat' dir='ltr'>imaginem</span> <span class='ocrx_word' id='word_1_365' title='bbox 327 3043 372 3082; x_wconf 92' lang='lat' dir='ltr'><em>K</em></span> <span class='ocrx_word' id='word_1_366' title='bbox 392 3046 494 3096; x_wconf 83' lang='lat' dir='ltr'>(non</span> <span class='ocrx_word' id='word_1_367' title='bbox 516 3045 568 3097; x_wconf 88' lang='lat' dir='ltr'>C)</span> <span class='ocrx_word' id='word_1_368' title='bbox 633 3059 685 3085; x_wconf 85' lang='lat'>20</span> <span class='ocrx_word' id='word_1_369' title='bbox 712 3053 754 3085; x_wconf 89' lang='lat' dir='ltr'>et</span> <span class='ocrx_word' id='word_1_370' title='bbox 775 3047 867 3088; x_wconf 87' lang='lat' dir='ltr'>Ind.</span> <span class='ocrx_word' id='word_1_371' title='bbox 890 3047 935 3085; x_wconf 94' lang='lat' dir='ltr'><em>K</em></span> <span class='ocrx_word' id='word_1_372' title='bbox 990 3062 1040 3098; x_wconf 87' lang='lat'>24</span> <span class='ocrx_word' id='word_1_373' title='bbox 1069 3049 1216 3100; x_wconf 87' lang='lat' dir='ltr'>quam]</span> <span class='ocrx_word' id='word_1_374' title='bbox 1235 3050 1348 3099; x_wconf 92' lang='lat' dir='ltr'>quod</span> <span class='ocrx_word' id='word_1_375' title='bbox 1368 3049 1410 3087; x_wconf 92' lang='grc' dir='ltr'><em>Β</em></span> <span class='ocrx_word' id='word_1_376' title='bbox 1467 3051 1519 3088; x_wconf 87' lang='lat'>28</span> <span class='ocrx_word' id='word_1_377' title='bbox 1539 3050 1768 3088; x_wconf 87' lang='lat' dir='ltr'>vitreorum</span> <span class='ocrx_word' id='word_1_378' title='bbox 1790 3049 1818 3087; x_wconf 77' lang='lat'>7</span> 
     </span>
    </p>
   </div>
  </div>
 </body>
</html>
