2176 3424
636 0 659 13 f

453 2 619 62 i&

439 148 1071 197 ETYMOLOGIARVM
1114 150 1239 196 LIB.
1281 150 1389 196 XV.
1431 146 1559 196 v—vii

123 291 182 322 eo
207 277 343 337 quod
364 275 431 324 ibi
455 286 728 326 conventus
754 276 1046 326 feminarum
1070 277 1134 325 ad
1160 293 1284 339 opus
1309 276 1508 325 lanificii
1534 279 1864 326 exercendum

121 356 393 406 conveniat.
472 360 653 408 Mulier
683 358 814 407 enim
841 359 1029 409 Graece
1054 360 1169 426 γυνὴ
1198 368 1524 423 nuncupatur.
1598 359 1865 409 Pistrinum
1889 382 1922 429 4

119 437 259 500 quasi
283 438 592 502 pilistrinum,
615 440 729 504 quia
753 440 854 504 pilo
872 450 1018 491 antea
1043 442 1319 490 tundebant
1350 458 1570 504 granum.
1643 443 1792 491 Vnde
1817 451 1865 491 et

118 521 251 582 apud
277 524 462 570 veteres
487 539 590 570 non
615 522 864 572 molitores
890 525 978 572 sed
1007 523 1214 586 pistores
1249 523 1382 584 dicti,
1406 523 1546 587 quasi
1571 524 1805 587 pinsores,
1834 541 1862 573 a

71 623 93 663 5
118 601 370 665 pinsendis
395 603 555 666 granis
581 606 810 653 frumenti
830 623 842 665 3
879 607 1039 654 molae
1072 605 1204 654 enim
1231 623 1347 654 usus
1378 607 1602 654 nondum
1630 613 1743 665 erat,
1773 607 1861 655 sed

114 699 319 746 granum
345 684 446 747 pilo
470 684 744 748 pinsebant.
817 688 964 735 Vnde
990 695 1038 735 et
1063 686 1305 750 Vergilius
1331 686 1530 751 (Georg.
1557 705 1596 747 1,
1619 688 1735 751 267)
1756 706 1765 736 :

340 768 488 815 Nunc
524 776 702 816 torrete
739 766 836 830 igni
875 769 1049 830 fruges,
1091 785 1223 816 nunc
1260 768 1465 831 frangite
1502 786 1632 817 saxo.

115 845 354 896 Clibanus
381 846 432 914 [a
457 847 582 897 clivo
615 848 789 908 dictus,
816 849 879 896 ab
907 866 965 898 eo
990 851 1126 912 quod
1163 849 1214 897 in
1239 851 1486 899 erectione
1512 852 1573 898 sit
1592 852 1828 899 collectus
1847 869 1859 912 3
1882 870 1913 919 5

113 928 293 977 clivum
321 929 452 978 enim
482 947 741 979 ascensum
767 930 978 980 dicimus
1010 930 1110 981 sive
1136 929 1450 998 flexuosum}
1525 934 1564 979 F
1567 949 1745 980 urnum
1772 949 1858 996 per
1882 942 1916 988 6

43 1030 91 1058 10
113 1009 465 1060 derivationem
496 1030 525 1060 a
557 1013 679 1061 farre
708 1012 911 1073 dictum,
952 1013 1186 1076 quoniam
1224 1015 1364 1077 panis
1402 1030 1460 1063 ex
1497 1030 1557 1064 eo
1593 1016 1750 1064 factus
1788 1015 1855 1064 ibi

112 1094 350 1154 coquitur.
413 1095 650 1142 Torcular
679 1093 867 1142 dictum
905 1111 964 1143 eo
998 1097 1133 1158 quod
1166 1095 1234 1144 ibi
1268 1113 1391 1145 uvae
1429 1097 1679 1144 calcentur
1707 1106 1855 1160 atque
1878 1113 1907 1162 7

111 1182 325 1224 extortae
351 1174 693 1239 exprimantur.
768 1178 807 1224 F
810 1193 922 1225 orus
948 1186 1020 1226 est
1046 1179 1183 1226 locus
1209 1177 1295 1226 ubi
1321 1194 1415 1226 uva
1440 1179 1665 1237 calcatur,
1695 1180 1855 1228 dictus
1881 1186 1911 1232 8

111 1257 246 1318 quod
288 1256 357 1306 ibi
400 1258 578 1307 feratur
607 1276 712 1319 uva,
755 1261 831 1307 vel
865 1268 1062 1323 propter
1096 1261 1233 1322 quod
1272 1259 1340 1308 ibi
1374 1259 1587 1324 pedibus
1624 1260 1855 1310 feriatur:

110 1339 243 1387 unde
268 1348 316 1388 et
341 1339 657 1388 calcatorium
683 1339 876 1390 dicitur.
950 1343 1047 1390 Sed
1074 1343 1170 1390 hoc
1195 1358 1380 1391 nornen
1407 1344 1561 1391 multa
1580 1341 1853 1407 significat:

38 1445 83 1486 15
108 1419 264 1483 prima
305 1420 493 1484 species
535 1421 624 1471 fori
663 1423 801 1472 locus
843 1424 893 1470 in
931 1422 1125 1472 civitate
1165 1424 1229 1473 ad
1271 1426 1570 1474 exercendas
1607 1427 1855 1475 nundinas

108 1503 302 1552 relictus
322 1522 334 1564 3
370 1506 600 1564 secunda,
627 1504 713 1553 ubi
750 1504 1061 1569 magistratus
1086 1505 1305 1555 iudicare
1331 1507 1486 1568 solet3
1523 1506 1678 1567 tertia,
1705 1524 1855 1571 quem

107 1600 250 1648 supra
308 1585 541 1647 diximus,
593 1603 741 1649 quem
801 1587 1117 1636 calcatorium
1176 1588 1557 1637 nominavimus.
1651 1590 1853 1651 Quarta,

107 1665 262 1728 spatia
286 1668 432 1729 plana
456 1667 506 1715 in
532 1668 753 1729 navibus,
781 1671 843 1718 de
870 1669 1049 1732 quibus
1076 1669 1319 1733 Vergilius
1345 1670 1493 1735 (Aen.
1516 1674 1560 1731 6,
1580 1673 1699 1735 412)
1722 1691 1731 1720 :

766 1754 1017 1815 Laxatque
1052 1754 1196 1801 foros.

33 1852 82 1881 20
107 1831 266 1878 Lacus
291 1830 452 1880 dictus
478 1831 593 1895 quia
617 1831 685 1881 ibi
710 1833 923 1882 decurrit
947 1835 1140 1897 frugum
1165 1836 1339 1898 liquor.

240 1914 322 1960 DE
347 1928 604 1962 ADITIssvs.
672 1914 852 1964 Aditus
888 1915 952 1965 ab
989 1918 1156 1966 eundo
1188 1916 1362 1977 dictus,
1396 1934 1481 1981 per
1515 1935 1663 1980 quem
1697 1920 1848 1982 ingre·
1871 1929 1952 1970 V11

104 1992 265 2042 dimur
313 2004 361 2043 et
411 1995 731 2046 admittimur.
815 1997 1131 2047 Vestibulum
1193 2009 1264 2048 est
1312 2002 1388 2048 vel
1446 1999 1608 2049 aditus
1663 2002 1844 2051 domus
1869 2020 1901 2055 2

102 2073 332 2136 privatae,
353 2078 428 2125 vel
454 2077 665 2140 spatium
691 2077 922 2128 adiacens
947 2079 1154 2129 aedibus
1180 2080 1404 2144 publicis.
1458 2084 1520 2130 Et
1545 2081 1843 2131 vestibulum

102 2155 289 2205 dictum
329 2175 390 2207 eo
430 2160 565 2222 quod
607 2176 668 2209 eo
704 2160 975 2209 vestiuntur
1011 2163 1152 2221 fores,
1192 2172 1276 2211 aut
1313 2165 1449 2226 quod
1484 2163 1673 2213 aditum
1714 2174 1845 2214 tecto

11 2261 74 2302 ·25
101 2238 286 2299 vestiat,
327 2250 414 2289 aut
449 2242 513 2290 ab
556 2244 751 2292 stando.
840 2243 1077 2305 Porticus,
1118 2246 1254 2308 quod
1301 2245 1531 2295 transitus
1581 2245 1642 2295 sit
1691 2247 1844 2311 magis
1868 2262 1899 2308 3

100 2336 248 2381 quam
282 2321 367 2370 ubi
405 2325 636 2372 standum
672 2324 745 2384 sit,
779 2325 919 2388 quasi
954 2335 1126 2389 porta3
1163 2337 1211 2375 et
1241 2327 1470 2390 porticus,
1508 2346 1568 2377 eo
1605 2331 1742 2392 quod
1780 2329 1841 2378 sit

151 2462 176 2488 2
204 2452 514 2491 conveniantB
651 2456 765 2493 enim
787 2469 868 2495 om.
897 2455 934 2493 T
1063 2457 1210 2508 nunc.]
1232 2464 1406 2498 vocatur
1421 2459 1462 2497 Β
1626 2473 1652 2510 3
1682 2467 1782 2500 ante
1801 2461 1843 2499 B

98 2505 325 2545 tondebant
346 2506 446 2546 CT:
475 2508 819 2549 adtondebantB
957 2524 1025 2550 un.
1053 2524 1119 2561 ap.
1139 2511 1186 2549 K
1379 2529 1403 2563 4
1435 2527 1498 2565 qu.
1523 2528 1731 2565 pensores
1751 2515 1806 2554 Β1
1832 2531 1840 2555 :

97 2573 161 2609 qu.
185 2560 366 2601 finsores
390 2561 481 2601 CB2
662 2576 686 2614 5
717 2565 909 2615 pisendis
929 2564 1039 2606 KO:
1074 2566 1285 2607 findendis
1306 2568 1429 2608 BCT
1557 2570 1768 2609 frumento
1791 2571 1840 2610 C1

96 2616 123 2652 6
152 2615 223 2654 filo
251 2614 312 2655 T:
341 2616 382 2655 in
403 2617 486 2667 pila
506 2617 675 2658 Servius
695 2619 753 2658 ad
766 2619 873 2660 Aen.
903 2633 938 2669 1,
964 2633 1038 2670 179
1231 2623 1451 2662 findebant
1470 2624 1595 2664 BCK
1611 2639 1620 2664 ε
1650 2626 1738 2665 -bat
1763 2625 1838 2665 TO

98 2682 119 2718 7
151 2671 300 2709 torrite
322 2670 368 2708 K
500 2672 606 2724 igni]
630 2674 807 2713 flammis
827 2674 882 2712 Β1
1047 2676 1072 2713 8
1102 2677 1321 2716 Clibanum
1342 2677 1547 2717 BFKOP
1687 2695 1710 2719 a
1731 2681 1837 2719 clivo

97 2751 106 2762 .
131 2753 140 2762 .
163 2753 173 2763 .
199 2725 296 2765 ssex.
320 2726 410 2765 hab.
441 2725 584 2765 TUX:
615 2741 698 2768 om.
720 2728 1006 2770 BCDFKOP
1091 2744 1118 2781 9
1147 2731 1329 2771 Fornum
1353 2732 1513 2774 CKOP
1614 2747 1663 2774 10
1692 2736 1781 2774 fare
1804 2735 1842 2774 T

97 2780 290 2828 quoniam
332 2780 406 2820 CF
409 2779 467 2820 T:
515 2783 621 2832 quod
661 2783 874 2823 BDKOP
1058 2798 1105 2823 12
1135 2785 1269 2826 Torus
1307 2786 1353 2825 K
1486 2802 1566 2829 uve
1607 2792 1675 2840 (ex
1710 2791 1831 2841 corr.)

96 2833 307 2873 calcantur
331 2834 370 2873 T
462 2849 509 2885 15
538 2836 683 2887 specie
703 2837 783 2877 BC
866 2842 915 2878 16
944 2853 1049 2889 quae
1070 2853 1161 2890 sup.
1184 2840 1248 2880 K:
1282 2843 1391 2892 quod
1413 2856 1503 2894 sup.
1527 2844 1570 2882 Β
1647 2857 1694 2894 17
1727 2857 1832 2894 quae

95 2888 195 2927 calc.
219 2888 265 2926 K
379 2892 640 2931 nominamus
659 2892 739 2932 BC
893 2908 948 2934 20
977 2895 1091 2947 quia]
1114 2897 1222 2945 quod
1246 2896 1281 2935 C
1400 2898 1584 2950 frugum]
1607 2911 1776 2938 uvarum
1802 2899 1837 2940 C

94 2954 142 2981 21
174 2944 227 2982 ab
248 2944 442 2984 adeundo
462 2945 577 2987 Serv.
599 2947 658 2986 ad
672 2947 776 2986 Aen.
797 2951 836 2999 6,
857 2962 908 2999 43
1051 2950 1147 3000 per]
1168 2951 1220 2990 ad
1243 2950 1289 2988 K
1450 2967 1500 2991 22
1529 2954 1685 2992 aditum
1708 2953 1839 2993 ΒΚΤ

94 2999 340 3089 εβΚεεόἰὸυε
368 2999 404 3037 T
535 3015 587 3051 24
617 3001 771 3042 dictum
791 3015 873 3043 om.
899 3003 943 3041 K
1063 3018 1114 3044 eo
1139 3005 1248 3056 (alt.)
1272 3020 1351 3046 om.
1384 3006 1422 3044 T
1543 3010 1596 3047 26
1624 3009 1680 3048 sit
1699 3010 1829 3063 (alt.)]

92 3063 127 3090 si

159 3137 262 3174 1182
293 3147 324 3174 11
937 3157 976 3190 M
