2228 3444
451 806 1116 873 PRAEFATIO
1208 807 1761 874 EDITORIS

296 1004 402 1050 H1C
442 1003 608 1061 habes,
650 1004 804 1051 lector
844 1002 1100 1062 benevole,
1143 1002 1566 1065 Etymologiarum
1604 1004 1875 1054 editionem
1915 1009 1981 1053 in-

223 1084 453 1131 choatam
479 1083 643 1145 potius
678 1100 829 1146 quam
864 1083 1098 1132 omnibus
1134 1083 1351 1131 numeris
1382 1084 1675 1145 absolutam,
1710 1104 1856 1149 quam
1895 1106 1981 1136 cur

223 1162 291 1210 sic
331 1163 420 1212 tibi
460 1166 634 1213 offerre
672 1181 820 1213 ausus
861 1164 968 1224 sim,
1012 1166 1167 1212 immo
1208 1166 1373 1214 hercle
1417 1175 1617 1215 coactus
1661 1167 1767 1227 sim,
1810 1170 1979 1231 paucis

221 1244 434 1306 primum
470 1263 729 1309 exponam.
803 1247 938 1295 Scito
976 1247 1121 1309 igitur
1157 1263 1238 1294 me
1274 1257 1389 1296 ante
1426 1249 1614 1310 aliquot
1652 1267 1809 1298 annos
1841 1252 1974 1311 dum,

221 1327 555 1376 Grammatica
582 1327 759 1376 Latina
783 1327 1242 1391 antiquissimisque
1270 1328 1589 1392 scriptoribus
1618 1331 1806 1380 Latinis
1832 1350 1976 1382 occu-

220 1418 374 1468 patus,
400 1409 673 1472 pleniorem
700 1409 927 1458 notitiam
950 1411 1013 1457 de
1032 1409 1351 1458 citationibus
1372 1427 1543 1458 eorum
1564 1414 1698 1474 apud
1727 1413 1975 1462 Isidorum

219 1490 463 1548 desidero,
498 1491 738 1541 lectiones
772 1491 1107 1554 antiquiorum
1139 1493 1372 1540 codicum
1411 1491 1633 1555 undique
1670 1496 1976 1557 congessisse

219 1589 278 1620 eo
321 1572 491 1621 animo
535 1583 588 1621 ut
627 1582 889 1636 congestas
934 1573 1191 1621 Kueblero
1232 1573 1504 1621 editionem
1550 1575 1972 1638 Etymologiarum

217 1655 407 1715 paranti
434 1656 677 1703 traderem
697 1674 709 1715 3
746 1655 929 1703 deinde
955 1653 1193 1716 paulatim
1221 1655 1287 1702 rei
1313 1671 1481 1702 amore
1513 1665 1712 1717 captum
1741 1658 1974 1720 plurimas

216 1734 454 1785 lectiones
492 1752 550 1784 ex
587 1736 693 1784 aliis
731 1737 852 1784 locis
891 1734 1318 1798 Etymologiarum
1355 1735 1622 1794 addidisse,
1662 1755 1789 1801 quae
1826 1742 1974 1789 docu-

217 1826 388 1866 mento
413 1828 579 1866 essent
605 1820 764 1881 qualis
790 1819 963 1865 fuisset
994 1817 1228 1879 διασπορά
1259 1817 1368 1865 libri
1405 1819 1669 1866 Isidoriani
1695 1837 1781 1882 per
1808 1839 1974 1871 mona-

216 1898 358 1946 steria
387 1901 630 1962 Europae,
661 1909 709 1948 et
735 1898 916 1962 quibus
943 1897 1219 1960 insignibus
1246 1897 1469 1946 diversae
1499 1900 1730 1948 codicum
1760 1902 1972 1952 familiae

214 1978 340 2028 inter
373 1997 424 2028 se
459 1990 624 2029 essent
659 1981 1032 2030 discernendae.
1105 1981 1352 2042 Denique,
1387 1991 1650 2043 postquam
1688 1984 1970 2034 Kueblerus

215 2060 477 2109 eonsilium
529 2061 712 2111 edendi
761 2062 871 2110 libri
925 2060 1186 2120 abiecerat,
1238 2062 1362 2108 forte
1411 2063 1607 2109 fortuna
1660 2065 1865 2127 contigit
1919 2077 1970 2113 ut

215 2142 541 2191 Ottonianam
580 2143 851 2192 editionem
890 2159 1004 2190 cum
1042 2142 1217 2190 codice
1251 2143 1739 2192 Wolfenbuettelano
1777 2165 1969 2197 accura—

213 2223 400 2272 tissime
448 2242 476 2272 a
527 2226 746 2287 Iosepho
797 2223 948 2272 Klein
997 2225 1228 2271 collatam
1272 2240 1330 2272 ex
1373 2223 1647 2287 bibliopola
1690 2228 1967 2290 antiquario

211 2321 441 2364 emerem,
465 2305 743 2369 certiorque
762 2307 919 2353 factus
941 2305 1075 2353 brevi
1096 2305 1198 2352 fore
1225 2314 1276 2352 ut
1302 2306 1461 2353 codex
1480 2308 1524 2353 T
1529 2307 1754 2356 oletanus
1780 2310 1964 2371 publici

211 2385 326 2433 iuris
356 2388 679 2450 phototypice
709 2403 968 2449 expressus
1003 2387 1154 2444 fieret,
1182 2385 1521 2435 ambitiosiora
1554 2386 1640 2434 inii
1673 2392 1888 2449 consilia,
1918 2402 1964 2439 et

211 2476 384 2515 nactus
410 2467 726 2517 occasionem
754 2469 939 2516 itineris
965 2468 1487 2530 palaeographicorum
1515 2470 1790 2518 studiorum
1818 2489 1964 2519 causa

210 2565 296 2611 per
347 2551 607 2613 plerasque
661 2549 988 2598 bibliothecas
1044 2549 1274 2610 Europae
1328 2550 1456 2608 facti,
1508 2550 1707 2598 codices
1766 2554 1963 2614 Etymo—

210 2631 448 2692 logiarum
474 2647 667 2692 omnes,
687 2630 772 2694 qui
800 2632 1004 2693 quidem
1031 2629 1192 2679 octavi
1217 2640 1301 2678 aut
1327 2630 1608 2693 incipientis
1634 2633 1752 2679 noni
1780 2638 1959 2683 saeculi

209 2721 387 2771 essent,
432 2711 626 2775 inspexi
670 2722 718 2761 et
768 2721 890 2776 quot
933 2710 1073 2774 potui
1115 2710 1353 2759 lectiones
1402 2711 1649 2774 exscripsi.
1737 2716 1864 2762 Nam
1910 2715 1956 2761 in

211 2793 634 2856 Etymologiarum
674 2794 932 2843 codicibus
969 2791 1268 2841 adhibendis
1307 2794 1387 2841 ille
1423 2795 1644 2855 profecto
1682 2797 1958 2844 laudandus

207 2884 279 2922 est

283 2912 292 2932 ³
409 2942 493 3004 qui
532 2944 657 2991 redit
694 2941 744 2990 in
780 2944 932 2990 fastos
969 2951 1018 2991 et
1054 2940 1282 2990 virtutem
1319 2941 1546 2989 aestimat
1582 2942 1741 3003 annis,

206 3037 320 3068 cum
345 3021 718 3086 antiquissimus
744 3022 955 3086 quisque
976 3024 1188 3071 maxime
1214 3021 1574 3084 interpolatoris
1602 3039 1750 3071 manu
1777 3037 1950 3074 careat.

274 3103 403 3151 Cum
425 3103 568 3166 igitur
588 3103 704 3152 satis
723 3114 1034 3166 compertum
1056 3103 1290 3151 haberem
1312 3101 1541 3151 codicum
1567 3102 1950 3155 Isidorianorum

1068 3202 1098 3232 v
