2176 3424
455 94 1083 143 ETYMOLOGIARVM
1127 93 1253 139 LIB.
1293 93 1412 139 XII.
1453 91 1481 150 i,
1522 91 1551 139 ii

133 228 274 277 Circa
301 225 554 275 hominem
579 225 780 272 leonum
808 230 979 271 natura
1005 230 1077 271 est
1103 229 1155 269 ut
1181 220 1274 269 nisi
1299 220 1414 270 laesi
1443 229 1693 284 nequeant
1714 217 1870 267 irasci.
1895 217 1929 264 6

131 311 271 358 Patet
307 309 437 357 enim
476 323 645 356 eorum
684 303 1018 354 misericordia
1053 303 1288 367 exemplis
1314 304 1538 352 assiduis.
1611 299 1870 351 Prostratis

129 391 260 440 enim
287 399 513 454 parcunt;
540 389 760 451 captivos
785 386 957 436 obvios
983 387 1245 449 repatriare
1269 386 1587 448 permittunt;
1615 383 1870 432 hominem

129 489 231 521 non
269 473 362 519 nisi
401 473 450 520 in
494 486 671 533 magna
714 471 842 518 fame
885 467 1184 518 interimunt.
1274 469 1351 517 De
1391 466 1572 530 quibus
1616 465 1871 515 Lucretius

83 579 105 620 ⁵
129 552 195 618 (5,
224 553 401 617 1035)=

726 633 1025 695 Scymnique
1062 633 1277 680 leonum.

127 719 286 783 Tigris
303 726 475 768 vocata
490 725 687 780 propter
703 716 951 763 volucrem
969 715 1159 777 fugam;
1190 713 1256 762 ita
1272 713 1403 761 enim
1421 712 1680 762 nominant
1698 714 1873 762 Persae
1895 717 1942 776 7Ἴ

128 812 175 851 et
217 801 356 850 Medi
397 799 634 863 sagittam.
710 800 798 845 Est
837 796 969 845 enim
1008 796 1164 845 bestia
1200 795 1341 844 variis
1381 795 1613 845 distincta
1652 795 1870 856 maculis,

127 885 302 934 virtute
335 892 382 932 et
408 881 666 931 velocitate
704 878 967 939 mirabilis3
1005 896 1061 927 ex
1094 878 1233 927 cuius
1266 878 1469 927 nomine
1502 879 1686 927 flumen
1712 877 1871 941 Tigris

56 989 104 1017 10
129 968 411 1031 appellatur,
441 965 577 1027 quod
611 962 650 1011 is
686 960 1021 1024 rapidissimus
1061 960 1120 1008 sit
1150 959 1373 1008 omnium
1411 961 1684 1008 fluviorum.
1761 962 1869 1008 Has

130 1048 281 1111 magis
321 1046 572 1110 Hyrcania
617 1044 784 1108 gignit.
856 1045 1070 1092 Panther
1108 1042 1284 1103 dictus,
1327 1044 1428 1091 sive
1468 1044 1604 1106 quod
1647 1041 1868 1090 omnium
1897 1043 1926 1090 8

127 1131 411 1180 animalium
440 1128 500 1177 sit
524 1126 725 1186 amicus,
755 1134 960 1188 excepto
987 1126 1215 1185 dracone,
1245 1124 1345 1173 sive
1371 1124 1485 1187 quia
1511 1133 1559 1173 et
1584 1124 1657 1173 sui
1683 1124 1873 1187 generis

133 1212 366 1261 societate
398 1211 579 1273 gaudet
615 1217 661 1258 et
693 1210 756 1257 ad
790 1209 1000 1256 eandem
1034 1207 1407 1256 similitudinem
1434 1207 1672 1271 quicquid
1702 1207 1879 1270 accipit

130 1293 303 1344 reddit.
378 1298 483 1341 Πᾶν
508 1291 639 1340 enim
668 1292 855 1341 Graece
882 1306 1032 1338 omne
1058 1289 1247 1338 dicitur.
1324 1289 1489 1338 Bestia
1522 1289 1724 1337 minutis
1756 1288 1883 1337 orbi·

45 1396 102 1437 315
130 1376 250 1426 culis
284 1374 572 1438 superpicta,
603 1372 668 1420 ita
694 1382 746 1420 ut
771 1371 976 1420 oculatis
1011 1387 1067 1419 ex
1102 1373 1234 1420 fulvo
1269 1371 1474 1430 circulis,
1505 1372 1641 1434 nigra
1666 1373 1742 1419 vel
1767 1371 1880 1420 alba

129 1458 453 1520 distinguatur
490 1454 732 1503 varietate.
810 1455 952 1501 Haec
1001 1454 1153 1501 semel
1201 1452 1406 1502 omnino
1449 1451 1652 1516 parturit
1669 1471 1683 1513 3
1737 1454 1875 1501 cuius
1902 1462 1937 1510 9

129 1556 304 1589 causae
330 1538 451 1588 ratio
478 1535 736 1585 manifesta
762 1544 847 1583 est.
918 1535 1048 1582 Nam
1076 1550 1188 1582 cum
1216 1533 1267 1582 in
1292 1543 1430 1582 utero
1458 1533 1623 1582 matris
1649 1536 1875 1583 coaluere

131 1621 277 1671 catuli
304 1619 605 1680 maturisque
631 1619 694 1666 ad
720 1617 1027 1665 nascendum
1053 1615 1236 1664 viribus
1260 1617 1462 1679 pollent,
1486 1615 1662 1664 odiunt
1690 1625 1877 1679 tempo-

132 1721 238 1751 rum
266 1718 423 1751 moras
442 1720 453 1761 3
491 1702 655 1762 itaque
676 1707 928 1747 oneratam
948 1697 1162 1746 foetibus
1183 1699 1378 1747 vulvam
1404 1707 1658 1761 tamquam
1680 1698 1875 1746 obstan-

58 1806 108 1834 20
133 1794 231 1833 tem
267 1784 425 1846 partui
459 1781 704 1845 unguibus
742 1782 984 1829 lacerant:
1022 1779 1230 1828 effundit
1256 1781 1335 1828 illa
1360 1790 1570 1843 partum,
1599 1797 1684 1828 seu
1710 1780 1874 1843 potius

130 1865 343 1925 dimittit,
364 1865 533 1914 dolore
550 1873 772 1926 cogente.
827 1864 902 1910 Ita
923 1870 1095 1925 postea
1114 1863 1354 1924 corruptis
1372 1870 1418 1910 et
1436 1861 1731 1910 cicatricosis
1753 1862 1876 1910 sedi-

130 1949 222 1996 bus
256 1947 466 2010 genitale
492 1962 660 1994 semen
688 1946 904 1992 infusum
931 1961 1032 1992 non
1058 1945 1223 1992 haeret
1256 1951 1530 2006 acceptum,
1562 1945 1648 1991 sed
1674 1943 1873 1992 inritum

130 2029 293 2080 resilit.
367 2031 495 2077 Nam
535 2027 722 2074 Plinius
760 2023 845 2089 (N.
868 2026 935 2072 H.
958 2028 1000 2084 8,
1021 2023 1106 2088 43)
1145 2024 1264 2073 dicit
1300 2024 1531 2072 animalia
1568 2041 1681 2073 cum
1719 2026 1875 2073 acutis

0 2122 3 2169 l
132 2111 379 2175 unguibus
417 2111 701 2171 frequentur
731 2123 898 2170 parere
932 2123 1034 2155 non
1065 2123 1209 2169 posse
1227 2125 1239 2167 ;
1277 2106 1508 2154 vitiantur
1542 2106 1673 2155 enim
1708 2106 1873 2155 intrin-

44 2217 106 2258 *²5
132 2210 271 2243 secus
298 2209 349 2241 se
376 2189 688 2240 moventibus
708 2188 894 2238 catulis.
957 2190 1144 2237 Pardus
1172 2190 1418 2237 secundus
1445 2198 1556 2251 post
1580 2191 1868 2252 pantherem
1894 2203 1952 2237 10

130 2285 214 2336 est,
243 2291 396 2338 genus
420 2272 605 2322 varium
636 2288 693 2320 ac
718 2271 1082 2319 velocissimum
1117 2280 1164 2319 et
1200 2287 1434 2334 praeceps
1467 2272 1531 2319 ad
1565 2270 1869 2334 sanguinem.

130 2360 264 2408 Saltu
299 2356 430 2405 enim
462 2356 526 2403 ad
557 2363 764 2402 mortem
804 2352 910 2401 ruit.
985 2354 1271 2415 Leopardus
1305 2370 1363 2400 ex
1394 2351 1636 2401 adulterio
1670 2354 1869 2401 leaenae
1892 2367 1936 2400 11

131 2450 177 2490 et
201 2440 339 2504 pardi
364 2436 591 2496 nascitur,
621 2445 668 2485 et
693 2437 885 2484 tertiam
912 2433 1148 2497 originem
1177 2434 1322 2482 efficit
1343 2453 1354 2494 3
1391 2434 1515 2482 sicut
1540 2444 1587 2483 et
1610 2434 1795 2482 Plinius
1822 2434 1871 2481 in

131 2519 351 2571 Naturali
366 2518 583 2567 Historia
596 2517 664 2583 (8,
676 2517 758 2580 42)
771 2516 904 2577 dicit,
917 2519 1113 2565 leonem
1131 2533 1243 2564 cum
1261 2518 1426 2579 parda,
1439 2525 1523 2564 aut
1540 2517 1746 2580 pardum
1760 2533 1874 2564 cum

188 2664 205 2689 1
238 2649 433 2689 homines
452 2647 492 2686 Β
619 2659 644 2696 3
673 2651 848 2696 parcent
870 2645 915 2683 K
1024 2644 1143 2684 ovios
1173 2643 1209 2681 T
1311 2644 1555 2695 permittent
1578 2644 1623 2682 K
1756 2645 1782 2681 6
1812 2656 1873 2683 sc.

132 2705 315 2746 leonium
344 2703 400 2743 T:
431 2703 672 2751 scimusque
693 2701 861 2739 leonem
882 2699 962 2739 B1:
998 2712 1234 2748 sonumque
1264 2698 1430 2738 leonum
1464 2699 1513 2738 Cl
1645 2713 1665 2747 7
1698 2698 1729 2736 it
1759 2699 1872 2737 enim

132 2761 177 2799 K
284 2758 398 2809 persi
428 2763 470 2796 et
502 2771 554 2796 m.
587 2755 654 2793 K:
686 2769 740 2794 m.
774 2761 816 2794 et
838 2754 1009 2805 persiB
1123 2766 1173 2792 10
1203 2753 1337 2804 quod]
1358 2754 1509 2804 quiaC
1619 2766 1668 2791 12
1698 2753 1871 2791 draconi

131 2813 262 2853 BKT
368 2825 416 2862 13
445 2813 497 2851 ad
511 2824 592 2850 om.
610 2810 659 2849 Cl
771 2811 919 2848 eadem
938 2808 984 2846 K
1091 2809 1254 2858 accepit
1270 2807 1356 2846 ΒΚ
1521 2821 1569 2857 14
1599 2808 1712 2846 enim
1728 2821 1809 2847 om.
1830 2807 1876 2846 K

132 2870 209 2909 dic.
232 2881 313 2907 om.
338 2868 423 2907 bes.
449 2866 562 2905 enim
585 2865 651 2904 mi.
677 2864 712 2903 C
867 2876 914 2914 17
946 2863 1068 2913 coal.]
1092 2863 1234 2902 calore
1256 2862 1301 2900 K
1441 2864 1489 2901 18
1521 2862 1750 2910 matrisque
1771 2861 1870 2901 BC:

133 2923 363 2972 maturique
377 2920 571 2960 Schwarz
655 2918 817 2969 pollere
830 2919 1020 2958 studiunt
1037 2916 1082 2954 K
1163 2917 1422 2967 temporibus
1436 2917 1475 2955 Β
1585 2930 1638 2955 20
1658 2916 1877 2956 effudetK

133 2991 184 3016 22
214 2978 390 3016 effusum
412 2975 458 3014 K
565 2987 616 3023 23
646 2973 791 3012 resilet
812 2973 882 3012 K:
904 2972 1034 3011 inlisit
1055 2971 1113 3010 T:
1135 2971 1324 3022 praesilit
1342 2971 1376 3010 C
1497 2984 1548 3019 24
1578 2972 1650 3011 vit.
1665 2971 1822 3010 etenim
1843 2971 1878 3010 C

50 3053 63 3074 c
85 3058 96 3063 -
129 3044 183 3083 <25
213 3031 444 3070 secundum
469 3029 545 3068 CT
647 3034 797 3078 panter
825 3027 862 3065 T
964 3029 1017 3064 26
1045 3025 1203 3078 genus]
1221 3039 1272 3076 ge
1291 3025 1336 3064 K
1443 3039 1496 3076 29
1525 3025 1634 3065 dixit
1653 3025 1719 3065 leo
1743 3026 1791 3067 C¹

55 3077 91 3155 Ῑ
144 3095 293 3148 x*1182
323 3118 354 3146 11
690 3154 694 3157 ἢ
986 3107 1019 3142 D
