2228 3444
482 180 1119 230 ETYMOLOGIARVM
1162 183 1289 230 LIB.
1333 184 1369 232 Ι.
1412 182 1550 230 xxxix

139 304 363 371 [quando
388 303 621 353 subversa
656 301 754 370 est]
781 313 828 353 et
862 306 1103 368 populum
1131 302 1334 373 [Israel]
1370 307 1573 369 quando
1601 304 1886 373 [subversus

137 395 208 435 est
235 384 307 453 et]
334 387 555 449 captivus
572 387 750 436 ductus
771 395 858 435 est.
935 389 1052 435 Post
1069 388 1202 435 hunc
1219 389 1352 450 apud
1370 389 1587 437 Graecos
1606 387 1886 440 Simonides

135 477 282 533 poeta
306 470 496 532 lyricus.
570 467 954 518 Adhibebantur
978 477 1143 518 autem
1170 469 1425 518 funeribus
1455 480 1604 534 atque
1629 473 1856 521 lamentis
1878 492 1887 522 ε

135 550 355 601 similiter
380 560 428 600 et
451 568 598 601 nunc.
673 550 996 615 Epitaphium
1023 552 1226 611 Graece,
1257 553 1432 601 Latine
1458 570 1603 616 supra
1623 555 1882 602 tumulum.
1910 568 1979 603 20

89 655 110 694 5
138 635 227 682 Est
251 632 384 682 enim
418 633 586 682 titulus
620 642 940 692 mortuorum,
970 633 1054 697 qui
1080 636 1131 681 in
1164 634 1464 683 dormitione
1498 652 1668 684 eorum
1707 638 1773 696 fit,
1802 636 1887 699 qui

135 715 231 763 iam
259 714 479 764 defuncti
505 723 632 763 sunt.
707 714 945 764 Scribitur
977 715 1110 764 enim
1137 715 1205 764 ibi
1239 715 1351 777 vita,
1379 733 1540 766 mores
1567 726 1614 766 et
1647 726 1780 766 aetas
1810 734 1888 766 eo-

135 813 257 846 rum.
331 796 498 846 Poesis
525 796 703 846 dicitur
729 799 920 846 Graeco
947 797 1150 846 nomine
1174 814 1299 861 opus
1332 801 1598 847 multorum
1632 799 1882 860 librorum,
1909 813 1963 847 21

135 895 314 942 poema
345 878 505 938 unius,
534 878 738 941 idyllion
776 895 1047 942 paucorum
1085 897 1328 940 versuum,
1370 879 1620 929 distichon
1657 882 1884 940 duorum,

137 959 486 1009 monostichon
512 959 671 1009 unius.
748 962 1065 1024 Epigramma
1091 971 1163 1011 est
1192 963 1376 1022 titulus,
1406 964 1543 1026 quod
1576 962 1626 1011 in
1655 965 1886 1011 Latinum
1911 976 1974 1011 22

66 1064 114 1092 10
137 1042 483 1107 superscriptio
517 1042 860 1106 interpretatur
877 1062 890 1104 3
928 1045 1006 1092 ἐπί
1036 1043 1168 1092 enim
1203 1061 1361 1108 super,
1390 1047 1584 1112 γράμμα
1619 1044 1778 1094 littera
1810 1047 1887 1094 vel

135 1127 333 1189 scriptio
359 1124 548 1174 dicitur.
624 1127 840 1188 Epodon
866 1125 916 1173 in
943 1136 1172 1189 poemate
1206 1128 1425 1175 clausula
1450 1126 1610 1176 brevis
1644 1135 1731 1176 est.
1805 1129 1888 1175 Di-
1907 1140 1973 1187 23

133 1217 267 1257 ctum
300 1216 466 1256 autem
500 1208 716 1270 epodon,
748 1208 885 1270 quod
922 1207 1180 1256 adcinatur
1211 1210 1274 1257 ad
1305 1208 1521 1273 speciem
1552 1207 1766 1272 elegiaci,
1802 1209 1889 1257 ubi

134 1289 402 1353 praemisso
428 1305 529 1337 uno
563 1287 797 1352 longiore,
826 1290 947 1337 alter
981 1289 1173 1338 brevior
1207 1290 1517 1353 conponitur,
1546 1300 1695 1354 atque
1720 1291 1770 1338 in
1797 1290 1890 1338 sin-

133 1374 258 1436 gulis
295 1372 575 1435 quibusque
612 1370 880 1420 maioribus
912 1381 1175 1435 sequentes
1209 1371 1424 1421 minores
1462 1372 1602 1436 quasi
1639 1374 1886 1421 clausulae

64 1471 111 1512 15
135 1454 373 1503 recinunt.
463 1455 721 1504 Clausulas
762 1463 927 1502 autem
977 1454 1111 1518 lyrici
1158 1457 1410 1518 appellant
1457 1457 1596 1519 quasi
1639 1455 1884 1519 praecisos
1907 1473 1974 1519 24

136 1553 299 1586 versus
327 1537 524 1599 integris
551 1535 815 1596 subiectos,
844 1546 897 1585 ut
923 1545 995 1585 est
1021 1538 1154 1600 apud
1181 1537 1449 1586 Horatium
1475 1537 1661 1602 (Epod.
1686 1557 1726 1598 2,
1752 1538 1796 1604 1)
1820 1559 1828 1588 :

541 1621 723 1666 Beatus
760 1617 853 1679 ille,
894 1617 977 1681 qui
1015 1620 1186 1682 procul
1221 1619 1444 1683 negotiis,

136 1699 318 1749 deinde
343 1701 563 1762 sequitur
582 1699 829 1762 praecisus
851 1718 859 1747 ε

540 1784 607 1830 Vt
646 1781 804 1845 prisca
840 1799 960 1845 gens
998 1784 1279 1831 mortalium
1299 1802 1312 1844 3

65 1882 115 1911 20
136 1862 204 1913 sic
231 1872 278 1913 et
308 1865 543 1926 deinceps
569 1863 756 1924 alterni,
785 1864 965 1927 quibus
990 1864 1155 1927 aliqua
1187 1882 1297 1929 pars
1324 1866 1478 1926 deest,
1505 1875 1554 1915 et
1580 1864 1670 1929 ipsi
1696 1882 1889 1929 praece-

136 1947 368 1996 dentibus
405 1945 601 2006 similes,
639 1948 726 1996 sed
760 1946 990 1997 minores.
1065 1949 1318 1997 Centones
1353 1950 1488 2012 apud
1525 1947 1887 1997 Grammaticos
1911 1962 1976 2014 25

136 2027 299 2076 vocari
324 2029 496 2087 solent,
520 2027 603 2091 qui
630 2030 694 2078 de
714 2027 1013 2078 carminibus
1035 2031 1245 2079 Homeri
1272 2046 1358 2079 seu
1378 2029 1579 2093 Vergilii
1605 2031 1668 2078 ad
1694 2032 1889 2093 propria

138 2126 287 2173 opera
313 2126 448 2158 more
473 2110 761 2159 centonario
786 2127 845 2159 ex
877 2110 1043 2159 multis
1069 2110 1185 2158 hinc
1217 2110 1334 2160 inde
1360 2111 1629 2175 conpositis
1654 2110 1704 2159 in
1731 2129 1886 2160 unum

138 2190 352 2239 sarciunt
395 2207 587 2254 corpus,
630 2193 694 2240 ad
736 2192 1018 2240 facultatem
1058 2192 1298 2255 cuiusque
1337 2192 1581 2243 materiae.
1657 2193 1888 2256 Denique
1910 2202 1978 2248 26

66 2290 113 2330 ²5
140 2273 314 2332 Proba,
344 2289 464 2322 uxor
489 2272 720 2336 Adelphi‚
757 2282 1021 2322 centonem
1056 2290 1114 2323 ex
1144 2274 1356 2338 Vergilio
1382 2276 1444 2323 de
1476 2275 1682 2323 Fabrica
1715 2276 1889 2324 mundi

139 2364 188 2404 et
233 2354 514 2418 Evangeliis
551 2354 836 2418 plenissime
873 2355 1122 2419 expressit,
1162 2356 1365 2404 materia
1414 2358 1672 2419 conposita
1721 2374 1890 2406 secun-

140 2439 259 2486 dum
285 2453 465 2495 versus,
495 2445 543 2485 et
576 2437 796 2486 versibus
823 2439 1099 2486 secundum
1134 2437 1387 2486 materiam
1414 2438 1737 2488 concinnatis⁸
1812 2441 1891 2488 Sic

140 2534 339 2581 quoque
365 2527 412 2567 et
437 2517 638 2581 quidam
668 2518 974 2582 Pomponius
1002 2536 1058 2567 ex
1084 2521 1262 2568 eodem
1288 2529 1435 2582 poeta
1460 2521 1585 2568 inter
1610 2529 1771 2569 cetera
1797 2520 1891 2569 stili

200 2662 216 2687 1
251 2650 420 2699 quando
439 2649 558 2689 subv.
578 2656 643 2687 est
664 2677 673 2688 .
695 2678 705 2689 .
726 2679 735 2688 .
754 2649 883 2687 Israel
901 2678 911 2688 .
933 2679 964 2688 ..
986 2648 1103 2688 subv.
1124 2654 1188 2688 est
1209 2654 1252 2687 et
1271 2649 1366 2688 hab.
1390 2649 1446 2688 T:
1476 2662 1558 2690 om.
1581 2649 1705 2689 BCK
1867 2666 1891 2700 4

141 2717 270 2755 super
289 2704 335 2742 K
478 2715 502 2753 5
532 2703 701 2753 quidam
724 2704 807 2743 def.
832 2703 880 2742 C1
1034 2717 1055 2754 7
1087 2705 1312 2743 multorum
1332 2704 1554 2756 librorum]
1577 2706 1827 2744 tumolorum
1850 2705 1896 2743 K

147 2772 197 2798 10
225 2759 294 2798 vel
331 2758 550 2808 inscriptio
579 2757 617 2796 T
806 2771 851 2796 11
886 2764 1079 2808 poemata
1106 2758 1167 2798 T:
1209 2766 1435 2808 poematae
1466 2759 1501 2797 C
1627 2765 1692 2798 est
1731 2772 1813 2800 om.
1848 2759 1895 2798 K

141 2815 302 2853 dictum
323 2843 333 2853 .
357 2843 367 2854 .
391 2845 399 2854 .
423 2814 534 2863 quod
554 2826 637 2853 om.
660 2812 707 2851 K
885 2826 933 2852 12
963 2814 1182 2853 adcinatur
1200 2813 1339 2852 BCA1
1362 2818 1409 2852 ut
1425 2813 1504 2853 vid.
1533 2815 1593 2853 T:
1636 2814 1894 2853 adsimilatur

143 2875 282 2908 autem
304 2867 351 2906 K
485 2867 720 2918 elegiacam
742 2868 895 2918 quibus
916 2881 978 2918 pr.
1002 2868 1049 2906 K
1215 2882 1263 2918 14
1295 2881 1402 2918 quos
1422 2868 1610 2908 clausula
1629 2868 1676 2906 K
1841 2880 1889 2918 15

143 2924 331 2962 retinunt
357 2921 395 2960 T
622 2935 675 2961 20
703 2921 764 2961 sic
785 2923 989 2974 deinceps
1015 2922 1053 2961 T
1281 2935 1333 2972 23
1363 2924 1608 2963 centunario
1629 2922 1718 2962 Kl:
1747 2929 1890 2962 cente—

144 2978 262 3016 nario
292 2977 371 3016 BC
377 2977 415 3017 T
600 2990 652 3026 24
683 2990 839 3027 corpus
859 3007 870 3019 .
893 3007 904 3018 .
927 3009 938 3020 .
961 2978 1162 3018 materiae
1191 2991 1275 3018 om.
1309 2977 1358 3017 C1
1569 2991 1593 3016 a
1623 2977 1821 3016 facultate
1848 2977 1894 3016 K

145 3043 196 3081 25
227 3045 335 3071 uxor
354 3062 365 3073 .
384 3062 394 3073 .
414 3062 424 3072 .
450 3031 705 3083 plenissime
727 3045 810 3073 om.
829 3032 890 3070 K1
910 3048 920 3073 :
949 3046 1058 3072 uxor
1074 3063 1084 3074 .
1102 3062 1112 3073 .
1134 3063 1145 3074 .
1171 3032 1416 3082 Evangeliis
1436 3046 1518 3072 om.
1536 3032 1598 3069 Al
1711 3044 1760 3081 27
1792 3044 1892 3071 con-

146 3087 359 3127 cinnantis
387 3086 424 3125 T
555 3088 608 3125 28
639 3087 863 3138 pompinus
892 3087 930 3126 T
