2176 3424
511 96 1144 150 ETYMOLOGIARVM
1185 94 1314 140 LIB.
1360 93 1446 139 IX.
1490 93 1535 138 iv

73 286 83 292 x
150 230 477 281 Mercennarii
527 236 640 277 sunt
683 227 767 289 qui
808 224 1021 274 serviunt
1065 231 1270 284 accepta
1318 220 1560 268 mercede.
1655 219 1798 266 Idem
1849 227 1896 264 et
1921 232 1975 278 31

146 316 355 364 barones
387 313 580 361 Graeco
610 308 825 366 nomine,
854 307 990 369 quod
1022 305 1117 353 sint
1147 306 1294 352 fortes
1325 301 1374 349 in
1407 300 1673 349 laboribus,
1748 299 1900 362 Βαρὺς

146 395 278 445 enim
305 393 482 444 dicitur
507 390 681 455 graviS,
706 391 842 452 quod
862 398 935 437 est
961 386 1112 435 fortis.
1176 384 1272 434 Cui
1298 382 1568 432 contrarius
1595 390 1668 430 est
1693 381 1826 440 levis,
1846 381 1898 429 id

146 487 219 526 est
255 476 490 524 infirmus.
565 473 823 521 Publicani
871 470 1179 533 appellantur
1215 468 1546 515 conductores
1582 463 1895 526 vectigalium
1921 480 1986 526 32

99 579 120 619 5
146 559 263 616 fisci,
292 559 369 605 vel
393 572 553 605 rerum
579 554 901 618 publicarum,
930 553 1031 599 sive
1056 551 1140 612 qui
1166 548 1420 611 vectigalia
1453 546 1654 608 publica
1682 545 1894 607 exigunt,

146 641 222 688 vel
247 638 332 701 qui
357 654 443 701 per
469 638 665 700 negotia
691 633 873 684 saeculi
897 636 1032 681 lucra
1066 639 1327 680 sectantur.
1400 630 1549 676 Vnde
1575 637 1623 676 et
1649 628 1899 690 cognomi-

147 722 248 768 nati
286 729 412 768 sunt.
483 718 671 766 Vilicus
702 717 895 780 proprie
934 714 1076 763 villae
1109 713 1406 776 gubernator
1443 720 1528 758 est.
1602 710 1751 757 Vnde
1787 717 1835 757 et
1871 724 1899 755 a
1926 723 1988 768 33

146 803 260 850 villa
285 800 454 853 vilicus
479 815 664 847 nomen
683 796 887 860 accepit.
947 795 1206 842 Interdum
1231 801 1397 840 autem
1418 793 1589 839 vilicus
1610 807 1712 839 non
1728 789 1901 853 guber-

148 883 401 931 nationem
436 883 591 940 villae,
633 881 720 928 sed
760 878 1183 940 dispensationem
1220 874 1476 922 universae
1514 874 1692 921 domus
1732 871 1899 920 Tullio

79 987 125 1014 10
147 967 492 1027 interpretante
525 961 777 1025 significat,
807 961 943 1022 quod
977 967 1049 1006 est
1081 959 1418 1005 universarum
1448 953 1816 1017 possessionum
1852 962 1899 1000 et

147 1046 366 1095 villarum
395 1047 798 1107 dispensatorem.
873 1044 1080 1089 Actores
1107 1039 1239 1087 idem
1271 1047 1318 1086 et
1345 1047 1592 1084 curatores
1617 1035 1680 1083 ab
1707 1035 1900 1096 agendo
1922 1051 1987 1098 34

147 1140 194 1178 et
220 1128 440 1177 curando
475 1125 648 1174 vocati.
724 1128 1068 1172 Procuratores
1102 1137 1230 1178 vero,
1260 1136 1320 1167 eo
1354 1119 1490 1180 quod
1524 1117 1630 1165 vice
1663 1114 1898 1164 curatoris
1922 1136 1986 1184 35

146 1213 422 1273 fungantur,
451 1207 591 1271 quasi
615 1216 813 1270 propter
839 1214 1099 1263 curatores,
1122 1204 1248 1250 sicut
1274 1201 1538 1264 proconsul
1563 1215 1652 1262 pro
1679 1198 1898 1246 consule.

147 1293 327 1342 Coloni
355 1300 467 1339 sunt
494 1291 706 1338 cultores
731 1290 966 1346 advenae,
997 1285 1116 1334 dicti
1149 1301 1178 1332 a
1203 1284 1393 1331 cultura
1426 1283 1540 1344 agri.
1614 1282 1739 1328 Sunt
1764 1281 1897 1328 enim
1922 1285 1990 1342 36

76 1398 119 1437 15
144 1373 345 1422 aliunde
381 1372 633 1421 venientes
670 1380 818 1432 atque
854 1368 1070 1417 alienum
1107 1382 1276 1428 agrum
1315 1366 1531 1412 locatum
1568 1364 1802 1421 colentes,
1842 1378 1899 1408 ac

143 1457 382 1505 debentes
420 1453 766 1503 condicionem
800 1450 1001 1515 genitali
1031 1451 1137 1498 solo
1166 1456 1364 1511 propter
1395 1445 1496 1508 agri
1529 1446 1771 1493 culturam
1806 1443 1898 1491 sub

143 1537 367 1586 dominio
387 1535 694 1599 possessoris,
718 1551 806 1597 pro
832 1550 892 1582 eo
918 1533 1054 1595 quod
1074 1530 1149 1579 his
1166 1532 1354 1577 locatus
1376 1537 1447 1576 est
1467 1528 1664 1575 fundus.
1718 1527 1897 1575 Coloni

143 1629 308 1668 autem
335 1627 565 1682 quattuor
591 1616 752 1665 modis
774 1615 1018 1664 dicuntur.
1090 1615 1220 1660 Nam
1242 1609 1407 1658 coloni
1423 1618 1508 1657 aut
1530 1607 1747 1656 Romani
1767 1616 1895 1666 sunt,

144 1710 227 1749 aut
252 1700 416 1749 coloni
443 1699 619 1758 Latini,
647 1708 730 1747 aut
756 1696 919 1746 coloni
953 1695 1223 1754 auxiliares,
1251 1702 1335 1741 aut
1362 1690 1527 1740 coloni
1552 1690 1673 1738 ruris
1707 1688 1894 1753 privati.

75 1803 123 1830 20
147 1782 383 1845 Inquilini
408 1781 568 1829 vocati
594 1780 734 1843 quasi
759 1779 1031 1828 incolentes
1057 1776 1232 1825 aliena.
1288 1776 1404 1824 Non
1425 1773 1556 1822 enim
1579 1772 1765 1821 habent
1790 1788 1896 1835 pro·
1922 1787 1983 1835 37

145 1864 299 1927 priam
336 1864 520 1921 sedern,
560 1863 647 1910 sed
686 1861 734 1908 in
772 1870 898 1909 terra
943 1859 1104 1908 aliena
1142 1856 1434 1905 inhabitant.
1511 1855 1687 1903 Differt
1728 1863 1894 1902 autem
1920 1862 1984 1920 38

147 1944 270 1992 inter
296 1943 591 2006 inquilinum
609 1952 656 1991 et
677 1943 935 1991 advenam.
996 1938 1234 2002 Inquilini
1251 1937 1385 1986 enim
1403 1945 1517 1984 sunt
1534 1935 1618 1998 qui
1639 1934 1891 1997 emigrant,

145 2035 193 2074 et
241 2042 342 2073 non
397 2034 636 2088 perpetuo
688 2031 996 2087 permanent.
1069 2022 1308 2069 Advenae
1363 2027 1530 2066 autem
1578 2018 1655 2065 vel
1704 2016 1895 2065 incolae

144 2106 408 2155 adventicii
435 2105 766 2169 perhibentur,
796 2106 883 2153 sed
914 2111 1259 2166 permanentes
1282 2119 1294 2162 3
1331 2110 1379 2149 et
1405 2099 1521 2148 inde
1546 2098 1750 2158 incolae,
1781 2099 1896 2161 quia

75 2211 121 2249 25
144 2189 239 2236 iam
267 2187 566 2236 habitatores
592 2196 717 2246 sunt,
737 2187 800 2235 ab
818 2186 1097 2234 incolendo.
1156 2183 1428 2245 Indigenae
1453 2190 1566 2230 sunt
1592 2180 1709 2230 inde
1727 2181 1893 2244 geniti,
1917 2196 1987 2242 39

145 2279 193 2318 et
217 2270 266 2318 in
298 2271 476 2319 eodem
509 2271 621 2318 loco
652 2268 766 2326 nati,
796 2267 882 2315 ubi
915 2266 1207 2314 inhabitant.
1280 2265 1452 2312 Incola
1485 2271 1651 2311 autem
1689 2279 1790 2311 non
1828 2262 1895 2310 in-
1915 2282 1985 2329 40

145 2351 388 2415 digenam‚
409 2353 496 2414 sed
515 2352 758 2399 advenam
778 2348 975 2397 indicat.
1034 2346 1280 2410 Peregrini
1296 2345 1416 2395 dicti
1436 2362 1495 2394 eo
1515 2346 1652 2407 quod
1671 2343 1895 2407 ignoran-
1914 2366 1974 2412 41

199 2496 223 2520 2
254 2495 380 2531 grece
409 2481 446 2519 T
595 2478 735 2530 βαρύς]
760 2480 859 2517 bare
884 2477 992 2517 CK:
1023 2478 1110 2516 bari
1141 2478 1197 2516 T:
1228 2476 1344 2514 baria
1364 2475 1405 2513 B
1586 2488 1611 2524 3
1642 2480 1707 2513 est
1731 2488 1795 2514 co.
1820 2474 1889 2514 K:

144 2550 205 2576 cc.
241 2538 342 2588 (om.
366 2535 450 2587 est)
474 2535 514 2572 A
727 2548 750 2583 4
782 2533 962 2572 infirmis
990 2533 1027 2570 T
1221 2543 1245 2580 5
1276 2534 1492 2579 exegssunt
1512 2528 1559 2566 K
1745 2532 1771 2567 6
1800 2529 1890 2580 qui]

145 2592 242 2641 quia
271 2590 312 2627 Β
505 2603 526 2638 7
558 2590 756 2639 propriae
786 2588 933 2627 BC1K
1092 2585 1237 2636 villae]
1269 2585 1443 2635 linguae
1476 2584 1511 2623 C
1535 2588 1629 2622 ante
1657 2597 1755 2622 corr.
1868 2598 1892 2622 a

143 2659 226 2686 om.
258 2645 310 2683 T²
465 2658 491 2693 9
521 2645 887 2694 dispensationum
915 2643 953 2681 T
1090 2653 1139 2678 10
1169 2640 1503 2690 interpretantes
1527 2638 1577 2677 Cl
1687 2639 1798 2688 quod
1821 2652 1890 2676 un.

144 2730 154 2739 .
180 2731 190 2741 .
216 2732 224 2740 .
246 2700 514 2748 dispensator
535 2704 601 2737 est
625 2698 683 2750 (e)
707 2698 748 2736 B
768 2697 846 2749 <132
862 2700 896 2748 2)
1027 2695 1341 2745 possessionem
1364 2693 1414 2732 Cl
1584 2706 1632 2730 12
1663 2706 1714 2731 eo
1734 2706 1817 2741 quo
1838 2693 1889 2730 Cl

148 2767 196 2804 13
226 2755 457 2803 funguntur
476 2753 563 2792 BT
798 2766 872 2802 qu.
896 2765 957 2801 pr.
982 2764 1069 2789 cur.
1092 2763 1173 2788 om.
1195 2748 1242 2786 K
1258 2751 1361 2801 (non
1382 2749 1445 2800 A)
1467 2762 1476 2787 ε
1506 2762 1573 2798 qu.
1596 2761 1672 2798 pro
1693 2753 1888 2786 curatore

143 2809 338 2848 Schwarz
494 2809 542 2847 si.
569 2813 612 2846 et
632 2806 778 2846 consul
799 2820 876 2857 pro
899 2807 1074 2845 consule
1096 2803 1141 2841 K
1157 2804 1261 2855 (non
1282 2804 1343 2852 A)
1625 2814 1671 2850 14
1702 2801 1888 2840 Colones

145 2862 191 2901 K
368 2861 500 2912 enim]
524 2868 665 2900 autem
692 2860 730 2899 T
875 2873 922 2910 15
952 2859 1096 2909 atque]
1120 2865 1162 2897 et
1181 2859 1280 2908 quia
1299 2858 1340 2896 B
1450 2858 1558 2896 hane
1581 2857 1787 2894 deventes
1811 2856 1884 2897 Cl:

144 2930 191 2956 ac
213 2917 491 2958 defendentes
517 2916 555 2955 T
667 2928 713 2964 17
744 2927 1036 2965 possessorum
1058 2912 1103 2951 K
1211 2914 1260 2951 18
1290 2913 1367 2952 col.
1391 2943 1399 2952 .
1425 2944 1433 2952 .
1456 2941 1466 2951 .
1493 2917 1592 2950 sunt
1613 2924 1695 2949 om.
1720 2909 1767 2947 K
1784 2910 1884 2961 (non

145 2972 209 3023 A)
517 2983 566 3022 19
595 2976 668 3009 aut
689 2971 761 3009 lat.
784 2969 935 3022 T(non
956 2969 1020 3019 A)
1187 2967 1461 3007 auxiliatores
1490 2967 1552 3005 T:
1580 2964 1811 3004 auxiliares
1834 2965 1887 3004 Cl

146 3037 198 3063 20
226 3025 403 3065 alienam
427 3025 478 3064 C1
640 3038 689 3063 21
724 3024 872 3063 Defert
891 3024 947 3063 Bl
1087 3035 1138 3061 22
1170 3021 1316 3070 inquili
1340 3021 1451 3060 enim
1481 3019 1533 3057 T1
1643 3019 1822 3068 migrant
1845 3019 1892 3058 K

146 3093 197 3128 24
218 3079 404 3118 adventii
424 3079 479 3116 Β1
565 3080 663 3118 inde
683 3092 765 3118 om.
786 3078 832 3116 K
921 3080 973 3117 26
992 3077 1183 3115 habitant
1201 3075 1247 3114 K
1340 3089 1388 3124 27
1412 3075 1510 3112 dicti
1532 3087 1613 3113 om.
1640 3071 1686 3110 K
1701 3078 1802 3125 <non
1818 3075 1882 3124 A)
