2176 3424
484 105 1115 154 ETYMOLOGIARVM
1158 105 1287 150 LIB.
1330 104 1417 149 IX.
1458 102 1504 150 iii

124 253 372 287 servorum
398 237 593 284 daretur
617 237 834 283 facultas.
909 236 1197 282 Desertores
1222 234 1381 281 vocati
1407 249 1480 292 eo,
1504 233 1641 295 quod
1666 231 1871 281 desertis
1894 247 1962 294 39

124 318 412 367 militaribus
437 317 607 365 officiis
632 326 910 379 evagantur.
985 317 1055 363 Hi
1081 315 1132 362 in
1155 315 1278 363 alios
1302 331 1534 363 numeros
1561 313 1762 362 militiae
1787 330 1871 363 no-

123 416 237 450 men
264 401 379 449 dare
401 398 738 461 prohibentur,
765 399 851 446 sed
886 397 926 446 si
952 414 1053 446 non
1077 398 1242 460 magni
1276 396 1509 460 temporis
1535 398 1732 459 culpam
1758 412 1871 444 con-

123 479 365 539 traxerint,
394 479 524 529 caesi
549 481 765 528 numeris
798 478 897 527 suis
926 478 1260 527 restituuntur.
1333 479 1431 527 Sed
1456 487 1504 526 et
1530 477 1614 540 qui
1639 479 1872 527 deserunt

78 580 99 620 5
124 562 389 614 exercitum
425 563 489 610 ad
527 563 694 609 hostes
735 569 1042 609 transeuntes
1081 570 1129 608 et
1171 559 1264 623 ipsi
1303 562 1577 609 desertores
1619 570 1869 608 vocantur.

125 643 404 706 Conscripti
440 642 618 691 milites
652 642 895 702 dicuntur,
923 640 1039 704 quia
1072 641 1122 688 in
1154 641 1334 689 tabulis
1367 642 1686 689 conferuntur
1715 641 1778 689 ab
1813 657 1874 689 eo
1895 661 1965 708 40

125 728 208 789 qui
239 743 324 774 eos
350 726 583 773 ducturus
620 733 704 782 est,
735 723 859 772 sicut
884 722 1160 786 transcripti
1191 731 1430 771 vocantur
1456 739 1570 770 cum
1604 724 1667 771 de
1699 722 1795 770 alia
1823 722 1873 769 in

124 807 268 856 aliam
294 806 538 869 legionem
564 814 818 854 transeunt
828 823 841 865 ,·
867 814 915 853 et
939 804 1056 853 inde
1075 803 1364 867 transcripti,
1387 803 1503 866 quia
1518 804 1721 853 nomina
1737 806 1871 861 dant,

126 898 179 936 ut
224 887 618 936 transcribantur.
690 886 935 937 Obtiones
983 886 1116 946 dicti,
1169 887 1305 948 quod
1354 885 1450 934 sint
1497 886 1654 935 electi.
1743 888 1873 934 Nam
1897 907 1950 956 41

56 987 102 1014 10
126 979 294 1033 optare
319 969 495 1032 eligere
521 978 606 1027 est,
637 968 760 1016 sicut
787 976 860 1017 est
886 967 1007 1016 illud
1035 966 1188 1031 (Virg.
1214 969 1336 1015 Aen.
1361 985 1402 1029 3,
1429 968 1542 1031 109)
1564 987 1572 1016 :

653 1050 955 1112 Optavitque
991 1051 1154 1098 locum
1193 1066 1356 1112 regno,

126 1135 175 1181 id
202 1142 274 1181 est
300 1132 458 1195 elegit.
513 1131 836 1180 Excubitores
861 1131 1105 1191 dicuntur,
1133 1148 1221 1194 pro
1247 1148 1307 1180 eo
1334 1133 1470 1194 quod
1496 1130 1727 1179 excubias
1753 1146 1876 1180 sem-
1898 1148 1964 1194 42

127 1231 211 1277 per
236 1222 399 1277 agunt.
452 1216 575 1263 Sunt
595 1212 726 1262 enim
748 1231 807 1262 ex
826 1230 1033 1262 numero
1052 1213 1264 1261 militum
1290 1222 1338 1262 et
1364 1213 1413 1260 in
1439 1212 1711 1276 porticibus
1737 1230 1874 1261 excu-

125 1297 246 1345 bant
270 1305 468 1358 propter
490 1297 703 1358 regalem
722 1295 1013 1344 custodiam.
1069 1295 1321 1344 Excubiae
1337 1305 1504 1344 autem
1524 1294 1729 1344 diurnae
1748 1304 1875 1354 sunt,

58 1395 104 1435 15
129 1377 318 1441 vigiliae
353 1387 639 1426 nocturnae.
712 1379 860 1426 Vnde
892 1386 941 1426 et
974 1377 1156 1440 vigiles.
1229 1377 1415 1426 Velites
1450 1387 1587 1426 erant
1620 1379 1754 1440 apud
1782 1380 1879 1425 Ro·
1900 1386 1966 1434 43

130 1475 302 1507 manos
340 1475 494 1521 genus
532 1459 747 1519 militiae,
788 1476 817 1506 a
852 1458 1107 1507 volitando
1144 1458 1317 1507 vocati.
1404 1458 1543 1507 Lecti
1580 1459 1712 1508 enim
1749 1458 1880 1522 agili-

131 1550 230 1589 tate
263 1540 463 1589 iuvenes
497 1558 611 1589 cum
645 1541 791 1588 armis
826 1540 926 1588 suis
959 1549 1071 1603 post
1102 1550 1234 1604 terga
1264 1541 1487 1603 equitum
1522 1542 1876 1600 consedebant,

131 1633 178 1671 et
204 1639 318 1671 mox
343 1639 457 1670 cum
491 1624 554 1671 ad
580 1624 747 1671 hostes
773 1632 976 1670 ventum
1007 1631 1148 1681 esset,
1177 1621 1315 1685 equis
1349 1622 1658 1682 desiliebant,
1686 1632 1733 1671 et
1766 1640 1880 1671 con-

131 1706 271 1752 tinuo
309 1702 499 1765 pedites
538 1702 645 1766 ipsi,
687 1720 745 1751 ex
781 1702 876 1751 alia
917 1712 1053 1766 parte
1095 1703 1358 1766 equitibus,
1397 1720 1483 1766 per
1521 1721 1645 1767 quos
1687 1705 1880 1754 advecti

61 1811 110 1840 20
133 1787 337 1844 fuerant,
391 1783 756 1844 dimicantibus,
808 1786 1002 1833 hostem
1042 1785 1409 1848 perturbabant.
1483 1786 1565 1834 Ab
1613 1785 1688 1834 his
1737 1787 1880 1850 igitur

134 1864 360 1914 velitibus
381 1865 630 1928 elephanti
651 1867 906 1928 quondam
930 1866 1230 1915 Hannibalis
1247 1876 1375 1916 retro
1400 1867 1510 1927 acti,
1531 1885 1644 1916 cum
1665 1868 1765 1931 regi
1782 1869 1879 1917 iam

133 1964 162 1995 a
187 1946 285 1995 suis
311 1963 413 1994 non
439 1956 654 2009 possent,
675 1947 833 1995 fabrili
858 1950 1048 2011 scalpro
1065 1948 1190 1997 inter
1208 1966 1349 1997 aures
1367 1951 1546 1998 adacto
1561 1950 1879 1999 necabantur.

136 2030 308 2078 Castra
333 2038 447 2076 sunt
471 2027 556 2076 ubi
582 2030 721 2077 miles
749 2029 949 2078 steterit.
1022 2029 1169 2078 Dicta
1193 2039 1359 2078 autern
1386 2040 1542 2079 castra
1567 2031 1707 2094 quasi
1731 2042 1878 2093 casta,
1904 2049 1972 2098 44

135 2111 211 2158 vel
237 2111 372 2172 quod
397 2109 494 2158 illic
521 2118 809 2159 castraretur
834 2111 1003 2160 libido.
1079 2113 1209 2160 Nam
1242 2129 1517 2175 numquam
1547 2112 1622 2160 his
1655 2112 1883 2161 intererat

65 2221 111 2261 35
137 2191 323 2241 mulier.
398 2191 578 2240 Militia
605 2202 772 2242 autem
805 2210 833 2241 a
867 2193 1103 2242 militibus
1141 2193 1272 2243 dicta
1290 2213 1304 2255 3
1338 2203 1423 2243 aut
1455 2212 1484 2243 a
1523 2194 1702 2254 multis,
1743 2195 1879 2258 quasi
1905 2213 1971 2262 45

138 2273 361 2334 multitia,
389 2273 528 2336 quasi
562 2275 815 2337 negotium
850 2278 1149 2337 multorum3
1189 2286 1274 2324 aut
1307 2293 1337 2325 a
1373 2279 1504 2325 mole
1541 2294 1716 2337 rerum,
1745 2275 1884 2340 quasi

138 2355 352 2404 moletia.
426 2355 578 2418 Legio
607 2373 690 2405 sex
724 2356 912 2405 milium
946 2367 1244 2406 armatorum
1282 2367 1373 2419 est,
1409 2359 1473 2406 ab
1503 2360 1662 2407 electo
1694 2368 1880 2418 vocata,
1906 2361 1977 2419 46

199 2498 215 2522 1
250 2485 450 2524 darentur
472 2484 522 2523 Cl
708 2486 903 2524 desertus
927 2486 975 2524 C1
1142 2500 1166 2524 2
1198 2493 1426 2526 evacantur
1446 2487 1514 2527 K:
1544 2489 1833 2538 evagabantur
1855 2488 1890 2527 C

140 2552 165 2589 3
195 2552 348 2578 nomen
370 2552 477 2588 mag.
508 2539 547 2579 T
649 2554 673 2589 4
701 2540 909 2579 traxerint
932 2540 967 2578 C
1054 2540 1118 2579 sui
1145 2540 1195 2579 Cl
1287 2543 1363 2581 sed
1385 2543 1457 2592 qui
1485 2543 1523 2582 T
1630 2557 1651 2592 7
1683 2544 1884 2582 docturus

148 2593 185 2632 T
288 2595 314 2631 8
343 2599 559 2633 transeant
578 2594 620 2632 Β
730 2608 776 2634 11
807 2607 984 2644 regnum
1008 2594 1094 2634 KT
1203 2609 1250 2645 13
1279 2597 1396 2635 aiunt
1423 2597 1460 2635 T
1578 2604 1677 2637 sunt
1698 2598 1810 2636 enim
1831 2611 1886 2636 ex

149 2647 201 2687 T²
219 2648 263 2686 in
283 2661 363 2689 raS.
485 2662 533 2698 14
554 2650 689 2688 diurn.
710 2650 794 2699 vig.
818 2649 919 2701 (om.
945 2651 1063 2700 sunt)
1082 2649 1129 2688 K
1236 2663 1282 2701 17
1303 2665 1337 2691 c.
1362 2665 1397 2691 a.
1422 2665 1455 2691 s.
1479 2659 1679 2703 posterga
1699 2666 1764 2702 eq.
1789 2666 1882 2690 cum

143 2703 271 2742 armis
292 2703 381 2741 suis
402 2715 518 2743 cons.
543 2703 590 2742 K
606 2704 709 2755 (non
730 2705 793 2756 A)
1011 2705 1059 2742 18
1090 2705 1208 2756 cum]
1229 2719 1255 2744 u
1276 2705 1368 2757 (sic)
1394 2706 1436 2744 A
1458 2706 1561 2758 (pro
1580 2714 1624 2746 ut
1641 2708 1677 2759 3)
1697 2721 1706 2745 z
1735 2720 1819 2746 om.
1844 2706 1890 2744 K

144 2758 311 2796 hostem
335 2757 474 2796 Orosiz'
492 2759 547 2809 (4,
575 2759 638 2808 18,
667 2757 734 2809 10)
756 2758 867 2798 codd.
1003 2761 1140 2810 esset]
1163 2759 1314 2800 fuisset
1332 2760 1413 2799 BC
1548 2775 1598 2812 19
1627 2774 1706 2812 per
1724 2775 1806 2800 om.
1834 2761 1885 2799 Cl

145 2824 198 2860 20
217 2813 403 2862 proturb.
423 2812 560 2852 Orosiz'
569 2812 680 2853 codd.
770 2826 819 2852 21
841 2813 1039 2852 velitibus
1054 2827 1104 2852 ex
1122 2814 1186 2853 vel
1207 2815 1355 2854 ictibus
1374 2815 1430 2853 Β1
1515 2829 1609 2855 cum
1631 2828 1734 2865 rege
1753 2829 1778 2854 a
1797 2816 1885 2854 suis

152 2865 191 2905 T
291 2878 346 2904 22
379 2868 544 2917 possint
563 2866 611 2905 K
732 2867 997 2917 negabantur
1016 2867 1063 2906 K
1167 2881 1220 2917 23
1250 2869 1406 2909 milites
1429 2869 1508 2909 CK
1615 2875 1827 2909 steterunt
1845 2869 1893 2909 K

147 2933 198 2969 24
217 2920 308 2972 vel]
328 2934 378 2960 eo
397 2921 439 2959 Β
548 2933 600 2971 25
629 2921 832 2961 militibus
852 2922 963 2962 BK:
993 2923 1159 2961 milibus
1182 2923 1278 2962 C1T
1381 2926 1436 2963 26
1465 2925 1640 2973 negotio
1662 2923 1708 2962 K
1814 2938 1882 2975 qu.

147 2973 343 3014 moleatia
361 2975 425 3014 B:
455 2989 525 3026 qu.
550 2976 772 3016 moleatica
792 2975 872 3015 CK
1087 2990 1136 3026 27
1171 2977 1275 3028 Leg.
1297 2991 1351 3017 ex
1372 2980 1550 3018 militum
1570 2977 1629 3017 K1
1760 3007 1767 3013 -
1863 2993 1887 3019 a

149 3028 313 3067 delectu
331 3029 455 3071 Arev.
