2228 3444
566 150 1200 199 ETYMOLOGIARVM
1243 151 1375 200 LIB.
1414 143 1502 200 VI.
1545 152 1574 199 ii

188 294 397 340 quorum
424 280 525 327 duo
551 278 705 341 prima
732 278 871 341 quasi
898 279 1145 342 Sapphico
1172 289 1329 330 metro
1355 280 1535 344 scripta
1560 291 1686 341 sunt,
1707 283 1821 345 quia
1845 292 1940 332 tres

187 360 466 420 versiculos,
496 359 579 423 qui
606 360 698 409 sibi
724 360 835 409 nexi
862 369 975 409 sunt
993 370 1039 409 et
1065 361 1128 409 ab
1154 378 1253 409 una
1278 370 1469 410 tantum
1498 362 1656 412 littera
1682 363 1939 428 incipiunt,

186 441 437 490 heroicum
494 458 691 490 comma
738 442 1004 491 concludit.
1080 442 1304 492 Tertium
1354 444 1677 507 alphabetum
1720 446 1940 496 trimetro
1963 463 2028 510 24

186 523 420 587 scriptum
459 533 544 584 est,
582 533 631 572 et
666 541 695 571 a
731 523 879 572 ternis
917 523 1087 573 litteris
1126 524 1277 574 iidem
1314 525 1438 574 terni
1475 544 1642 576 versus
1680 527 1937 592 incipiunt.

137 628 159 667 5
186 606 429 667 Quartum
454 606 774 668 alphabetum
810 604 968 654 simile
999 605 1160 668 primo
1194 615 1242 656 et
1276 609 1499 656 secundo
1524 608 1746 657 habetur.
1823 611 1938 659 Eze-
1962 623 2026 672 25

183 686 310 736 chiel
336 697 384 737 et
414 687 594 736 Daniel
618 704 646 735 a
665 687 777 737 viris
804 687 1104 751 quibusdam
1132 688 1433 752 sapientibus
1460 689 1625 753 scripti
1652 707 1759 740 esse
1783 691 1937 755 perhi-

183 770 374 829 bentur,
394 786 603 832 quorum
631 768 861 818 Ezechiel
881 768 1121 833 principia
1141 779 1188 818 et
1209 772 1331 820 fines
1358 770 1523 820 multis
1550 772 1701 820 habet
1726 770 1941 820 obscuri-

183 850 364 900 tatibus
392 851 623 900 involuta.
700 850 880 899 Daniel
905 867 1020 900 vero
1055 853 1186 900 claro
1221 869 1450 902 sermone
1483 870 1632 917 regna
1666 853 1798 902 orbis
1833 871 1940 917 pro-

184 932 375 981 nuntiat
401 942 447 982 et
473 941 667 996 ternpus
689 934 929 982 adventus
953 932 1135 983 Christi
1153 933 1554 983 manifestissima
1572 934 1940 998 praedicatione

112 1036 162 1064 10
185 1017 404 1064 adnotat.
478 1014 549 1062 Hi
588 1023 701 1063 sunt
735 1024 965 1078 quattuor
1003 1017 1274 1078 prophetae
1308 1015 1392 1079 qui
1431 1016 1646 1066 Maiores
1684 1026 1935 1077 vocantur,
1962 1019 2031 1066 26

182 1096 297 1159 quia
333 1096 518 1160 prolixa
548 1096 800 1145 volumina
833 1096 1177 1146 condiderunt.
1253 1097 1387 1146 Libri
1425 1098 1690 1148 duodecim
1730 1100 1939 1162 prophe-

181 1188 336 1226 tarum
359 1187 615 1227 auctorum
633 1196 832 1228 suorum
855 1179 1139 1228 nominibus
1161 1189 1512 1243 praenotantur
1532 1199 1543 1240 3
1573 1181 1657 1243 qui
1677 1191 1935 1245 propterea

181 1259 411 1308 dicuntur
439 1260 675 1320 Minores,
705 1260 820 1323 quia
846 1277 1096 1310 sermones
1124 1278 1295 1310 eorum
1323 1262 1496 1311 breves
1524 1273 1653 1312 sunt.
1711 1266 1860 1312 Vnde
1886 1274 1933 1313 et
1960 1277 2021 1325 27

181 1342 355 1391 conexi
390 1342 587 1391 sibimet
622 1342 831 1391 invicem
867 1343 917 1390 in
952 1360 1052 1391 uno
1078 1343 1330 1393 volumine
1364 1345 1693 1406 continentur,
1722 1363 1931 1409 quorum

109 1444 157 1485 15
181 1424 383 1473 nomina
434 1433 575 1472 sunt:
631 1425 776 1483 Osee,
819 1426 975 1484 Iohel,
1015 1427 1184 1484 Amos,
1225 1425 1432 1487 Abdias,
1478 1427 1640 1488 Ionas,
1688 1427 1930 1487 Micheas,

181 1508 359 1565 Naum,
401 1506 620 1566 Abacuc,
661 1506 953 1568 Sophonias,
995 1509 1205 1570 AggeUS,
1252 1508 1511 1557 Zacharias
1555 1519 1603 1558 et
1644 1510 1933 1559 Malachias.

181 1589 339 1638 Esdra
363 1587 485 1636 liber
510 1586 722 1636 auctoris
758 1588 831 1636 sui
866 1588 1009 1637 titulo
1043 1598 1371 1652 praenotatur,
1401 1590 1451 1638 in
1485 1590 1624 1641 cuius
1651 1600 1786 1640 textu
1812 1592 1933 1641 eius·
1958 1597 2023 1644 28

179 1672 293 1719 dem
321 1671 508 1718 Esdrae
536 1669 911 1732 Nehemiaeque
938 1687 1190 1720 sermones
1217 1672 1396 1735 pariter
1421 1673 1748 1723 continentur.
1826 1677 1934 1723 Nec

180 1768 478 1815 quemquam
506 1760 701 1800 moveat
727 1753 862 1814 quod
889 1769 1017 1800 unus
1044 1754 1232 1801 Esdrae
1257 1753 1434 1802 dicitur
1459 1754 1596 1816 liber,
1626 1756 1739 1818 quia
1765 1773 1934 1806 secun-

105 1853 157 1883 20
180 1835 287 1893 dus,
314 1832 483 1882 tertius
510 1843 557 1882 et
583 1843 782 1896 quartus
809 1850 911 1882 non
938 1834 1182 1883 habentur
1214 1837 1347 1899 apud
1382 1837 1658 1898 Hebraeos,
1687 1840 1775 1887 sed
1808 1838 1933 1888 inter

177 1916 485 1980 apocryphos
519 1916 830 1978 deputantur.
906 1918 1090 1965 Hester
1136 1916 1315 1965 librum
1351 1919 1532 1967 Esdras
1571 1919 1783 1968 creditur
1819 1937 1931 1969 con·
1955 1935 2023 1983 29

177 1995 441 2058 scripsisse.
495 1999 556 2044 In
581 2013 680 2060 quo
707 1999 882 2046 eadem
909 1997 1076 2060 regina
1101 1999 1193 2047 sub
1220 2001 1372 2062 figura
1390 2000 1643 2049 Ecclesiae
1666 2001 1761 2050 Dei
1780 2019 1933 2065 popu—

176 2079 279 2125 lum
315 2095 344 2126 a
380 2078 611 2127 servitute
648 2088 695 2128 et
733 2088 890 2128 morte
928 2079 1164 2143 eripuisse
1201 2080 1440 2142 scribitur,
1473 2091 1635 2145 atque,
1676 2082 1932 2132 interfecto

177 2161 354 2219 Aman,
401 2159 484 2222 qui
521 2159 863 2223 interpretatur
905 2160 1150 2223 iniquitas,
1191 2162 1288 2211 diei
1327 2163 1583 2212 celebritas
1620 2164 1671 2212 in
1707 2175 1930 2228 posteros

106 2259 152 2299 25
178 2240 396 2289 mittitur.
472 2241 620 2290 Liber
646 2242 925 2305 Sapientiae
950 2245 1083 2306 apud
1120 2244 1380 2294 Hebraeos
1408 2262 1653 2308 nusquam
1680 2256 1766 2305 est,
1795 2249 1929 2296 unde
1954 2261 2021 2308 30

177 2332 224 2371 et
267 2322 370 2385 ipse
412 2323 581 2372 titulus
626 2325 867 2373 Graecam
917 2324 1070 2387 magis
1114 2325 1450 2388 eloquentiam
1498 2328 1700 2376 redolet.
1776 2330 1928 2377 Hunc

181 2405 354 2453 Iudaei
381 2405 601 2454 Philonis
628 2423 735 2454 esse
761 2407 1037 2467 adfirmant,
1062 2407 1145 2470 qui
1169 2407 1378 2472 proinde
1404 2409 1683 2472 Sapientiae
1708 2411 1929 2459 nomina-

179 2497 269 2548 tur,
310 2487 425 2550 quia
461 2486 510 2534 in
547 2504 608 2536 eo
646 2487 828 2538 Christi
865 2490 1122 2549 adventus,
1162 2490 1246 2552 qui
1283 2500 1356 2539 est
1394 2490 1634 2554 sapientia
1670 2492 1839 2552 Patris,
1880 2503 1928 2542 et

178 2567 343 2631 passio
368 2568 471 2618 eius
493 2568 744 2618 evidenter
763 2570 1060 2634 exprimitur.
1112 2570 1315 2620 Librum
1337 2581 1501 2621 autem
1524 2572 1926 2622 Ecclesiasticum
1953 2588 2008 2634 31

105 2668 156 2707 30
179 2649 446 2699 certissime
474 2652 614 2699 Iesus
640 2651 767 2700 filius
794 2651 976 2711 Sirach,
1007 2652 1407 2716 Hierosolymita,
1436 2670 1592 2716 nepos
1628 2655 1742 2702 Iesu
1776 2671 1928 2704 sacer-

235 2793 259 2817 2
289 2780 469 2832 tantum]
491 2787 634 2820 tamen
655 2779 701 2818 K
721 2779 821 2832 (non
841 2782 904 2833 A)
1046 2796 1071 2832 3
1101 2783 1229 2822 eroici
1248 2783 1289 2820 Β
1454 2785 1653 2824 conclusit
1674 2782 1719 2820 K
1739 2784 1840 2835 (non
1859 2785 1922 2835 A)

180 2848 205 2883 4
234 2835 314 2874 litt.
338 2835 437 2874 item
459 2841 599 2874 tamen
622 2849 710 2876 ver.
732 2834 778 2872 K
970 2850 996 2886 9
1026 2838 1315 2887 praedictione
1337 2838 1534 2879 Sclzwarz
1742 2851 1787 2877 11
1820 2839 1925 2878 liber

179 2889 291 2928 codd.
425 2903 472 2928 12
504 2895 778 2940 praenotatur
799 2891 935 2944 (pra)
957 2890 1035 2930 CT
1195 2906 1244 2942 14
1272 2893 1351 2932 sibi
1370 2893 1465 2932 ΑΚ
1628 2895 1712 2932 inv.
1736 2923 1746 2932 .
1770 2923 1780 2932 .
1804 2922 1815 2933 .
1837 2893 1907 2932 vol

180 2955 263 2983 om.
286 2941 332 2980 K
528 2958 596 2994 qu.
621 2958 690 2985 no.
715 2951 813 2984 sunt
832 2959 914 2986 om.
945 2945 982 2983 T
1173 2960 1218 2998 17
1253 2947 1414 2987 Ezdrae
1435 2947 1480 2986 K
1645 2961 1695 2997 19
1724 2953 1865 2987 movet
1884 2947 1926 2985 Β

181 3008 233 3045 23
263 2997 505 3038 discribitur
524 2998 571 3036 K
706 3000 781 3039 int.
805 3000 929 3040 hoste
949 3013 1074 3040 aman
1097 3000 1142 3038 K
1291 3005 1342 3041 26
1372 3016 1499 3054 greca
1522 3015 1599 3042 ma.
1624 3003 1863 3052 eloquentia
1883 3001 1929 3040 K

180 3063 233 3100 29
262 3058 401 3091 autern
423 3066 504 3093 om.
529 3052 575 3090 K
