2176 3424
450 108 1080 158 ETYMOLOGIARVM
1121 109 1248 156 LIB.
1288 110 1457 156 XVII.
1497 110 1543 156 ix

123 242 259 305 quod
284 241 472 289 radices
497 238 648 302 ipsius
678 241 823 302 longe
855 247 1068 301 serpant.
1141 239 1333 287 Eadem
1368 246 1416 286 et
1442 237 1608 286 matris
1633 237 1863 298 animula,

122 335 320 389 propter
361 326 496 387 quod
543 333 794 373 menstrua
832 332 1041 372 moveat.
1133 321 1465 371 Aristolochia
1506 322 1684 371 dicitur
1732 324 1868 386 quod
1891 327 1955 375 52

123 407 408 456 mulieribus
456 404 565 455 fetis
612 405 799 469 optima
847 405 920 453 sit.
1010 406 1140 454 Nam
1189 421 1470 468 supersessa
1516 414 1628 468 post
1675 414 1867 467 partum

123 488 376 537 matricem
418 485 663 536 beneficio
706 485 898 550 vaporis
937 494 1184 549 expurgat.
1259 485 1426 534 Huius
1468 486 1650 534 herbae
1691 503 1870 549 genera

74 579 94 617 5
123 579 237 618 sunt
271 571 374 618 duo
392 586 405 628 ,·
447 584 654 630 quarum
693 584 791 615 una
832 565 1147 615 aristolochia
1185 568 1397 615 rotunda
1438 566 1635 627 dicitur,
1671 577 1870 630 propter

121 652 258 714 quod
283 651 546 698 rotundam
573 648 788 698 radicem
815 648 1024 709 habeat3
1057 649 1207 697 altera
1231 647 1546 697 aristolochia
1570 650 1729 712 longa,
1753 648 1869 711 quia

120 733 335 781 radicem
373 733 570 793 longam
605 730 755 779 habet
789 747 902 778 cum
937 729 1082 778 ramis
1117 738 1165 779 et
1193 729 1320 778 foliis
1345 729 1683 793 longioribus3
1719 747 1868 793 quam

121 812 269 862 etiam
306 822 354 861 et
390 813 642 874 dactylitin
681 821 875 869 vocant,
913 812 1048 874 quod
1086 811 1147 859 sit
1185 811 1349 860 radice
1386 812 1563 860 robore
1599 810 1786 875 digitali
1820 821 1869 860 et

122 896 281 958 longa.
356 895 591 956 Erigeron
615 910 644 941 a
669 892 870 942 Graecis
905 894 1096 951 dicitur,
1123 895 1259 955 quod
1296 909 1407 941 vere
1432 894 1592 956 primo
1617 903 1868 942 senescat:
1891 903 1954 952 53

51 993 100 1020 10
123 977 255 1024 unde
281 985 328 1024 et
353 992 462 1024 eam
490 973 652 1023 Latini
677 973 980 1023 senicionem
1006 983 1200 1023 vocant.
1252 976 1483 1023 Nascitur
1507 991 1593 1037 per
1618 974 1867 1024 macerias.

124 1056 328 1119 Psyllios
354 1056 487 1105 dicta
519 1057 655 1119 quod
685 1071 856 1104 semen
881 1055 1040 1104 simile
1076 1057 1249 1119 pulicis
1280 1056 1459 1104 habeat
1481 1074 1490 1103 :
1527 1057 1660 1105 unde
1685 1066 1733 1106 et
1758 1073 1867 1105 eam
1890 1063 1955 1112 54

124 1138 286 1186 Latini
311 1138 514 1187 herbam
540 1136 807 1200 pulicarem
837 1146 1028 1185 vocant.
1105 1137 1449 1185 Hierobotane
1475 1138 1588 1186 ideo
1612 1154 1641 1185 a
1665 1138 1868 1187 Graecis
1890 1147 1953 1196 55

123 1221 219 1268 hoc
244 1236 430 1268 nomen
465 1220 658 1282 accepit
690 1219 827 1281 quod
860 1218 1091 1267 remediis
1127 1235 1185 1266 ac
1218 1218 1494 1281 ligamentis
1528 1218 1789 1267 hominum
1821 1228 1869 1268 et

123 1300 545 1364 purificationibus
572 1301 883 1349 sacerdotum
909 1317 938 1347 a
963 1299 1192 1362 gentibus
1218 1310 1332 1362 apta
1356 1301 1658 1363 probaretur.
1720 1302 1869 1349 Vnde

52 1398 97 1438 15
123 1393 170 1432 et
195 1399 303 1432 eam
330 1382 587 1447 pontifices
613 1399 815 1445 sagmen
841 1382 1170 1445 appellabant,
1198 1381 1337 1444 quasi
1363 1381 1615 1431 sancimen
1636 1401 1648 1442 3
1672 1383 1795 1431 haec
1820 1392 1868 1430 et

123 1465 349 1524 verbena,
394 1464 510 1527 quia
548 1481 682 1527 pura.
773 1463 1015 1524 Paliurus,
1056 1463 1208 1511 herba
1255 1465 1521 1526 asperrima
1560 1474 1607 1512 et
1650 1463 1862 1527 spinosa.
1888 1467 1956 1525 56

124 1545 380 1605 Struthios,
422 1562 571 1608 quam
619 1547 822 1608 quidam
862 1546 1066 1594 herbam
1111 1545 1345 1594 lanariam
1389 1556 1581 1606 vocant,
1627 1563 1687 1596 eo
1730 1550 1867 1610 quod

124 1628 342 1691 plerique
363 1630 524 1676 lanam
547 1644 604 1676 ex
621 1644 677 1676 ea
697 1629 872 1676 lavent.
925 1626 1155 1676 Nascitur
1177 1625 1410 1693 [in]locis
1431 1628 1587 1677 cultis.
1635 1627 1868 1695 [Splenos

125 1709 257 1759 dicta
286 1711 422 1772 quod
454 1711 676 1772 splenem
712 1706 937 1774 auferat.]
1009 1708 1232 1770 Cimicia‚
1259 1719 1458 1773 propter
1493 1710 1867 1760 similitudinem
1890 1722 1951 1772 57

54 1818 104 1845 20
125 1791 311 1840 cimicis
337 1790 497 1840 dicta:
536 1792 669 1839 unde
694 1799 741 1839 et
767 1806 877 1838 eam
904 1789 1050 1839 Greci
1076 1791 1229 1854 κόριον
1252 1801 1564 1840 vocaverunt.
1637 1791 1870 1842 Nascitur

125 1872 174 1920 in
200 1873 319 1921 locis
343 1873 526 1935 asperis
551 1881 699 1934 atque
724 1871 880 1919 cultiS.
944 1871 1267 1932 Marrubium,
1295 1889 1444 1936 quem
1471 1873 1647 1922 Graeci
1671 1875 1872 1937 πράσιον
1892 1880 1955 1939 58

123 1953 309 2014 dicunt,
347 1962 577 2003 vocatum
614 1961 811 2015 propter
845 1951 1238 2003 amaritudinem.
1311 1956 1543 2003 Nascitur
1579 1955 1628 2002 in
1666 1955 1867 2019 campis.

128 2035 353 2084 Puleium
375 2032 530 2101 [apud
558 2035 713 2083 Indos
738 2033 906 2097 pipere
931 2034 1190 2097 pretiosius
1216 2034 1327 2101 est].
1378 2035 1700 2084 Absinthium
1721 2039 1870 2087 Grae·
1891 2050 1976 2098 59,
2005 2041 2078 2087 60

125 2133 239 2165 cum
278 2132 478 2165 nomen.
549 2117 704 2165 Cuius
741 2115 1044 2178 probabilius
1086 2126 1158 2165 est
1197 2119 1333 2179 quod
1381 2116 1431 2164 in
1480 2119 1625 2166 Ponti
1671 2118 1870 2182 regione

186 2260 202 2285 1
227 2245 473 2297 serpiantD
541 2245 826 2285 animolaDT
928 2259 952 2284 2
973 2245 1226 2286 Aristolocia
1243 2247 1358 2287 DK:
1389 2247 1643 2288 Aristolacia
1664 2248 1701 2286 T
1712 2249 1868 2300 (itidem

128 2302 260 2352 infm)
345 2313 371 2350 3
399 2314 603 2351 superesa
623 2300 819 2340 Schwarz
890 2307 987 2350 post
1008 2314 1092 2341 om.
1113 2301 1205 2340 DK
1271 2308 1465 2352 partuum
1487 2303 1531 2341 D
1616 2316 1640 2353 5
1671 2304 1867 2356 quarum]

128 2370 209 2407 qua
236 2356 272 2393 T
384 2356 621 2395 aristolacia
642 2368 701 2394 ro.
723 2355 768 2393 D
945 2357 970 2393 8
1000 2356 1205 2394 dactilitin
1234 2355 1291 2396 T:
1323 2358 1495 2396 dactilin
1517 2357 1583 2396 K:
1614 2359 1804 2397 tactilitin
1826 2359 1870 2397 D

128 2412 182 2451 sit
201 2424 284 2450 om.
315 2409 352 2448 T
440 2410 599 2460 digitali
620 2424 703 2450 om.
727 2410 785 2447 Dl
936 2423 963 2459 9
993 2410 1119 2459 Erigo
1146 2410 1199 2451 T:
1232 2411 1470 2450 Ericonoon
1491 2412 1537 2450 K
1554 2428 1562 2451 τ
1595 2413 1807 2462 Erigonon
1826 2414 1870 2451 D

128 2479 212 2515 quo
231 2465 275 2503 D
413 2477 461 2503 10
489 2465 688 2504 materias
709 2464 814 2504 DT:
847 2465 1022 2503 materia
1042 2466 1087 2503 K
1234 2478 1278 2503 11
1313 2467 1480 2506 Psillios
1508 2467 1565 2507 T:
1597 2468 1764 2507 Psillius
1781 2468 1871 2507 DK

134 2533 180 2558 12
212 2519 480 2559 Gerobotane
517 2519 625 2558 KT:
674 2520 943 2569 Gerapotane
982 2519 1025 2556 D
1063 2523 1166 2569 (pro
1205 2520 1339 2559 Hiera
1377 2522 1552 2568 botane)
1696 2535 1744 2571 13
1776 2522 1868 2574 lig]

129 2574 412 2623 legationibus
431 2574 556 2613 Arev.
693 2586 740 2623 15
771 2588 838 2624 qu.
862 2574 1048 2613 sacinem
1077 2574 1131 2612 T:
1164 2588 1230 2624 qu.
1251 2576 1491 2615 sanccimen
1512 2576 1556 2614 D
1667 2583 1710 2615 et
1729 2590 1811 2616 om.
1838 2576 1875 2614 T

134 2633 183 2668 16
212 2628 401 2669 berbene
428 2628 487 2668 T:
516 2629 702 2667 verbana
723 2629 767 2666 D
903 2628 1113 2667 Palliurus
1133 2629 1221 2667 DT
1237 2632 1338 2682 (non
1360 2630 1420 2681 U)
1607 2644 1653 2680 17
1686 2631 1869 2671 strutios

137 2683 243 2722 TM:
275 2683 437 2722 Stutios
456 2684 528 2722 K:
560 2683 752 2722 Strucios
773 2697 821 2722 ex
840 2683 978 2722 -cinos
1005 2683 1063 2721 U:
1093 2683 1286 2723 Strucius
1307 2685 1352 2723 D
1591 2687 1639 2724 18
1668 2686 1812 2725 labant
1840 2686 1877 2724 T

131 2738 176 2778 in
216 2751 297 2777 om.
339 2737 428 2776 DK
794 2738 978 2788 Splenos
998 2765 1007 2775 .
1034 2766 1043 2774 .
1065 2769 1072 2776 .
1095 2738 1177 2778 auf.
1216 2739 1302 2777 secl.
1346 2738 1431 2778 edd.
1473 2739 1538 2790 (ᾳ
1582 2744 1601 2787 ξ
1643 2741 1694 2790 87
1735 2741 1867 2791 infra)

132 2805 185 2832 20
213 2804 338 2842 grece
358 2790 401 2830 D
536 2791 682 2831 corion
710 2791 772 2831 T:
803 2792 1016 2831 corionem
1038 2792 1126 2830 KD
1146 2794 1213 2843 (ex
1229 2793 1330 2844 ori-)
1510 2807 1558 2832 21
1592 2795 1762 2834 incultis
1777 2795 1868 2836 dett.

131 2859 256 2896 grece
277 2846 322 2885 D
486 2847 670 2896 prasium
691 2845 781 2884 DK
798 2860 809 2885 ε
837 2847 1051 2897 prasinum
1078 2846 1115 2884 T
1339 2859 1390 2886 22
1420 2847 1566 2888 dicunt
1586 2862 1637 2887 ex
1652 2850 1806 2888 d*cant
1827 2850 1870 2888 D

132 2906 306 2941 vocatur
348 2900 384 2939 T
561 2914 613 2950 23
644 2900 833 2939 Poleium
872 2901 960 2939 KT
974 2915 983 2939 :
1034 2901 1252 2951 Polegium
1293 2902 1362 2953 (ex
1397 2903 1560 2953 -ginum
1601 2908 1647 2942 ut
1685 2903 1787 2956 vid.)
1826 2902 1870 2942 D

133 2956 243 3005 apud
267 2985 276 2994 .
305 2986 314 2996 .
350 2984 361 2995 .
392 2959 456 2994 est
494 2955 587 2994 hab.
631 2953 732 2993 TU:
779 2969 861 2995 om.
899 2954 1023 2995 CDK
1347 2957 1603 2997 Absentium
1639 2957 1746 2997 KT:
1796 2959 1870 2998 ab·

132 3009 311 3049 sincium
325 3009 369 3048 D
479 3022 530 3058 24
551 3017 618 3049 est
636 3022 720 3048 om.
742 3007 789 3047 K
810 3010 910 3061 (non
934 3009 1021 3062 U):
1049 3021 1183 3060 genus
1202 3016 1269 3050 est
1286 3011 1569 3064 Pseudoapul.
1594 3012 1700 3054 herb.
1726 3024 1803 3063 109
