2228 3444
1099 202 1372 250 ISIDORI

307 327 583 387 5subiecta
632 338 704 378 est
751 346 877 378 aera.
951 330 1103 378 Verbi
1150 330 1331 394 gratia:
1384 332 1434 379 Si
1482 341 1555 380 est
1598 348 1708 380 aera
1753 349 1817 392 .1.,
1862 331 1911 380 in
1954 331 2113 395 primo

361 428 554 460 canone
572 430 585 473 3
622 411 660 459 si
687 414 921 472 secunda,
950 413 1000 460 in
1027 414 1250 462 secundo
1268 431 1281 474 3
1317 413 1357 462 si
1390 413 1545 473 tertia,
1573 413 1625 462 in
1650 413 1793 463 tertio
1812 432 1825 475 3
1861 423 1909 463 et
1935 413 2004 462 sic
2029 431 2114 477 per

303 501 338 548 6
362 494 587 544 ordinem
615 511 771 558 usque
796 497 860 544 ad
886 495 1137 544 decimum
1163 495 1467 559 perveniens.
1541 495 1591 545 Si
1616 495 1773 560 igitur,
1801 505 1972 561 aperto
1997 512 2118 559 quo·

361 577 481 626 libet
510 577 794 640 Evangelio,
824 577 1062 641 placuerit
1088 577 1210 627 scire
1244 578 1328 641 qui
1362 578 1659 642 reliquorum
1691 579 2112 643 Evangelistarum

361 658 538 708 similia
580 659 823 719 dixerunt,
867 662 1100 710 adsumes
1148 659 1460 710 adiacentem
1503 678 1763 710 numerum
1808 661 2023 725 capituli,
2067 670 2115 711 et
2139 679 2159 718 5

360 741 576 806 requires
611 741 773 805 ipsum
807 760 1070 791 numerum
1105 741 1155 791 in
1186 760 1276 792 suo
1311 760 1503 792 canone
1536 760 1684 807 quem
1719 743 1918 804 indicat,
1946 743 2113 807 ibique

360 826 580 874 invenies
607 834 727 887 quot
747 835 795 873 et
817 824 901 888 qui
920 824 1132 874 dixerint
1153 843 1164 885 3
1200 835 1247 874 et
1273 824 1339 874 ita
1359 827 1562 875 demum
1589 825 1638 874 in
1659 843 1863 890 corpore
1883 825 2115 890 inquisita

361 909 486 967 loca,
519 924 647 970 quae
681 923 739 955 ex
772 906 890 970 ipsis
919 906 1137 956 numeris
1171 906 1465 967 indicantur,
1500 924 1585 971 per
1623 907 1813 972 singula
1851 909 2115 972 Evangelia

362 990 424 1037 de
451 990 639 1038 eisdem
666 988 846 1038 dixisse
873 988 1107 1038 invenies.

236 1083 334 1122 XVI
499 1074 582 1119 DE
631 1087 929 1120 CANomssvs
979 1074 1376 1122 CONciLioavm.
1466 1073 1644 1123 Canon
1691 1082 1856 1123 autem
1907 1075 2109 1133 Graece,
2143 1085 2190 1113 10

362 1153 538 1203 Latine
578 1156 743 1217 regula
783 1164 1112 1217 nuncupatur.
1200 1156 1393 1218 Regula
1431 1164 1597 1204 autem
1638 1155 1770 1205 dicta
1809 1157 1945 1219 quod
1984 1165 2114 1205 recte

361 1235 511 1298 ducit,
553 1254 646 1286 nec
685 1236 953 1300 aliquando
990 1236 1223 1286 aliorsum
1265 1236 1423 1285 trahit.
1495 1236 1595 1286 Alii
1634 1237 1862 1287 dixerunt
1898 1240 2113 1302 regulam

361 1319 546 1369 dictam
581 1321 657 1368 vel
696 1321 832 1382 quod
867 1328 1015 1383 regat,
1052 1320 1128 1367 vel
1162 1321 1299 1382 quod
1334 1336 1559 1369 normam
1591 1330 1721 1370 recte
1754 1320 1951 1370 vivendi
1984 1337 2116 1384 prae-

307 1418 336 1451 2
362 1403 489 1462 beat,
519 1404 596 1451 vel
630 1404 766 1464 quod
798 1401 1059 1451 distortum
1095 1417 1401 1464 pravumque
1435 1401 1554 1465 quid
1589 1404 1807 1467 corrigat.
1884 1405 2115 1454 Canones

361 1494 527 1534 autem
557 1484 859 1548 generalium
894 1483 1217 1533 conciliorum
1252 1502 1280 1532 a
1314 1485 1619 1549 temporibus
1655 1485 1969 1536 Constantini
2007 1503 2113 1536 coe-

361 1577 552 1632 perunt.
597 1569 657 1616 In
678 1565 1092 1630 praecedentibus
1113 1583 1328 1629 namque
1347 1566 1502 1628 annis,
1524 1567 1865 1629 persecutione
1882 1570 2112 1628 fervente,

308 1667 337 1713 3
361 1651 703 1699 docendarum
746 1647 967 1712 plebium
1012 1646 1217 1696 minime
1256 1648 1466 1697 dabatur
1505 1650 1725 1699 facultas.
1814 1651 1941 1700 Inde
1981 1650 2117 1700 Chri-

363 1731 584 1781 stianitas
617 1731 668 1780 in
702 1731 919 1781 diversas
951 1732 1179 1780 haereses
1210 1730 1360 1780 scissa
1393 1741 1480 1792 est,
1509 1731 1624 1795 quia
1649 1749 1750 1781 non
1784 1743 1886 1782 erat
1918 1731 2117 1782 licentia

364 1813 662 1881 [episcopis]
686 1815 737 1862 in
762 1830 918 1862 unum
944 1812 1223 1873 convenire,
1251 1812 1344 1862 nisi
1371 1822 1594 1877 tempore
1619 1814 1886 1879 supradicti
1913 1817 2116 1879 impera-

362 1896 493 1946 toris.
569 1899 684 1960 Ipse
704 1897 836 1945 enim
858 1895 996 1945 dedit
1016 1897 1299 1944 facultatem
1322 1895 1612 1945 Christianis
1632 1896 1784 1946 libere
1804 1911 2111 1961 congregare.
2139 1924 2190 1952 20

305 1993 337 2040 4
363 1979 466 2028 Sub
493 1980 589 2027 hoc
615 1978 763 2027 etiam
791 1976 948 2027 sancti
975 1980 1143 2026 Patres
1168 1976 1218 2026 in
1249 1977 1462 2026 concilio
1487 1979 1534 2026 N
1539 1977 1714 2027 icaeno
1739 1980 1802 2027 de
1832 1980 1967 2028 omni
1995 1979 2115 2028 orbe

362 2071 598 2111 terrarum
626 2059 994 2119 convenientes,
1018 2060 1150 2107 iuxta
1170 2060 1321 2108 fidem
1343 2059 1676 2123 evangelicam
1703 2070 1750 2109 et
1774 2059 2114 2124 apostolicam,

309 2158 338 2205 5
362 2145 640 2193 secundum
668 2153 780 2206 post
806 2143 1076 2206 Apostolos
1102 2141 1385 2205 symbolum·
1412 2141 1730 2192 tradiderunt.
1794 2145 1930 2193 Inter
1954 2151 2116 2192 cetera

360 2235 527 2275 autem
555 2224 766 2274 concilia
799 2233 1030 2288 quattuor
1061 2240 1169 2272 esse
1201 2223 1506 2273 venerabiles
1541 2225 1771 2287 synodos,
1801 2241 1928 2288 quae
1960 2233 2114 2274 totam

362 2306 693 2372 principaliter
709 2307 861 2356 fidem
878 2306 1212 2369 conplectunt,
1233 2307 1372 2368 quasi
1389 2315 1620 2368 quattuor
1636 2306 1900 2370 evangelia,
1914 2307 1991 2355 vel
2008 2305 2116 2355 toti·
2141 2331 2187 2370 25

304 2388 338 2435 6
362 2390 477 2439 dem
499 2388 712 2453 paradisi
732 2387 951 2437 flumina.
1026 2389 1222 2436 Harum
1242 2388 1373 2450 prior
1395 2388 1617 2437 Nicaena
1636 2389 1855 2451 synodus
1876 2396 2116 2437 trecento-

362 2487 469 2519 rum
488 2473 663 2520 decem
681 2481 730 2521 et
746 2480 862 2520 octo
883 2471 1230 2534 episcoporum
1248 2468 1581 2520 Constantino
1597 2472 1824 2533 Augusto
1844 2471 2115 2534 imperante

361 2562 559 2616 peracta
579 2562 664 2602 est.
740 2556 800 2602 In
821 2570 919 2616 qua
939 2551 1152 2601 Arianae
1178 2550 1412 2615 perfidiae
1433 2551 1741 2615 blasphemia
1765 2553 2110 2612 condemnata,

362 2651 512 2698 quam
551 2636 615 2684 de
652 2634 1003 2699 inaequalitate
1043 2642 1242 2683 sanctae
1277 2632 1533 2682 Trinitatis
1570 2632 1704 2682 idem
1741 2633 1888 2682 Arius
1925 2634 2114 2683 adsere—

419 2777 443 2804 2
473 2765 517 2804 in
539 2778 624 2805 sec.
647 2772 744 2806 tert.
765 2764 812 2804 K
917 2778 943 2815 3
972 2763 1197 2816 pervenies
1217 2761 1304 2802 BT
1408 2777 1433 2813 4
1460 2763 1555 2816 qui]
1575 2776 1658 2815 quo
1682 2763 1731 2803 Cl
1839 2776 1864 2814 5
1885 2764 2114 2804 adsumens

372 2819 409 2859 T
515 2820 569 2859 ad
589 2820 795 2860 latentem
818 2820 867 2859 Cl
1007 2833 1028 2869 7
1059 2820 1174 2870 quod
1197 2825 1238 2858 et
1257 2818 1326 2869 qui
1353 2817 1413 2858 T:
1441 2819 1510 2868 qui
1531 2824 1573 2858 et
1591 2819 1692 2868 quid
1713 2818 1821 2859 BC:
1849 2819 1919 2868 qui
1940 2819 2052 2868 quod
2072 2816 2119 2856 K

365 2877 578 2914 dexerunt
600 2873 637 2913 T
732 2889 759 2926 9
780 2874 962 2926 eisdem]
979 2875 1040 2914 eis
1057 2874 1097 2913 Β
1204 2886 1248 2912 11
1271 2873 1403 2913 latina
1420 2872 1455 2912 C
1546 2879 1662 2912 recto
1681 2872 1723 2911 Β
1731 2872 1769 2911 T
1869 2885 1916 2911 12
1936 2872 2037 2924 nec]
2059 2886 2114 2911 ne

371 2930 423 2968 Tl
538 2943 588 2979 14
607 2930 707 2980 quid
723 2944 810 2969 om.
823 2929 865 2967 Β
979 2942 1027 2980 15
1047 2943 1071 2969 a
1087 2942 1171 2968 om.
1192 2927 1245 2966 Tl
1357 2930 1406 2967 18
1426 2928 1544 2979 quia]
1561 2941 1668 2978 quae
1682 2927 1724 2965 A
1835 2941 1884 2978 19
1903 2927 2115 2978 episcopis

365 2984 449 3024 AC
454 2984 514 3035 T:
548 2985 802 3025 Christianis
820 2983 866 3022 K
885 2999 893 3024 :
923 2998 1004 3026 om.
1029 2983 1072 3022 B
1245 2996 1295 3021 21
1327 2982 1432 3035 hoc]
1453 2996 1504 3022 eo
1523 2981 1569 3020 K
1739 2995 1792 3031 24
1820 2981 1948 3034 quae]
1971 2995 2056 3032 quo
2084 2980 2122 3020 T

366 3051 417 3089 25
438 3040 580 3092 quasi]
595 3039 693 3090 quia
707 3041 744 3079 si
760 3039 810 3079 Cl
922 3041 976 3080 26
994 3039 1115 3090 prior
1126 3036 1234 3077 BT:
1254 3037 1390 3089 prima
1409 3036 1489 3078 CK
1586 3037 1639 3075 28
1658 3035 1901 3076 blasfemiae
1916 3037 2115 3076 damnata

373 3093 432 3133 T:
457 3095 749 3146 blapsphemia
766 3095 964 3134 damnata
981 3093 1028 3132 K
1042 3108 1050 3136 ε
1079 3093 1359 3133 condemnata
1377 3091 1551 3144 (-mpn-)
1570 3090 1624 3131 bl.
1643 3089 1768 3131 ΑΒΕ
1875 3105 1927 3142 29
1957 3091 2114 3141 inequi-

368 3155 453 3188 tate
482 3148 519 3187 T
