2176 3424
474 140 1103 190 ETYMOLOGIARVM
1146 141 1271 190 LIB.
1315 142 1422 190 XV.
1463 141 1476 188 i

108 273 316 319 Mantua
341 272 475 334 quod
497 285 667 319 manes
694 279 866 319 tuetur.
927 272 1280 333 Parthenopea
1300 272 1611 334 Parthenope
1631 272 1845 334 quadam
1874 275 1946 323 60

105 351 287 416 virgine
304 352 401 401 illic
416 354 607 416 sepulta
624 353 934 415 Parthenope
949 353 1194 416 appellata
1211 371 1223 413 ;
1261 353 1396 415 quod
1417 351 1659 416 oppidum
1677 362 1848 415 postea

105 437 355 498 Augustus
382 433 646 498 Neapolim
673 450 780 483 esse
807 433 991 483 maluit.
1064 436 1146 483 Ad
1162 434 1557 498 promuntorium
1579 436 1848 495 Leucaten,
1873 441 1931 488 61

105 517 154 564 in
191 534 290 579 quo
317 516 448 565 Actii
473 516 717 579 Apollinis
754 517 994 580 templum
1034 516 1136 576 fuit,
1165 518 1348 566 bellum
1387 519 1639 580 Augustus
1677 526 1848 566 contra

58 616 81 657 5
105 599 378 646 Antonium
412 598 573 661 gessit.
650 600 765 660 Quo
790 599 938 659 victo,
964 599 1136 647 urbem
1163 599 1212 646 in
1240 598 1444 648 Actiaco
1471 598 1581 648 sinu
1606 598 1848 658 condidit,

104 696 250 742 quam
271 696 299 727 a
323 679 524 729 victoria
542 680 824 743 Nicopolim
851 680 1125 744 appellavit.
1181 682 1448 730 Phalantus
1470 680 1846 731 Partheniorum
1873 684 1943 732 62

103 762 203 809 dux
246 761 534 810 Parthenios
578 761 842 811 constituit.
917 764 1068 811 Taras
1111 762 1333 826 Neptuni
1374 762 1500 812 filius
1544 763 1646 823 fuit,
1686 780 1714 812 a
1747 779 1847 826 quo

103 845 372 892 Tarentum
398 843 566 892 civitas
592 853 639 892 et
665 845 865 893 condita
891 852 938 893 et
962 846 1206 908 appellata
1226 854 1311 894 est.
1369 846 1499 895 Cum
1527 846 1682 909 Cyrus
1709 845 1847 894 mari-
1871 850 1941 910 63

102 923 244 973 timas
288 925 432 974 urbes
477 925 712 976 Graeciae
761 934 1036 990 occuparet,
1081 936 1128 976 et
1182 928 1525 976 Phocaeenses
1568 926 1632 975 ab
1672 943 1732 976 eo
1771 944 1846 976 ex-

31 1029 78 1057 10
101 1006 303 1070 pugnati
329 1007 559 1056 omnibus
596 1009 830 1071 angustiis
864 1017 1213 1071 premerentur,
1236 1007 1517 1058 iuraverunt
1542 1018 1595 1057 ut
1625 1011 1846 1073 profuge-

101 1097 363 1152 rentquam
381 1089 663 1152 longissime
679 1090 742 1139 ab
759 1089 965 1153 imperio
978 1093 1249 1150 Persarum,
1263 1090 1349 1140 ubi
1367 1107 1430 1140 ne
1446 1107 1632 1140 nomen
1643 1092 1846 1154 quidem

101 1186 268 1219 eorum
309 1170 534 1220 audirent
556 1190 567 1232 3
604 1181 752 1235 atque
794 1172 860 1220 ita
900 1174 949 1220 in
992 1172 1191 1221 ultimos
1233 1172 1422 1222 Galliae
1466 1172 1601 1221 sinus
1638 1172 1846 1222 navibus

101 1252 318 1315 profecti,
373 1253 620 1317 armisque
669 1270 720 1303 se
767 1256 1000 1304 adversus
1051 1255 1292 1304 Gallicam
1342 1256 1581 1304 feritatem
1634 1263 1841 1314 tuenteS‚

102 1333 373 1382 Massiliam
421 1335 752 1385 condiderunt
794 1346 842 1385 et
890 1354 947 1386 ex
990 1337 1192 1386 nomine
1241 1337 1380 1387 ducis
1421 1347 1843 1402 nuncupaverunt.

30 1433 73 1475 ¹5
104 1418 214 1464 Hos
253 1419 408 1465 Varro
450 1416 699 1482 trilingues
741 1435 847 1468 esse
885 1419 966 1479 ait,
1004 1421 1139 1482 quod
1179 1428 1226 1469 et
1265 1421 1454 1470 Graece
1494 1422 1759 1483 loquantur
1795 1429 1843 1469 et

102 1500 275 1548 Latine
309 1508 356 1548 et
393 1499 594 1550 Gallice.
670 1502 957 1550 Narbonam
996 1511 1043 1550 et
1071 1503 1321 1551 Arelatum
1361 1512 1408 1551 et
1435 1501 1646 1551 Pictavis
1681 1504 1843 1552 coloni
1868 1501 1938 1562 64

99 1581 279 1644 proprii
333 1581 676 1631 condiderunt.
775 1583 1077 1647 Burdigalim
1142 1587 1437 1648 appellatam
1494 1587 1654 1635 ferunt
1708 1587 1844 1649 quod

100 1665 287 1726 Burgos
349 1665 518 1713 Gallos
586 1664 796 1728 primum
870 1668 1073 1715 colonos
1155 1667 1394 1728 habuerit,
1459 1667 1639 1730 quibus
1699 1676 1844 1717 antea

101 1740 372 1791 cultoribus
397 1742 666 1806 adimpleta
692 1753 776 1793 est.
858 1746 1191 1794 Terraconam
1226 1745 1275 1793 in
1316 1745 1561 1810 Hispania
1586 1746 1842 1811 Scipiones
1868 1752 1936 1811 65

27 1846 78 1875 20
101 1832 508 1884 construxerunt,
580 1824 693 1874 ideo
753 1835 900 1888 caput
960 1835 1032 1875 est
1091 1827 1474 1877 Terraconensis
1547 1828 1840 1892 provinciae.

100 1903 508 1971 [Caesaraugusta
546 1907 928 1957 Terraconensis
970 1908 1244 1972 Hispaniae
1285 1910 1524 1974 oppidum
1562 1928 1591 1959 a
1634 1912 1844 1961 Caesare
1867 1917 1940 1965 66

98 1990 322 2052 Augusto
363 1998 409 2037 et
458 1989 604 2038 situm
646 1998 693 2038 et
737 1990 1061 2050 nominatum,
1100 1991 1196 2040 loci
1233 1992 1533 2042 amoenitate
1570 2001 1618 2042 et
1655 1993 1843 2042 deliciis

96 2072 419 2133 praestantius
476 2072 755 2120 civitatibus
811 2072 1087 2136 Hispaniae
1142 2074 1331 2123 cunctis
1380 2084 1528 2137 atque
1577 2074 1840 2136 inlustrius,

96 2153 274 2201 florens
301 2161 581 2202 sanctorum
622 2162 886 2217 martyrum
927 2154 1228 2222 sepulturis.]
1301 2155 1405 2204 Afri
1437 2157 1529 2205 sub
1558 2157 1843 2207 Hannibale
1865 2167 1934 2227 67

10 2251 72 2292 325
97 2234 340 2284 maritima
367 2235 640 2299 Hispaniae
665 2246 986 2300 occupantes,
1012 2237 1362 2302 Carthaginem
1399 2238 1693 2302 Spartariam
1730 2256 1843 2288 con-

96 2325 381 2377 struxerunt,
403 2334 529 2380 quae
555 2334 668 2365 mox
694 2335 721 2366 a
749 2319 989 2368 Romanis
1011 2330 1155 2383 capta
1180 2330 1227 2369 et
1265 2320 1461 2369 colonia
1486 2323 1625 2382 facta,
1655 2339 1840 2372 nomen

95 2398 239 2447 etiam
268 2398 546 2462 provinciae
572 2400 722 2448 dedit.
799 2402 947 2449 Nunc
974 2410 1141 2450 autern
1173 2419 1201 2450 a
1227 2403 1405 2451 Gothis
1436 2403 1669 2452 subversa
1692 2413 1841 2467 atque

154 2540 170 2565 1
205 2527 338 2579 quod]
360 2528 456 2578 quia
472 2528 512 2566 B
623 2529 768 2568 inanes
791 2528 831 2567 Β
853 2545 861 2570 :
892 2529 1029 2568 inanis
1055 2530 1129 2569 K:
1160 2530 1202 2569 in
1226 2530 1374 2571 inanes
1399 2532 1435 2571 T
1543 2532 1841 2584 Parthenopea

95 2597 118 2622 a
152 2583 295 2623 Parth.
319 2581 399 2622 C1:
432 2583 721 2633 Parthenopia
757 2597 781 2622 a
815 2585 959 2624 Parth.
983 2585 1068 2623 BT
1088 2585 1174 2638 (vix
1206 2586 1352 2638 recte):
1385 2586 1656 2639 Parthenope
1691 2602 1715 2628 a
1746 2601 1839 2638 par-

95 2637 295 2687 thenopia
315 2637 360 2676 K
482 2652 506 2676 2
535 2644 795 2689 partenopea
818 2639 877 2678 T:
909 2640 1180 2691 parthinopia
1201 2640 1246 2678 K
1341 2654 1462 2690 quam
1483 2643 1524 2681 Β
1647 2655 1672 2691 3
1701 2657 1725 2682 a
1746 2656 1839 2693 pro-

97 2691 305 2731 muntorio
322 2692 443 2743 (-ium
464 2692 521 2745 T)
538 2692 627 2732 KT
703 2693 911 2732 leucanen
928 2695 973 2732 K
1083 2706 1107 2743 5
1138 2694 1290 2746 gessit]
1306 2695 1475 2734 misitK
1583 2699 1609 2736 6
1639 2697 1839 2737 Palantus

96 2746 239 2786 BCT:
271 2746 501 2786 Palanthus
533 2747 577 2785 K
738 2749 762 2786 8
794 2754 836 2787 et
867 2750 986 2789 cond.
1011 2762 1106 2799 app.
1129 2755 1194 2789 est
1230 2749 1319 2789 Bl:
1349 2756 1414 2790 est
1445 2752 1567 2791 cond.
1601 2758 1643 2790 et
1675 2765 1773 2803 app.
1809 2753 1843 2792 C

96 2815 121 2851 9
149 2802 344 2841 focenses
359 2801 471 2842 codd.
590 2815 634 2840 11
663 2802 805 2853 quam]
823 2803 972 2853 quiaB
1086 2816 1134 2842 12
1160 2803 1391 2843 ultimaeK
1502 2806 1697 2858 navibus]
1718 2807 1838 2847 vibus

103 2855 140 2894 T
246 2869 294 2905 14
316 2862 357 2895 et
375 2870 485 2897 nom.
506 2856 540 2896 C
653 2868 700 2906 15
720 2858 828 2906 quod
845 2858 916 2898 Gr.
935 2858 980 2896 K
1094 2871 1140 2908 17
1164 2858 1446 2900 BurdicaleK
1465 2876 1473 2900 ε
1495 2862 1776 2910 Burdogalam
1790 2877 1839 2901 ex

99 2910 382 2961 Burdegulam
423 2917 472 2951 ut
509 2911 586 2951 vid.
611 2911 646 2950 C
753 2913 1004 2962 appellatum
1044 2913 1143 2963 quia
1183 2913 1228 2952 K
1368 2928 1417 2965 19
1446 2916 1756 2955 tarraconensis
1796 2917 1842 2955 K

101 2969 121 3013 5
150 2967 204 3003 66
233 2966 327 3006 hab.
364 2966 483 3005 TUV
485 2966 542 3005 W
569 2968 693 3006 etiam
726 2969 840 3006 ceteri
869 2967 976 3008 codd.
1015 2967 1236 3019 Hispania·
1266 2968 1423 3022 (Escor.
1458 2969 1506 3008 P.
1538 2970 1572 3010 I.
1603 2972 1642 3019 8,
1677 2971 1836 3012 Matn't.

100 3019 207 3058 Bibl.
231 3020 364 3060 Acad.
391 3020 499 3060 Hist.
522 3033 572 3070 25
601 3026 635 3060 et
663 3023 726 3071 76,
750 3021 905 3063 Matrit.
930 3022 1036 3062 Bibl.
1061 3023 1162 3063 Nac.
1185 3022 1272 3064 Tol.
1304 3036 1364 3074 15,
1380 3038 1419 3074 9,
1445 3025 1549 3075 eta),
1573 3025 1687 3066 Mon.
1712 3040 1720 3064 ε
1750 3039 1835 3065 om.

100 3073 387 3112 BCFKMOP
548 3078 600 3114 26
633 3089 729 3114 mox
751 3089 831 3117 om.
855 3077 889 3115 C
997 3083 1038 3115 et
1059 3079 1099 3116 in
1121 3078 1198 3119 col.
1230 3076 1266 3114 T

910 3158 998 3190 L2
