2176 3424
552 117 1187 167 ETYMOLOGIARVM
1227 118 1360 164 LIB.
1398 118 1445 163 X

140 250 338 296 Horum
369 246 573 310 quidam
607 255 803 307 coeunt,
832 247 921 295 sed
954 255 1122 295 tamen
1147 247 1298 294 virtus
1329 246 1378 291 in
1413 243 1602 293 semine
1635 245 1769 292 nulla
1794 252 1880 292 est.

139 331 404 393 Liquorem
430 324 568 379 enim
591 330 776 377 habent
803 337 850 376 et
876 329 1121 388 emittunt,
1149 329 1237 376 sed
1261 327 1326 375 ad
1350 325 1656 389 gignendum
1683 327 1881 373 inanem

133 421 282 474 atque
297 410 582 460 invalidum.
647 412 808 458 Effeta
827 409 890 458 ab
911 425 984 468 e0,
1005 411 1142 472 quod
1163 408 1224 457 sit
1243 406 1488 470 frequenti
1507 409 1609 456 fetu
1629 408 1880 455 exhausta.
1905 420 1974 467 94

134 495 305 541 Partus
331 481 464 541 enim
491 509 600 541 eam
625 491 864 541 adsiduus
889 491 1107 540 debilem
1133 491 1308 540 reddit.

83 597 105 635 5
979 596 1018 640 F

265 677 530 725 Facundus
552 675 727 735 dictus,
752 674 866 738 quia
886 675 1028 723 facile
1049 673 1136 722 fari
1156 672 1325 737 possit.
1388 675 1612 731 Facetus,
1636 669 1720 734 qui
1740 670 1876 719 iocos
1901 687 1970 736 95

129 767 175 806 et
201 759 335 807 lusus
360 756 507 821 gestis
534 766 582 806 et
607 756 745 805 factis
772 757 1089 815 conmendat,
1111 773 1140 804 a
1166 756 1395 804 faciendo
1416 755 1594 803 dictus.
1657 751 1875 815 Frugalis

126 857 155 889 a
181 842 316 903 fruge
351 839 649 900 nominatus,
677 838 728 888 id
755 848 828 887 est
861 855 888 886 a
923 839 1083 886 fructu
1109 839 1182 886 vel
1219 835 1533 900 parsimonia,
1562 837 1682 895 sive,
1707 843 1760 882 ut
1791 833 1873 882 alii

126 924 310 982 volunt,
339 939 367 969 a
400 922 643 970 modestia
680 929 727 969 et
764 919 1103 983 temperantia.
1177 921 1457 977 Fenerator‚
1487 918 1571 979 qui
1609 918 1870 979 pecuniam
1897 913 1972 970 96

53 1024 100 1051 10
124 1002 328 1068 deponit
344 994 788 1067 apudjdebitorerIl,
810 1001 950 1064 quasi
966 999 1146 1050 fenoris
1166 1008 1303 1048 actor
1326 1019 1334 1047 ι
1362 1017 1475 1048 nam
1497 1000 1639 1047 fenus
1659 999 1872 1061 pecunia

124 1095 205 1135 est.
273 1087 539 1134 Fenerator
563 1093 729 1133 autem
756 1084 932 1131 Latine
958 1082 1136 1131 dicitur
1161 1091 1208 1130 et
1234 1082 1318 1144 qui
1345 1083 1429 1130 dat
1456 1089 1683 1128 mutuum
1711 1089 1758 1127 et
1785 1078 1869 1142 qui

121 1167 312 1229 accipit.
378 1167 638 1225 Flamines,
660 1166 920 1229 pontifices
940 1165 1200 1213 idolorum.
1265 1164 1402 1212 Felix
1422 1161 1600 1211 dicitur
1620 1163 1703 1225 qui
1722 1160 1869 1209 felici·
1894 1172 1961 1221 97

121 1256 270 1297 tatem
297 1249 398 1310 dat,
423 1249 547 1308 felix,
577 1246 662 1310 qui
694 1247 901 1310 accipit:
940 1255 989 1295 et
1021 1245 1148 1306 felix,
1176 1262 1262 1308 per
1289 1261 1436 1308 quem
1472 1246 1615 1293 datur
1644 1243 1864 1303 felicitas,

120 1338 171 1377 ut
198 1329 311 1378 felix
335 1339 545 1392 tempus,
576 1327 690 1377 felix
715 1331 869 1377 locus.
942 1327 1143 1387 Fidelis,
1168 1344 1257 1390 pro
1288 1344 1348 1375 eo
1383 1327 1519 1389 quod
1553 1327 1606 1373 fit
1641 1325 1703 1373 ab
1731 1341 1790 1373 eo
1816 1324 1866 1373 id
1892 1319 1962 1378 98

46 1428 92 1469 15
118 1412 254 1474 quod
279 1410 398 1459 dicit
413 1412 491 1459 vel
517 1409 757 1473 promittit
777 1409 981 1458 bonum.
1042 1408 1233 1469 Facilis,
1252 1426 1281 1456 a
1302 1408 1544 1467 faciendo,
1565 1423 1658 1455 nec
1682 1407 1864 1455 tardus.

118 1491 323 1553 Firmus,
352 1493 486 1541 unde
512 1501 559 1540 et
584 1493 844 1540 formosus.
920 1492 1091 1551 Fortis,
1121 1491 1236 1553 quia
1265 1491 1356 1538 fert
1381 1490 1585 1538 adversa
1610 1489 1687 1537 vel
1722 1503 1868 1550 quae-

116 1590 330 1637 cumque
356 1575 653 1623 acciderint:
692 1575 793 1622 sive
818 1590 847 1621 a
871 1573 1010 1631 ferro,
1041 1574 1177 1635 quod
1203 1573 1263 1620 sit
1290 1573 1441 1620 durus
1475 1587 1568 1619 nec
1601 1569 1865 1619 molliatur.

117 1657 382 1704 Formosus
416 1673 445 1703 a
478 1657 633 1704 forma
660 1654 835 1704 dictus.
908 1656 1145 1702 Formum
1180 1652 1313 1702 enim
1345 1662 1532 1701 veteres
1563 1652 1779 1700 calidum
1816 1659 1864 1699 et
1890 1667 1964 1715 99

114 1738 305 1786 fervens
331 1737 570 1787 dixerunt.
645 1739 826 1786 Fervor
851 1738 983 1785 enim
1011 1738 1302 1799 sanguinem
1329 1743 1509 1795 movet,
1540 1731 1637 1800 [et]
1663 1734 1861 1796 sanguis

39 1839 90 1867 20
114 1819 551 1882 pulchritudinem.
625 1820 824 1868 Foedus
865 1834 1050 1867 nomen
1093 1818 1245 1866 habet
1293 1817 1356 1866 ab
1397 1818 1536 1866 hirco
1584 1824 1633 1865 et
1679 1816 1857 1874 haedo,
1882 1831 1981 1867 100

115 1903 153 1948 F
170 1902 329 1950 littera
352 1902 538 1951 addita.
591 1902 747 1949 Hunc
765 1909 953 1949 veteres
974 1901 1023 1948 in
1050 1900 1181 1963 gravi
1203 1899 1562 1962 significatione
1588 1897 1862 1959 ponebant,

113 1991 165 2030 ut
190 1980 346 2046 (Virg.
369 1986 492 2032 Aen.
522 2000 563 2042 2,
587 1981 734 2047 502):

279 2066 527 2127 Sanguine
563 2065 849 2112 foedantem
889 2079 1014 2125 quos
1052 2064 1157 2126 ipse
1194 2069 1466 2110 sacraverat
1503 2060 1654 2124 ignes.

112 2145 314 2210 Fragilis
331 2147 492 2195 dictus
514 2163 573 2195 eo
590 2147 727 2208 quod
746 2145 890 2193 facile
910 2146 1064 2208 frangi
1084 2153 1260 2207 potest.
1324 2145 1517 2204 Fessus,
1538 2143 1677 2206 quasi
1697 2143 1855 2202 fissus,
1881 2153 1965 2188 101

36 2245 84 2285 25
109 2244 202 2276 nec
237 2229 334 2276 iam
372 2228 559 2291 integer
595 2228 780 2276 salute:
830 2235 903 2276 est
939 2235 1104 2275 autem
1142 2227 1384 2290 generale.
1458 2224 1684 2273 Dicimus
1722 2225 1854 2273 enim

108 2310 265 2358 fessus
291 2310 474 2370 animo,
502 2318 555 2358 ut
583 2309 735 2374 (Virg.
759 2311 882 2357 Aen.
905 2311 953 2369 8,
972 2326 995 2355 2
1004 2308 1118 2374 32):

623 2393 721 2439 Ter
755 2392 912 2439 fessus
949 2391 1074 2439 valle
1111 2388 1291 2438 resedit
1309 2407 1322 2450 3

109 2481 157 2521 et
182 2474 338 2522 fessus
365 2489 583 2535 corpore,
612 2473 748 2535 quod
774 2473 927 2535 magis
958 2480 1031 2520 est
1063 2472 1314 2534 proprium
1334 2489 1346 2531 3
1383 2479 1431 2519 et
1458 2472 1612 2520 fessus
1637 2487 1799 2518 rerum
1824 2487 1853 2518 a

163 2616 187 2640 2
218 2603 387 2642 mittunt
408 2602 488 2641 KC
631 2615 656 2651 3
688 2601 850 2640 Effecta
872 2600 967 2639 KC1
1115 2613 1139 2649 4
1169 2599 1299 2650 partis
1321 2599 1367 2637 K
1504 2601 1530 2638 6
1561 2600 1785 2638 Fecundus
1808 2603 1854 2636 ut

107 2656 185 2696 vid.
213 2656 260 2695 K
337 2669 404 2706 qu.
427 2670 481 2695 ex
501 2657 579 2695 fac.
602 2656 653 2695 C1
753 2656 846 2707 qui]
869 2656 966 2705 quia
995 2654 1032 2693 T
1131 2656 1157 2693 8
1185 2660 1250 2693 est
1279 2655 1382 2694 fruc.
1409 2654 1444 2693 C
1551 2668 1577 2703 9
1606 2654 1787 2693 modesti
1808 2660 1851 2692 et

107 2717 134 2751 t.
155 2711 223 2751 K:
243 2711 474 2751 modestiae
488 2717 518 2749 t.
538 2710 642 2749 BCI
733 2723 783 2749 10
811 2717 957 2750 auctor
977 2710 1018 2748 Β
1119 2722 1167 2748 12
1198 2710 1328 2748 Flam.
1351 2714 1469 2759 pont.
1494 2709 1592 2748 idol.
1615 2722 1699 2748 om.
1723 2707 1855 2746 KUV

110 2766 212 2815 (non
231 2765 327 2818 AI)
461 2778 510 2815 14
540 2764 606 2816 ut]
629 2770 672 2803 et
700 2765 737 2802 T
802 2766 849 2804 fit
868 2778 947 2815 pro
968 2778 1018 2802 eo
1041 2765 1152 2814 quod
1174 2765 1245 2802 dat
1265 2765 1333 2802 vel
1355 2763 1396 2801 Β
1470 2764 1533 2815 id]
1557 2764 1600 2801 in
1631 2762 1667 2800 T
1798 2763 1847 2799 16

107 2820 304 2860 firmosus
320 2821 355 2859 C
357 2821 372 2847 1
456 2823 475 2867 ξ
494 2833 548 2870 99
561 2824 655 2859 ante
671 2820 833 2859 Firmus
853 2820 893 2868 (ξ
911 2820 982 2870 98)
1011 2818 1047 2855 T
1153 2820 1202 2857 18
1222 2819 1358 2857 formo
1370 2819 1494 2858 Arev.
1574 2818 1748 2856 formam
1767 2816 1814 2855 K
1819 2816 1856 2854 T

110 2886 159 2923 19
179 2880 222 2914 et
240 2875 329 2916 hab.
346 2874 507 2915 ΒΕἹΤ2
524 2879 572 2913 ut
588 2874 668 2913 vid.
693 2887 702 2912 ι
731 2887 815 2914 om.
834 2873 940 2912 ΚΤ1
961 2878 1010 2914 ut
1025 2873 1106 2913 vid.
1181 2885 1234 2911 20
1264 2873 1430 2912 Foedus
1447 2903 1457 2912 .
1476 2902 1485 2913 .
1511 2901 1519 2910 .
1539 2872 1661 2921 ignes
1682 2884 1763 2911 om.
1794 2869 1847 2909 Tl

106 2933 149 2966 et
167 2929 218 2967 ab
238 2930 279 2969 h.
303 2929 407 2969 BCI
524 2942 574 2979 24
603 2942 671 2979 qu.
696 2942 720 2967 a
739 2928 862 2968 facile
884 2928 934 2968 C1
1062 2941 1111 2976 27
1141 2928 1223 2978 ter]
1246 2928 1359 2966 inter
1377 2927 1419 2965 Β
1540 2928 1592 2965 28
1623 2933 1665 2964 et
1685 2924 1845 2978 fessus]

106 2982 283 3024 effessus
314 2983 350 3022 T
505 2984 637 3035 quod]
659 2983 756 3034 quia
776 2982 818 3021 B
1001 2989 1044 3022 et
1065 2982 1222 3034 fessus]
1245 2982 1387 3022 efesus
1409 2982 1460 3022 Cl

176 3113 279 3150 1182
702 3162 706 3165 .
920 3100 1008 3148 Dd
