2176 3424
1121 121 1393 170 ISIDORI

290 268 355 315 23
377 248 563 308 dicunt,
587 267 647 298 eo
673 252 809 312 quod
830 251 948 298 finio
966 249 1106 298 bovis
1127 250 1437 300 remedietur.
1495 253 1670 315 Hydra
1689 255 1839 302 draco
1856 257 2121 305 multorum

375 331 606 394 capitum,
631 331 786 395 qualis
808 333 897 380 fuit
913 331 964 379 in
981 331 1142 380 Lerna
1161 333 1341 396 palude
1360 331 1640 396 provinciae
1660 337 1917 385 Arcadiae.
1979 340 2122 386 Haec

377 412 552 463 Latine
578 423 773 463 excetra
793 413 984 473 dicitur,
1009 415 1145 477 quod
1171 431 1271 462 uno
1291 431 1437 463 caeso
1458 414 1547 463 tria
1567 415 1727 480 capita
1753 419 2118 468 excrescebant.

374 497 472 545 Sed
505 497 602 544 hoc
632 497 915 545 fabulosum
953 505 1054 555 est;
1099 513 1214 544 nam
1258 505 1453 544 constat
1494 496 1719 560 Hydram
1764 501 1929 548 locum
1972 501 2120 549 fuisse

373 588 685 627 evomentem
729 595 896 642 aquas,
935 587 1182 627 vastantes
1225 578 1436 626 vicinam
1481 578 1743 640 civitatem,
1783 580 1832 629 in
1867 599 1980 645 quo,
2021 599 2120 632 uno
2143 607 2164 647 5

374 671 537 710 meatu
572 663 753 719 clauso,
788 663 926 709 multi
961 661 1315 724 erumpebant:
1354 662 1491 724 quod
1526 662 1768 711 Hercules
1804 663 1976 712 videns
2011 665 2120 713 loca

372 744 476 806 ipsa
502 745 705 805 exussit,
725 753 773 792 et
799 744 868 791 sic
893 760 1052 807 aquae
1069 743 1243 792 clausit
1268 751 1475 792 meatus.
1549 745 1679 791 Nam
1707 745 1879 808 Hydra
1902 746 1966 795 ab
1991 762 2120 810 aqua

283 841 347 889 24
370 823 503 873 dicta
527 835 613 874 est.
672 827 947 889 Chelydros
969 842 1184 889 serpens,
1206 826 1288 888 qui
1316 834 1363 874 et
1390 826 1694 888 chersydros,
1725 826 1864 890 quasi
1892 827 2116 889 †cerim†‚

371 906 485 970 quia
505 916 552 956 et
578 906 629 955 in
653 907 795 970 aquis
821 916 869 956 et
890 908 941 955 in
961 909 1098 956 terris
1119 916 1337 955 moratur
1355 926 1367 968 3
1404 924 1519 955 nam
1539 909 1714 973 χέρσον
1739 910 1913 958 dicunt
1939 911 2116 958 Graeci

370 999 560 1049 terram,
580 990 698 1053 ὕδωρ
716 1006 910 1052 aquam.
959 989 1060 1036 Hic
1081 1006 1166 1052 per
1186 1006 1335 1051 quam
1356 988 1535 1037 labitur
1559 999 1750 1050 terram,
1771 991 1959 1040 fumare
1979 992 2115 1040 facit:
2145 1012 2172 1040 1·

369 1087 516 1132 quam
544 1070 612 1119 sic
642 1074 813 1120 Macer
841 1070 1076 1120 describit
1095 1070 1196 1135 <8):

707 1155 803 1202 Seu
841 1162 976 1216 terga
1013 1152 1236 1215 expirant
1274 1152 1555 1216 spumantia
1592 1152 1736 1213 virus,

637 1253 723 1284 seu
760 1245 886 1284 terra
921 1235 1092 1295 fumat,
1130 1251 1228 1298 qua
1265 1244 1388 1283 teter
1423 1234 1602 1283 labitur
1637 1234 1822 1298 anguis.

368 1319 430 1366 Et
457 1317 688 1366 Lucanus
715 1317 781 1381 (9,
806 1316 919 1382 711)
941 1335 950 1365 :

637 1398 905 1462 Tractique
942 1400 1019 1447 via
1055 1400 1276 1447 fumante
1309 1398 1546 1462 chelydri.
2141 1422 2171 1461 ι..

364 1484 569 1545 Semper
594 1491 760 1531 autem
781 1481 996 1530 directus
1022 1480 1272 1541 ambulat;
1307 1498 1422 1529 nam
1444 1479 1482 1528 si
1510 1482 1699 1530 torserit
1721 1497 1785 1541 se,
1806 1482 1925 1530 dum
1951 1480 2109 1540 currit,

277 1570 340 1616 25
364 1563 529 1612 statim
556 1572 738 1626 crepat.
813 1562 987 1611 Natrix
1009 1579 1210 1625 serpens
1229 1579 1410 1625 aquam
1431 1578 1624 1611 veneno
1646 1562 1868 1611 inficiens
1888 1579 1899 1622 ;
1927 1562 1977 1610 in
1997 1580 2114 1626 quo-

364 1661 579 1708 cumque
623 1644 754 1693 enim
795 1646 931 1693 fonte
976 1644 1132 1704 fuerit,
1180 1661 1293 1692 eum
1331 1660 1524 1693 veneno
1572 1643 1801 1692 inmiscit.
1892 1646 1970 1693 De
2012 1661 2111 1708 quo

366 1727 596 1775 Lucanus
625 1727 696 1791 (9,
718 1726 862 1792 72ο>;

910 1807 1082 1856 Natrix
1120 1809 1328 1855 violator
1363 1823 1536 1870 aquae.
2137 1828 2172 1856 ac

271 1889 339 1935 26
364 1890 604 1942 Cenchris
639 1907 841 1954 serpens
882 1890 1170 1948 inflexuosa,
1206 1906 1333 1952 quae
1373 1904 1567 1951 semper
1600 1898 1786 1937 rectum
1827 1889 1915 1937 iter
1952 1888 2111 1938 efficit.

366 1976 443 2023 De
469 1991 565 2037 qua
593 1974 827 2022 Lucanus
857 1971 921 2037 (9,
947 1972 1061 2035 712)
1083 1989 1092 2020 :

631 2056 695 2103 Et
734 2071 927 2118 semper
965 2063 1099 2102 recto
1138 2055 1360 2116 lapsurus
1399 2051 1553 2101 limite
1590 2052 1828 2101 cenchris.

276 2142 338 2190 27
362 2137 526 2183 Parias
554 2153 753 2201 serpens
780 2153 906 2199 quae
933 2152 1128 2198 semper
1153 2134 1203 2181 in
1231 2136 1390 2182 cauda
1415 2134 1635 2182 ambulat
1662 2143 1708 2182 et
1735 2136 1924 2183 sulcum
1952 2137 2109 2184 facere

359 2217 562 2266 videtur.
641 2221 719 2267 De
746 2234 846 2280 quo
872 2216 1004 2265 idem
1034 2219 1263 2264 Lucanus
1290 2214 1355 2281 (9,
1383 2214 1527 2280 721):
2135 2238 2176 2278 η

631 2302 747 2362 Quo
784 2308 1049 2348 contentus
1087 2300 1176 2347 iter
1213 2299 1373 2346 cauda
1410 2298 1598 2345 sulcare
1635 2297 1805 2361 parias.

274 2377 337 2423 28
363 2383 504 2440 Boas,
541 2381 713 2445 anguis
752 2381 925 2430 Italiae
964 2383 1189 2430 inmensa
1210 2381 1354 2439 mole,
1392 2381 1701 2443 persequitur
1724 2396 1891 2443 greges
1922 2395 2108 2428 armen-

418 2523 434 2548 1
470 2511 612 2549 fimum
644 2512 690 2549 K
827 2511 944 2550 bovis
976 2524 1060 2550 om.
1093 2510 1149 2549 Β1
1289 2510 1479 2548 redietur
1513 2509 1563 2547 C1
1728 2522 1753 2558 3
1785 2509 1967 2548 excedra
1998 2509 2106 2548 BT:

360 2566 577 2604 exedraK
677 2565 776 2615 quia
797 2566 837 2604 Β
922 2579 1022 2604 cesu
1043 2565 1089 2602 K
1198 2579 1222 2614 4
1251 2564 1356 2602 haec
1378 2565 1418 2602 Β
1528 2577 1552 2612 5
1583 2569 1820 2603 vastantem
1841 2564 1887 2601 K
1995 2576 2017 2612 7
2048 2564 2106 2602 sic

357 2620 511 2672 aquae]
532 2621 644 2659 sicca
666 2621 712 2661 K
876 2622 901 2658 8
932 2633 1012 2660 cer.
1041 2620 1193 2658 dicitur
1221 2632 1289 2669 qu.
1324 2618 1360 2656 C
1388 2618 1488 2670 (non
1516 2618 1627 2670 MU)
1759 2619 1890 2656 cerim
1920 2617 2000 2656 BC
2005 2618 2042 2656 T
2042 2618 2084 2657 U
2098 2632 2107 2656 :
2174 2640 2176 2643 .

359 2676 475 2714 cerin
497 2675 543 2714 K
561 2689 570 2713 z
602 2675 738 2715 cerint
761 2676 811 2714 M
925 2676 1030 2724 fort.
1054 2674 1177 2714 Chel.
1201 2686 1314 2723 serp.
1337 2673 1456 2723 quasi
1478 2673 1614 2712 chers.
1638 2673 1736 2723 quia
1756 2678 1798 2711 et
1822 2673 1886 2724 (cf
1910 2671 2027 2711 Serv.
2052 2672 2112 2711 ad

363 2730 504 2781 Georg.
527 2742 566 2780 3,
585 2730 686 2779 415)
849 2743 875 2780 9
905 2729 1024 2781 quia]
1048 2730 1159 2779 quod
1181 2728 1222 2766 Β
1330 2733 1519 2766 moretur
1538 2728 1580 2766 B
1746 2739 1794 2766 10
1823 2740 1902 2777 per
1921 2740 2045 2777 quem
2073 2727 2111 2766 T

363 2798 379 2823 1
391 2798 407 2823 1
441 2797 565 2834 quem
586 2785 644 2822 sic
665 2785 706 2822 Β
723 2798 774 2823 ex
791 2798 891 2823 corr.
1006 2790 1067 2822 12'
1082 2784 1247 2833 spirant
1262 2782 1306 2820 D
1321 2785 1423 2832 (non
1439 2783 1498 2835 F)
1552 2815 1554 2817 ,
1586 2781 1880 2833 spumentiaD
1898 2782 2002 2832 (non
2013 2781 2074 2830 F)
2095 2795 2106 2821 :
2170 2783 2173 2786 ’

358 2840 571 2890 sputantia
601 2839 730 2878 KOP
855 2840 990 2877 virtus
1020 2838 1062 2876 Β
1231 2851 1280 2886 14
1313 2843 1356 2875 et
1390 2851 1472 2876 om.
1511 2838 1557 2875 K
1737 2848 1785 2885 15
1815 2836 1993 2874 fumanti
2025 2835 2111 2873 ΒΤ

363 2907 409 2943 17
442 2894 642 2934 Rinatrix
663 2893 775 2932 codd.
796 2894 865 2944 (ex
886 2894 943 2943 K,
965 2891 1246 2944 novicapituli
1260 2892 1390 2943 signe,
1416 2892 1556 2930 natrix
1569 2891 1601 2943 ἓ)
1746 2892 1794 2928 18
1822 2891 1934 2929 enim
1956 2904 2039 2929 om.
2071 2890 2110 2930 T

362 2949 578 2989 inmiscuit
600 2948 650 2988 C1
761 2948 813 2986 de
833 2961 916 2998 qua
935 2948 976 2986 B
1096 2961 1149 2987 20
1179 2946 1358 2985 rinatrix
1378 2946 1491 2986 codd.
1606 2958 1656 2984 21
1689 2946 1777 2985 inss.
1798 2958 1923 2994 quem
1952 2944 2012 2983 T:
2041 2946 2103 2984 in-

359 3005 575 3043 flexuosus
596 3003 695 3054 quia
712 3002 747 3042 C
853 3016 905 3041 22
935 3016 1018 3052 quo
1038 3002 1084 3040 K
1192 3014 1244 3051 25
1275 3002 1346 3051 qui
1370 3002 1405 3041 C
1511 3000 1644 3051 idem]
1666 3000 1766 3040 item
1786 2999 1828 3038 B
1937 3002 1991 3038 26
2019 3012 2101 3050 quo

358 3072 441 3100 om.
459 3059 530 3098 K:
562 3065 602 3098 et
625 3060 826 3098 Lucanus
937 3063 1208 3108 contemptus
1226 3055 1306 3096 BC
1414 3056 1589 3096 caudam
1614 3055 1659 3094 K
2173 3066 2176 3067 ⁷
