2228 3444
450 153 1083 204 ETYMOLOGIARVM
1123 157 1254 206 LIB.
1294 158 1354 204 V.
1393 156 1532 206 ix-xx

111 286 321 334 Caesare
363 283 552 333 suffecti
590 285 818 333 consules
847 286 1026 348 Papius
1065 293 1112 334 et
1147 288 1407 350 Poppaeus
1444 288 1604 350 legem
1630 288 1860 349 tulerunt,

110 382 236 431 quae
260 384 289 415 a
314 365 600 415 nominibus
626 382 796 415 eorum
829 368 1104 430 appellatur
1139 368 1290 432 Papia
1326 371 1570 432 Poppaea,
1599 371 1860 418 continens

109 458 301 512 patrum
327 450 542 511 praemia
574 465 663 511 pro
689 448 1016 512 suscipiendis
1050 449 1229 500 liberis.
1305 450 1409 499 Sub
1443 452 1622 499 eodem
1657 467 1859 515 quoque
1882 463 1912 498 2

109 532 401 593 imperatore
429 529 674 579 Falcidius
707 530 932 579 tribunus
966 531 1125 594 plebis
1163 534 1320 595 legem
1352 531 1481 591 fecit,
1510 549 1574 582 ne
1607 532 1717 595 quis
1750 535 1860 596 plus

67 630 88 670 5
111 609 207 678 [in]
235 612 474 661 extraneis
496 621 792 661 testamento
812 613 993 674 legaret
1013 629 1163 677 quam
1185 622 1238 662 ut
1258 622 1431 677 quarta
1452 630 1563 677 pars
1584 625 1860 676 superesset

39 745 45 747 Α
110 693 388 742 heredibus.
463 696 538 742 Ex
584 693 724 743 cuius
775 694 978 743 nomine
1028 697 1104 744 lex
1160 695 1379 745 Falcidia
1434 705 1721 758 nuncupata
1771 705 1859 744 est.

110 774 338 837 Aquilius
397 791 597 838 quoque
664 774 842 842 [legem
899 775 1138 837 condidit,
1190 794 1318 840 quae
1366 779 1605 827 hactenus
1662 777 1862 841 Aquilia

109 855 457 923 nuncupatur.]

248 940 331 986 DE
374 953 505 987 LEGE
549 954 762 988 SATVRA.
837 941 1008 989 Satura
1034 957 1148 990 vero
1178 943 1254 990 lex
1284 950 1357 991 est
1382 958 1510 1004 quae
1542 943 1605 991 de
1638 942 1860 1006 pluribus
1885 945 1984 985 XVI

39 1039 88 1068 10
110 1019 255 1068 simul
280 1020 426 1069 rebus
452 1020 710 1084 eloquitur,
734 1021 865 1071 dicta
889 1039 917 1071 a
943 1022 1088 1086 copia
1107 1039 1267 1072 rerum
1294 1032 1342 1072 et
1368 1023 1508 1087 quasi
1532 1040 1560 1072 a
1580 1022 1831 1072 saturitate
1851 1042 1863 1084 3

110 1103 243 1150 unde
269 1111 317 1151 et
342 1111 527 1151 saturas
555 1104 766 1153 scribere
799 1114 871 1154 est
905 1115 1134 1167 poemata
1159 1107 1290 1154 varia
1308 1107 1538 1165 condere,
1567 1114 1621 1154 ut
1648 1105 1877 1164 Horatii‚.

111 1183 356 1232 Iuvenalis
382 1193 429 1233 et
457 1186 622 1234 Persii.
698 1188 798 1234 Lex
822 1188 1029 1236 novella.

245 1267 327 1313 DE
362 1281 576 1315 LEGIBVS
612 1269 859 1318 RHODIIS.
933 1270 1163 1318 Rhodiae
1197 1270 1327 1333 leges
1367 1269 1614 1318 navalium
1641 1286 1862 1318 conmer-
1886 1272 2011 1311 XVII

109 1345 297 1395 ciorum
323 1357 451 1408 sunt,
477 1349 541 1397 ab
568 1348 726 1398 insula
753 1352 937 1400 Rhodo
963 1351 1356 1415 cognominatae,
1383 1351 1433 1400 in
1468 1369 1565 1416 qua
1589 1351 1860 1414 antiquitus

38 1447 87 1487 15
111 1439 436 1478 mercatorum
462 1447 579 1479 usus
604 1431 708 1480 fuit.

245 1514 329 1560 DE
355 1527 684 1562 PRIvlLEons.
759 1514 1015 1578 Privilegia
1045 1523 1211 1564 autem
1247 1524 1359 1564 sunt
1384 1518 1516 1579 leges
1541 1517 1855 1578 privatorum,
1883 1521 2027 1561 XVIII

109 1593 248 1655 quasi
290 1593 504 1657 privatae
546 1596 689 1658 leges.
766 1597 895 1644 Nam
933 1596 1238 1661 privilegium
1272 1597 1389 1647 inde
1415 1597 1618 1657 dictum,
1647 1600 1784 1662 quod
1809 1597 1858 1646 in

109 1674 297 1738 privato
322 1677 515 1725 feratur.

246 1759 387 1819 Qvlo
415 1773 587 1807 POSSIT
614 1774 729 1807 LEX.
793 1761 970 1810 Omnis
995 1771 1160 1811 autem
1187 1764 1263 1811 lex
1287 1772 1371 1811 aut
1396 1762 1633 1826 permittit
1657 1762 1857 1826 aliquid,
1883 1769 1990 1807 XIX

37 1860 87 1888 20
110 1848 191 1887 ut:
257 1839 372 1887 ‘Vir
417 1840 553 1889 fortis
602 1850 736 1904 petat
784 1843 1088 1906 praemium,'
1113 1854 1198 1893 aut
1246 1854 1390 1904 vetat,
1433 1854 1515 1894 ut:
1574 1846 1858 1893 ‘Sacrarum

110 1919 350 1983 virginum
399 1921 595 1985 nuptias
643 1923 764 1971 nulli
812 1933 979 1986 petere
1022 1925 1196 1983 liceat‚'
1244 1935 1327 1974 aut
1375 1928 1531 1990 punit,
1583 1935 1665 1974 ut:
1730 1927 1858 1987 ‘Qui

110 2003 314 2050 caedem
362 2004 544 2062 fecerit,
595 2005 755 2067 capite
811 2006 1081 2066 plectatur.'
1154 2007 1273 2055 Eius
1327 2007 1459 2055 enim
1508 2008 1728 2071 praemio
1775 2016 1859 2055 aut

108 2099 270 2146 poena
294 2084 392 2132 vita
418 2085 698 2133 moderatur
722 2086 953 2134 humana.

124 2219 128 2222 ,
245 2167 435 2227 QVARE
484 2181 648 2215 FACTA
696 2182 787 2215 EST
837 2183 950 2216 LEX.
1026 2171 1206 2219 Factae
1254 2181 1367 2220 sunt
1415 2180 1581 2220 autem
1631 2173 1762 2235 leges
1805 2181 1857 2220 ut
1882 2181 1965 2221 XX

37 2268 83 2307 25
110 2263 276 2295 earum
325 2257 461 2297 metu
509 2250 725 2297 humana
775 2259 1057 2300 coerceatur
1103 2252 1325 2314 audacia,
1371 2262 1575 2316 tutaque
1625 2255 1685 2302 sit
1734 2255 1858 2302 inter

109 2328 344 2391 inprobos
406 2330 705 2392 innocentia,
748 2341 795 2381 et
844 2332 894 2380 in
942 2334 1059 2396 ipsis
1107 2334 1253 2398 inpiis
1301 2335 1566 2385 formidato
1615 2335 1857 2399 supplicio

107 2414 373 2462 refrenetur
396 2415 611 2462 nocendi
637 2415 856 2462 facultas.

112 2558 189 2637 cz}
217 2544 367 2648 appi?
391 2544 796 2650 ἷιωωῖἳέρᾶωζ]
812 2545 1203 2640 ἱῗῗΐαῗίῗῗᾝῖρη
1238 2616 1247 2625 ·
1282 2548 1854 2655 om²c¹35<pp³e2]f¹32’1¹²c³i¹31?23

108 2654 272 2704 placida
298 2653 335 2691 T
370 2613 397 2650 p
460 2667 481 2703 7
504 2653 588 2704 Aq.
608 2667 676 2704 qu.
703 2686 711 2694 .
735 2685 743 2694 .
765 2685 776 2695 .
800 2668 987 2706 nuncup.
1003 2655 1130 2696 Bern.
1147 2657 1269 2696 Rem.
1288 2671 1297 2696 t
1321 2658 1404 2708 Aq.
1421 2671 1491 2707 qu.
1507 2659 1621 2697 varia
1638 2688 1647 2697 .
1670 2689 1680 2698 .
1699 2690 1706 2698 .
1726 2661 1852 2708 persii

111 2720 177 2759 Iex
203 2710 295 2761 xvx)
325 2707 467 2747 TUV:
500 2709 571 2748 alii
592 2709 739 2761 (aliqui
765 2709 813 2761 C)
840 2723 907 2760 qu.
933 2711 1046 2749 caria
1066 2741 1075 2751 .
1101 2741 1112 2751 .
1135 2741 1145 2751 .
1169 2725 1236 2760 pe.
1265 2711 1376 2750 CKL
1398 2727 1406 2751 :
1441 2726 1524 2752 om.
1545 2712 1695 2751 ABlD
1716 2713 1849 2753 Mon.¹

107 2777 134 2813 9
163 2769 228 2803 est
249 2777 332 2803 om.
356 2762 395 2800 T
410 2766 510 2815 (non
537 2763 597 2816 U)
759 2778 807 2803 10
837 2771 880 2804 et
898 2778 967 2815 qu,
992 2779 1072 2806 om.
1096 2765 1216 2805 C1K:
1247 2773 1289 2806 et
1308 2780 1413 2816 quos
1429 2767 1554 2808 Bern.
1668 2781 1691 2806 a
1711 2781 1792 2807 om.
1811 2767 1852 2804 Β

113 2831 158 2857 11
191 2831 228 2858 u.
255 2824 297 2857 et
317 2823 461 2858 satura
480 2831 564 2858 scr.
588 2817 731 2857 BCT:
763 2832 803 2859 u.
827 2821 976 2859 traitur
998 2821 1064 2871 (ex
1082 2821 1236 2872 tratur)
1257 2822 1415 2872 scripta
1435 2821 1563 2862 Bern.
1704 2828 1747 2860 ut
1769 2852 1778 2862 .
1805 2853 1813 2861 .
1835 2853 1844 2862 .

110 2872 278 2912 novella
297 2886 379 2912 om.
400 2873 446 2911 K
463 2876 564 2922 (non
586 2873 677 2911 AD
695 2873 840 2927 Rern.)
978 2887 1024 2924 15
1058 2874 1154 2928 fuit]
1177 2882 1243 2914 est
1265 2875 1342 2915 CT
1357 2881 1404 2914 ut
1422 2876 1503 2916 vid.
1638 2889 1685 2925 17
1716 2876 1848 2926 quod]

107 2939 212 2976 quae
235 2926 285 2966 C1
408 2939 483 2966 xlx
505 2929 572 2978 (ef.
596 2927 648 2968 ΙΙ.
672 2940 711 2967 Χ.
738 2931 781 2977 4)
920 2942 969 2980 19
999 2930 1206 2980 premittit
1234 2929 1271 2968 T
1287 2932 1390 2981 (non
1417 2931 1471 2981 U)
1493 2946 1501 2970 ε
1531 2931 1737 2980 promittit
1757 2929 1855 2968 KM

106 2993 156 3019 21
189 2987 260 3021 aut
280 2981 396 3033 (ult.)
418 2982 602 3022 BCTU:
633 2988 676 3021 et
696 2981 793 3021 KM
953 2997 1005 3034 23
1036 2986 1284 3024 moderetur
1312 2985 1349 3022 T
1500 2999 1556 3024 xx
1579 2985 1644 3036 (gf.
1668 2985 1722 3024 ΙΙ.
1744 2997 1783 3024 x.
1805 2987 1849 3034 5)

107 3046 159 3085 25
184 3042 452 3076 coerceretur
467 3036 551 3075 BT
628 3037 823 3089 tutaque]
843 3043 1044 3089 tantaque
1064 3039 1098 3076 C
1102 3038 1160 3076 ¹K
1267 3043 1320 3078 26
1349 3041 1505 3090 probos
1522 3039 1614 3079 dett.
1702 3039 1850 3092 inpiis]

107 3090 299 3141 inprobis
320 3089 399 3129 BC
404 3090 441 3129 T
