2176 3424
426 137 1058 186 ETYMOLOGIARVM
1098 139 1225 185 LIB.
1266 139 1435 185 XVII.
1473 155 1501 186 v

96 263 369 313 Cerauniae
417 281 532 313 vero
579 268 716 328 quod
764 266 971 314 rubeant
1019 268 1151 315 velut
1200 266 1336 330 ignis.
1426 267 1620 316 Genera
1666 275 1833 315 autem
1854 266 1910 313 18

91 361 294 393 uvarum
333 362 459 408 quae
506 346 620 395 vino
667 349 948 396 deserviunt
995 347 1218 411 plurima.
1292 351 1365 396 Ex
1413 348 1594 411 quibus
1640 349 1835 396 aminea

90 427 236 487 dicta,
259 427 398 490 quasi
423 427 528 476 sine
554 428 732 488 mineo,
761 428 812 477 id
837 438 910 477 est
935 429 1040 478 sine
1064 431 1242 479 rubore
1262 448 1275 491 3
1310 431 1480 479 album
1506 429 1639 479 enim
1663 429 1834 478 vinum

91 509 265 558 reddit.
328 511 472 571 Quae
491 526 605 558 cum
627 510 688 559 sit
714 511 857 560 unius
877 511 1104 572 nominis,
1124 529 1225 561 non
1243 529 1392 560 unam
1413 512 1629 576 speciem
1646 512 1831 562 reddit:

43 614 64 653 5
88 590 311 641 amineae
359 593 487 641 duae
534 595 771 656 geminae,
823 594 886 642 ab
941 611 999 643 eo
1052 593 1213 643 dictae
1261 596 1397 657 quod
1445 594 1667 657 duplices
1714 611 1832 643 uvas

90 671 317 733 mittant,
367 673 562 722 aminea
587 676 762 734 lanata,
792 674 907 737 quia
943 677 1052 738 plus
1078 675 1310 725 omnibus
1344 675 1549 725 lanescit
1585 675 1831 740 lanugine.

90 754 386 803 Rubelliana
429 755 560 804 dicta
602 756 716 819 quia
755 756 859 805 eius
907 759 1110 806 materia
1157 758 1311 806 rubet.
1385 757 1616 806 Faecinia
1655 756 1833 806 minuti
1854 771 1914 817 19

87 835 215 884 acini
241 846 289 885 et
313 838 464 886 durae
489 837 613 886 cutis
651 855 767 886 uvas
794 839 943 888 habet
963 857 976 900 ;
1024 839 1281 888 nobilitate
1313 839 1560 888 amineam
1595 841 1827 902 sequitur,

88 918 389 967 fecunditate
419 918 681 982 praecedit.
756 921 920 981 Quam
955 921 1163 984 proinde
1192 920 1453 970 faeciniam
1484 930 1662 969 vocant
1691 923 1829 984 quod

16 1020 64 1048 10
87 1000 196 1062 plus
221 1017 369 1062 quam
390 1010 579 1049 ceterae
599 1003 759 1050 faeces
776 1004 957 1052 afferat.
1021 1003 1243 1066 Apianae
1267 1003 1435 1052 vinum
1458 1005 1604 1052 dulce
1619 1003 1805 1051 faciunt
1819 1022 1830 1065 3
1854 1019 1925 1053 20

86 1097 206 1142 quas
243 1081 335 1130 nisi
372 1083 470 1130 cito
507 1085 651 1146 legas,
687 1083 863 1146 pluviis
900 1094 948 1133 et
985 1085 1142 1134 ventis
1176 1095 1224 1134 et
1254 1087 1466 1134 maxime
1502 1085 1677 1148 apibus
1715 1085 1831 1135 infe-

86 1171 302 1224 stantur3
352 1180 557 1226 quarum
601 1166 986 1228 depraedatione
1026 1168 1232 1230 apianae
1273 1167 1651 1230 cognominatae
1699 1178 1827 1216 sunt.

87 1244 338 1294 Balanitae
379 1262 408 1293 a
444 1245 783 1309 magnitudine
820 1264 1006 1296 nomen
1042 1258 1357 1311 sumpserunt
1376 1267 1388 1309 3
1446 1251 1653 1312 βάλανοι
1693 1251 1825 1299 enim
1851 1268 1908 1303 21

83 1325 271 1375 Graece
295 1328 499 1390 glandes
525 1338 773 1377 vocantur.
837 1329 1097 1378 Bituricaa
1121 1330 1320 1394 regione
1336 1347 1521 1380 nomen
1547 1331 1717 1381 sortita
1735 1341 1822 1394 est,
1851 1357 1916 1392 22

5 1426 56 1466 -15
83 1407 300 1456 turbines
326 1417 374 1457 et
398 1409 586 1471 pluvias
613 1419 661 1458 et
686 1412 871 1460 calores
897 1411 1159 1461 fortissime
1185 1412 1445 1473 sustinens,
1467 1430 1560 1463 nec
1585 1413 1635 1462 in
1662 1431 1827 1462 macra

82 1498 207 1537 terra
231 1491 479 1539 deficiens.
556 1494 724 1541 Huius
750 1493 909 1542 meriti
934 1503 982 1542 et
1011 1491 1287 1560 basili[s]ca
1312 1505 1400 1544 est.
1470 1495 1652 1560 Argitis
1677 1496 1826 1545 Grae·
1848 1509 1912 1555 23

81 1573 190 1620 cula
222 1572 346 1631 vitis,
372 1575 561 1635 generis
598 1574 713 1632 albi,
739 1575 919 1636 fertilis,
947 1586 1135 1625 vastam
1173 1577 1427 1626 materiam
1461 1587 1509 1626 et
1539 1579 1739 1627 brevem
1777 1588 1826 1628 et

79 1654 231 1701 latum
256 1653 428 1702 folium
449 1655 662 1716 mittens,
685 1656 822 1705 cuius
843 1659 1053 1706 fructum
1074 1658 1166 1707 nisi
1185 1661 1345 1722 primo
1366 1669 1588 1723 tempore
1608 1660 1823 1723 colligas,

80 1743 163 1782 aut
188 1737 251 1783 ad
286 1745 460 1784 terram
492 1737 677 1786 decidit
710 1748 794 1786 aut
827 1740 1035 1788 humore
1066 1741 1312 1803 putrescit.
1389 1741 1654 1790 Inerticula
1687 1741 1823 1805 nigra
1847 1762 1912 1809 24

17 1835 57 1862 ιο
80 1825 166 1875 est,
194 1833 341 1879 quam
370 1818 544 1867 Graeci
569 1820 849 1870 amaracion
883 1831 1075 1880 vocant,
1105 1822 1224 1870 boni
1258 1822 1357 1871 vini
1390 1832 1438 1872 et
1463 1825 1581 1872 levis
1602 1843 1615 1885 3
1656 1841 1686 1872 a
1722 1841 1821 1887 quo

78 1899 225 1946 etiam
259 1915 444 1948 nomen
479 1900 636 1961 traxit,
665 1903 801 1964 quod
838 1902 966 1952 iners
1003 1905 1053 1951 in
1092 1904 1340 1953 tentandis
1372 1904 1532 1953 nervis
1566 1905 1819 1967 habeatur,

77 1980 300 2042 quamvis
332 1991 477 2043 gustu
507 1999 610 2031 non
646 1985 707 2031 sit
740 1983 908 2032 hebes.
984 1985 1287 2034 Mareoticae
1316 2003 1345 2034 a
1378 1985 1576 2049 regione
1610 1988 1822 2052 Aegypti
1844 2008 1907 2057 25

78 2061 313 2111 Mareotis
339 2062 513 2122 dictae,
543 2066 677 2113 unde
715 2064 848 2128 prius
887 2077 1160 2128 venerunt3
1213 2077 1326 2117 sunt
1359 2068 1494 2118 enim
1526 2079 1573 2117 et
1606 2070 1748 2119 albae
1774 2081 1823 2120 et

76 2142 256 2206 nigrae.
331 2146 589 2204 Helvolae,
629 2163 751 2209 quas
785 2147 987 2210 quidam
1023 2148 1177 2197 varias
1214 2152 1480 2214 appellant,
1514 2168 1676 2215 neque
1714 2170 1821 2216 pur·
1844 2159 1913 2205 26

134 2285 150 2310 1
186 2273 415 2312 Generatio
436 2273 482 2311 K
674 2289 700 2325 3
728 2276 870 2327 quasi]
893 2291 1001 2327 quae
1021 2277 1067 2315 K
1204 2280 1330 2318 minio
1351 2279 1441 2319 KT
1580 2282 1621 2321 id
1642 2288 1706 2321 est
1726 2284 1818 2322 sine

74 2339 156 2365 om.
186 2325 305 2377 T(cf.
325 2327 423 2367 XX.
448 2341 510 2369 111.
532 2331 578 2379 5)
734 2346 756 2379 4
789 2333 939 2370 reddet
958 2331 1047 2370 KT
1170 2335 1319 2373 reddet
1339 2334 1429 2372 KT
1565 2347 1589 2385 5
1619 2338 1760 2376 amine
1788 2338 1825 2377 T

75 2381 158 2419 duo
179 2381 288 2422 codd.
314 2383 439 2434 (duae
459 2383 503 2421 D
522 2388 615 2423 ante
633 2386 755 2435 corr.)
940 2388 966 2424 6
995 2388 1167 2426 mittunt
1187 2389 1231 2427 D
1369 2390 1508 2429 lanata
1532 2391 1693 2432 Colum.
1710 2406 1749 2442 3,
1765 2407 1789 2431 2
1808 2409 1817 2433 ε

73 2435 211 2474 laiana
239 2435 299 2475 T:
328 2437 479 2486 lagana
498 2437 568 2477 K:
598 2440 763 2478 laciana
783 2440 826 2478 D
990 2442 1086 2491 quia
1105 2456 1154 2481 ex
1171 2445 1282 2493 quod
1302 2443 1349 2480 K
1520 2446 1758 2485 hominibus
1775 2448 1818 2485 D

75 2502 96 2538 7
129 2490 352 2530 Rubiliana
370 2492 479 2533 codd.
688 2496 841 2534 rubent
860 2495 906 2534 K
1118 2498 1150 2536 F
1152 2497 1298 2538 ecinea
1325 2498 1362 2536 T
1579 2503 1605 2539 8
1637 2502 1758 2540 aeine
1785 2501 1823 2540 T

72 2544 332 2585 nobilitatem
353 2545 442 2584 ΚΤ
549 2549 702 2587 aminia
720 2548 767 2587 K
942 2564 969 2600 9
998 2551 1177 2590 fecinam
1207 2553 1265 2592 T:
1295 2553 1501 2593 fecineam
1525 2555 1594 2607 (ex
1612 2556 1709 2595 -iam
1724 2559 1757 2609 ἓ)
1774 2557 1818 2595 D

76 2611 125 2638 10
153 2600 330 2639 afferant
348 2600 392 2638 D
555 2603 718 2642 dulcem
739 2603 850 2644 codd.
1064 2619 1109 2644 11
1142 2608 1277 2657 pulvis
1295 2607 1340 2645 D
1506 2615 1621 2649 vent.
1643 2624 1754 2652 max.
1786 2611 1823 2650 T

76 2666 123 2691 12
153 2656 392 2694 nominatae
414 2655 482 2695 K:
514 2659 797 2706 cognominati
818 2659 862 2697 D
882 2673 931 2698 ex
947 2673 1048 2700 corr.
1180 2674 1227 2711 13
1258 2664 1377 2715 βαλ.]
1399 2664 1581 2703 balanen
1603 2664 1672 2704 K:
1702 2666 1811 2705 bala-

70 2707 143 2746 nin
165 2708 254 2747 DT
463 2725 510 2759 14
540 2714 702 2761 grande
723 2713 836 2754 codd.
1024 2721 1199 2755 vocatur
1217 2716 1306 2755 KT
1490 2719 1706 2759 Bituricae
1726 2718 1811 2758 DK

75 2764 123 2800 16
152 2763 366 2803 basilicum
388 2765 453 2805 K:
485 2767 679 2806 basilisca
699 2767 784 2806 DT
898 2783 944 2820 17
976 2771 1156 2822 vastam]
1178 2771 1329 2811 Visula
1343 2771 1468 2812 Arev.
1488 2788 1537 2813 ex
1551 2774 1711 2814 Colum.
1730 2788 1769 2824 3,
1785 2789 1809 2813 2

71 2829 124 2855 20
151 2820 387 2858 amarazion
409 2819 455 2857 K
470 2834 478 2859 :
508 2822 725 2861 amarcion
742 2822 907 2864 Colum.
932 2823 1044 2864 codd.
1060 2837 1098 2874 3,
1116 2838 1164 2865 2:
1193 2827 1407 2876 amargion
1429 2827 1610 2867 Vollmer
1626 2829 1668 2867 in
1700 2829 1810 2868 Thes.

70 2871 192 2923 Ling.
214 2872 309 2913 Lat.
467 2875 572 2927 vini]
594 2876 635 2914 vi
656 2876 700 2914 D
901 2892 950 2917 21
985 2880 1157 2918 nomina
1185 2879 1223 2918 T
1371 2883 1526 2922 inaeris
1547 2884 1591 2922 D
1735 2884 1811 2936 in]

71 2938 171 2964 usus
190 2926 236 2964 K
381 2931 625 2980 temptantis
645 2931 689 2969 D
709 2936 802 2971 ante
816 2946 916 2972 corr.
1114 2948 1165 2973 22
1195 2949 1281 2974 non
1303 2936 1356 2976 sit
1376 2950 1458 2976 om.
1485 2936 1522 2974 T
1667 2937 1759 2977 evis
1772 2937 1814 2977 K

70 2993 122 3030 23
150 2987 249 3020 sunt
268 2995 332 3022 en.
358 2983 410 3022 al.
440 2983 477 3022 T
580 2999 632 3035 24
664 2985 808 3026 Elbole
832 2987 944 3027 DT:
980 2987 1154 3028 Elbulae
1174 2989 1220 3028 K
1327 2992 1495 3042 quidem
1517 2992 1561 3031 D

124 3119 225 3156 1182
247 3129 279 3156 11
918 3141 950 3182 Q
