2176 3424
1060 126 1332 174 ISIDORI

314 255 577 302 referentes
612 256 707 303 hoc
743 257 807 303 ad
845 271 1043 303 cursum
1081 265 1271 317 septem
1307 257 1571 316 stellarum,
1611 256 1791 319 quibus
1829 259 2070 307 mundum

315 334 414 398 regi
439 335 626 394 dicunt,
655 335 756 384 sive
780 338 845 385 ad
862 352 1063 384 cursum
1085 346 1274 398 septem
1300 336 1492 386 dierum
1517 340 1864 400 praesentium,
1892 339 2072 402 quibus

315 415 524 479 peractis
550 416 678 465 vitae
715 419 953 466 terminus
984 428 1390 479 consummatur;
1439 436 1648 482 quorum
1684 421 1793 468 finis
1828 430 1900 469 est
1925 430 2068 480 creta,

314 497 366 546 id
392 507 466 546 est
490 497 742 547 iudicium.

55 588 291 627 XXXVIII
453 581 535 627 DE
584 594 873 636 EQvlTIBvs.
963 584 1116 630 Porro
1168 581 1358 644 equites
1406 581 1673 645 singulares
1720 584 1835 632 ideo
1883 601 2073 633 currere
2098 599 2120 638 5

315 660 488 709 dicunt
514 660 630 723 quia
656 661 961 724 singulariter
987 662 1330 726 unusquisque
1350 681 1546 713 cursum
1566 665 1694 714 vitae
1719 665 1863 714 huius
1888 669 2073 729 peragit

313 752 462 805 atque
483 743 667 803 transit,
690 743 813 791 alius
839 744 936 792 alio
957 754 1179 807 tempore
1205 762 1418 808 sequens
1442 747 1608 806 alium,
1631 764 1717 809 per
1737 764 1886 795 unam
1906 757 2071 796 tamen

313 826 442 872 viam
470 824 779 873 mortalitatis
805 842 962 887 usque
987 828 1051 874 ad
1073 826 1319 889 propriam
1346 836 1530 876 metam
1558 828 1742 876 mortis.

94 913 292 952 XXXIX
453 908 537 954 DE
556 921 958 956 DESVLTORIBVS.
1033 910 1321 958 Desultores
1347 909 1588 958 nominati
1609 912 1746 972 quod
1772 910 1904 970 olim,
1928 920 2071 973 prout

315 988 526 1051 quisque
555 990 620 1037 ad
646 991 795 1038 finem
834 1006 1004 1038 cursus
1041 1000 1255 1050 venerat,
1285 990 1544 1040 desiliebat
1578 1001 1625 1040 et
1651 993 1910 1053 currebat3
1969 991 2070 1041 sive
2094 1007 2144 1034 10

315 1072 452 1132 quod
479 1072 542 1119 de
568 1087 698 1133 equo
725 1070 775 1118 in
800 1088 986 1134 equum
1012 1072 1330 1121 transiliebat.

214 1155 291 1193 XL
454 1154 538 1200 DE
565 1167 852 1201 PEDITlssvs.
906 1152 1104 1202 Pedites
1119 1163 1286 1202 autem
1306 1153 1444 1202 aiunt
1461 1164 1718 1217 propterea
1733 1158 1861 1219 pede
1880 1173 2070 1205 currere

315 1233 430 1296 quia
456 1233 668 1297 pedibus
689 1234 895 1283 curritur
921 1235 1218 1284 mortalitati.
1293 1236 1375 1285 Ob
1396 1237 1491 1284 hoc
1510 1253 1539 1285 a
1558 1237 1793 1300 superiori
1813 1246 1949 1301 parte
1969 1254 2071 1286 cur-

315 1326 427 1364 runt
453 1318 516 1365 ad
537 1316 779 1376 inferiora,
803 1316 853 1365 id
879 1326 951 1366 est
977 1318 1040 1366 ab
1062 1317 1250 1366 oriente
1275 1319 1339 1366 ad
1360 1317 1688 1379 occidentem,
1707 1319 1822 1382 quia
1838 1321 2067 1368 mortales

315 1400 536 1446 oriuntur
561 1409 609 1447 et
635 1398 886 1448 occidunt.
961 1399 1098 1448 Nudi
1124 1409 1338 1459 currunt,
1367 1399 1482 1462 quia
1507 1409 1554 1448 et
1579 1400 1769 1449 homini
1795 1401 1845 1449 in
1870 1403 2067 1450 saeculo
2093 1421 2141 1461 15

314 1482 478 1528 nullae
498 1479 732 1542 reliquiae
759 1489 885 1528 sunt.
959 1483 1120 1530 Recto
1146 1480 1305 1544 spatio
1321 1492 1534 1541 currunt,
1559 1482 1674 1545 quia
1698 1482 1824 1531 inter
1843 1482 1991 1531 vitam
2018 1492 2065 1532 et

315 1572 522 1611 mortem
571 1561 694 1609 nihil
736 1561 898 1610 distat.
968 1564 1066 1611 Sed
1114 1564 1236 1611 haec
1284 1562 1428 1626 igitur
1475 1573 1733 1627 propterea
1780 1566 1971 1628 fingunt
2013 1573 2066 1612 ut

313 1643 554 1692 vanitates
579 1660 691 1692 suas
717 1652 765 1692 et
791 1643 1042 1707 sacrilegia
1068 1660 1299 1693 excusare
1324 1654 1578 1694 conentur.

189 1732 289 1771 XLI
452 1727 535 1773 DE
571 1740 858 1774 COLORIBVS
896 1740 1163 1782 EQVORVM.
1239 1726 1382 1776 Circa
1417 1744 1588 1776 causas
1626 1745 1825 1790 quoque
1855 1731 2065 1777 elemen-

312 1818 474 1856 torum
502 1808 634 1857 idem
672 1807 877 1871 gentiles
903 1809 1051 1856 etiam
1079 1810 1268 1857 colores
1294 1825 1534 1871 equorum
1569 1810 1843 1870 iunxerunt,
1871 1827 2064 1860 russeos
2090 1827 2142 1855 20

311 1890 443 1938 enim
480 1890 581 1949 soli,
610 1889 660 1939 id
694 1898 767 1938 est
801 1889 915 1952 igni,
943 1890 1083 1938 albos
1109 1891 1221 1948 aeri,
1254 1890 1476 1953 prasinos
1510 1901 1678 1951 terrae,
1706 1901 1908 1940 venetos
1943 1895 2062 1941 mari

310 1971 661 2021 adsimilantes.
738 1973 865 2020 Item
909 1988 1102 2020 russeos
1150 1972 1322 2021 aestati
1371 1990 1562 2022 currere
1609 1975 1881 2033 voluerunt,
1927 1977 2062 2038 quod

311 2053 438 2117 ignei
465 2054 642 2103 coloris
668 2053 778 2109 sint,
805 2064 853 2103 et
879 2063 1058 2102 cuncta
1083 2063 1201 2102 tunc
1222 2056 1500 2104 flavescant.
1562 2056 1718 2105 Albos
1739 2055 1903 2116 hiemi,
1926 2059 2062 2120 quod

310 2136 370 2184 sit
411 2136 642 2199 glacialis,
685 2147 732 2184 et
771 2135 1031 2199 frigoribus
1071 2135 1295 2185 universa
1336 2147 1614 2186 canescant.
1685 2137 1801 2186 Veri
1841 2138 2062 2200 prasinos

256 2225 286 2259 2
308 2216 448 2266 viridi
497 2220 676 2275 colore,
727 2217 842 2280 quia
890 2228 1008 2266 tunc
1055 2217 1318 2280 pampinus
1366 2220 1611 2267 densatur.
1692 2221 1820 2268 Item
1868 2237 2061 2270 russeos
2087 2236 2136 2279 25

306 2315 499 2348 currere
538 2298 686 2347 Marti
725 2308 1051 2356 sacraverunt,
1082 2316 1110 2347 a
1147 2316 1247 2362 quo
1283 2299 1499 2348 Romani
1533 2299 1829 2361 exoriuntur,
1865 2310 1913 2350 et
1946 2302 2060 2365 quia

303 2380 478 2429 vexilla
506 2383 850 2430 Romanorum
876 2397 1030 2429 cocco
1055 2382 1351 2430 decorantur
1374 2400 1386 2442 ;
1429 2381 1529 2430 sive
1555 2383 1691 2444 quod
1719 2385 1854 2431 Mars
1878 2385 2060 2446 gaudet

357 2525 382 2561 3
413 2511 638 2551 terminum
668 2510 706 2548 T
919 2511 1117 2563 quorum]
1141 2511 1260 2551 cuius
1281 2511 1321 2549 Β
1551 2517 1665 2550 creta
1684 2511 1743 2552 C:
1774 2518 1887 2552 certa
1915 2513 2035 2552 TUV
2050 2529 2059 2554 ε

302 2573 419 2606 ercta
439 2566 609 2615 BF(cm
633 2571 727 2604 recte
739 2567 791 2617 2>z
822 2571 963 2605 erctus
987 2567 1116 2618 (aen)
1139 2566 1268 2605 KNP
1416 2577 1440 2615 5
1473 2567 1639 2616 equites
1659 2580 1743 2607 om.
1768 2567 1803 2606 C
1941 2571 1968 2606 6
1997 2569 2058 2606 di-

303 2627 458 2661 cuntur
478 2622 524 2659 K
651 2627 825 2670 peragat
853 2621 891 2659 T
906 2624 981 2669 (an
1005 2625 1098 2659 recte
1112 2623 1144 2671 2)
1284 2634 1333 2659 10
1363 2620 1580 2660 desilierat
1603 2620 1647 2658 K
1782 2634 1826 2659 11
1860 2621 1932 2672 de]
1955 2622 1997 2660 in
2026 2623 2063 2660 T

304 2679 346 2715 in
371 2689 479 2726 equo
497 2675 543 2713 K
692 2688 738 2713 12
772 2675 910 2714 Pedes
932 2675 984 2713 Cl
1132 2689 1198 2725 pe.
1221 2688 1473 2714 concurrere
1495 2675 1531 2714 C
1681 2689 1727 2725 13
1759 2677 1992 2715 mortalitas
2011 2676 2057 2714 K

309 2745 355 2780 14
387 2732 430 2769 in
452 2743 540 2769 oce.
569 2729 606 2767 T
797 2732 845 2768 16
876 2730 1024 2780 reliqui
1048 2735 1096 2768 ut
1112 2730 1191 2770 vid.
1218 2729 1260 2767 Β
1371 2743 1474 2770 mor.
1498 2736 1540 2768 et
1560 2731 1613 2770 vi.
1644 2730 1683 2770 T
1873 2743 1918 2780 17
1952 2732 2055 2770 haec

308 2785 405 2825 CT:
437 2786 517 2824 hoc
537 2783 645 2822 BlK
753 2797 805 2822 20
833 2784 946 2836 idem
971 2815 979 2824 .
1002 2815 1011 2824 .
1032 2813 1043 2823 .
1067 2785 1214 2823 adsim.
1238 2797 1318 2824 om.
1345 2783 1473 2823 KNP
1493 2786 1594 2836 (non
1613 2783 1792 2835 DEFU)
1906 2797 2055 2824 roseos

306 2839 416 2880 codd.
656 2851 709 2877 22
738 2839 838 2877 item
859 2838 1063 2877 BCDEF
1067 2838 1147 2877 TU
1160 2853 1169 2878 :
1197 2839 1292 2878 ideo
1314 2838 1401 2876 KP
1604 2852 1771 2878 rosseus
1789 2839 1846 2878 Pl
1866 2854 1876 2878 t
1905 2853 2054 2878 roseos

306 2894 510 2933 BCDEF
513 2893 594 2932 TU
750 2893 924 2945 aestati]
949 2894 1089 2932 statim
1111 2893 1158 2931 K
1175 2894 1280 2945 (non
1305 2893 1429 2933 DEF
1430 2893 1472 2932 U
1475 2895 1489 2946 )
1615 2905 1667 2942 23
1698 2894 1802 2945 sint]
1823 2899 1888 2932 est
1908 2893 2056 2946 (delet.)

307 2955 406 2988 sunt
429 2948 464 2987 C
610 2948 706 2988 albo
733 2946 771 2984 T
914 2949 1052 2987 hieme
1072 2949 1118 2986 K
1336 2961 1389 2997 24
1421 2948 1507 2987 sint
1527 2947 1729 2997 glaciales
1743 2946 1790 2985 K
1955 2962 2055 2987 vere

305 3003 352 3041 K
373 3006 474 3054 (non
495 3003 636 3052 DEF)
787 3003 982 3051 presinos
1010 3002 1048 3040 T
1224 3014 1291 3052 25
1320 3001 1438 3054 quia]
1462 3003 1575 3052 quod
1598 3001 1633 3040 C
1777 3015 1923 3041 roseos
1941 3001 2020 3041 BC
2024 3001 2062 3041 T

305 3059 359 3095 26
388 3059 547 3096 curreri
570 3057 606 3097 C
713 3070 762 3106 27
794 3057 936 3095 vixilla
959 3056 1056 3096 C1K
