<?xml version="1.0" encoding="UTF-8"?>
<!DOCTYPE html PUBLIC "-//W3C//DTD XHTML 1.0 Transitional//EN"
    "http://www.w3.org/TR/xhtml1/DTD/xhtml1-transitional.dtd">
<html xmlns="http://www.w3.org/1999/xhtml" xml:lang="en" lang="en">
 <head>
  <title>
</title>
<meta http-equiv="Content-Type" content="text/html;charset=utf-8" />
  <meta name='ocr-system' content='tesseract 3.04.00' />
  <meta name='ocr-capabilities' content='ocr_page ocr_carea ocr_par ocr_line ocrx_word'/>
</head>
<body>
  <div class='ocr_page' id='page_1' title='image "./isidori01isiduoft/isidori01isiduoft_0489.png"; bbox 0 0 2176 3424; ppageno 0'>
   <div class='ocr_carea' id='block_1_1' title="bbox 447 138 1495 192">
    <p class='ocr_par' dir='ltr' id='par_1_1' title="bbox 447 138 1495 192">
     <span class='ocr_line' id='line_1_1' title="bbox 447 138 1495 192; baseline -0.007 0"><span class='ocrx_word' id='word_1_1' title='bbox 447 141 1077 192; x_wconf 82' lang='lat' dir='ltr'><strong>ETYMOLOGIARVM</strong></span> <span class='ocrx_word' id='word_1_2' title='bbox 1120 140 1249 187; x_wconf 84' lang='lat' dir='ltr'><strong>LIB.</strong></span> <span class='ocrx_word' id='word_1_3' title='bbox 1290 140 1407 186; x_wconf 88' lang='lat' dir='ltr'>XII.</span> <span class='ocrx_word' id='word_1_4' title='bbox 1450 138 1495 185; x_wconf 83' lang='lat' dir='ltr'><strong>iv</strong></span> 
     </span>
    </p>
   </div>
   <div class='ocr_carea' id='block_1_2' title="bbox 0 264 1927 2390">
    <p class='ocr_par' dir='ltr' id='par_1_2' title="bbox 0 264 1927 2390">
     <span class='ocr_line' id='line_1_2' title="bbox 94 264 1836 334; baseline -0.008 -8"><span class='ocrx_word' id='word_1_5' title='bbox 94 287 254 326; x_wconf 91' lang='lat' dir='ltr'><strong>torum</strong></span> <span class='ocrx_word' id='word_1_6' title='bbox 281 284 329 324; x_wconf 93' lang='lat' dir='ltr'><strong>et</strong></span> <span class='ocrx_word' id='word_1_7' title='bbox 359 274 581 333; x_wconf 85' lang='lat' dir='ltr'>bubalos,</span> <span class='ocrx_word' id='word_1_8' title='bbox 618 282 666 321; x_wconf 91' lang='lat' dir='ltr'><strong>et</strong></span> <span class='ocrx_word' id='word_1_9' title='bbox 696 272 906 334; x_wconf 90' lang='lat' dir='ltr'><strong>plurimo</strong></span> <span class='ocrx_word' id='word_1_10' title='bbox 940 271 1066 317; x_wconf 89' lang='lat' dir='ltr'><strong>lacte</strong></span> <span class='ocrx_word' id='word_1_11' title='bbox 1100 267 1246 331; x_wconf 84' lang='lat' dir='ltr'><strong>riguis</strong></span> <span class='ocrx_word' id='word_1_12' title='bbox 1281 283 1332 316; x_wconf 90' lang='lat' dir='ltr'><strong>se</strong></span> <span class='ocrx_word' id='word_1_13' title='bbox 1366 266 1599 314; x_wconf 84' lang='lat' dir='ltr'>uberibus</span> <span class='ocrx_word' id='word_1_14' title='bbox 1631 264 1836 313; x_wconf 87' lang='lat' dir='ltr'>innectit</span> 
     </span>
     <span class='ocr_line' id='line_1_3' title="bbox 93 346 1832 421; baseline -0.007 -14"><span class='ocrx_word' id='word_1_15' title='bbox 93 367 140 407; x_wconf 90' lang='lat' dir='ltr'><strong>et</strong></span> <span class='ocrx_word' id='word_1_16' title='bbox 176 373 353 421; x_wconf 86' lang='lat' dir='ltr'><strong>sugens</strong></span> <span class='ocrx_word' id='word_1_17' title='bbox 402 355 648 412; x_wconf 86' lang='lat' dir='ltr'><strong>interimit,</strong></span> <span class='ocrx_word' id='word_1_18' title='bbox 687 362 836 416; x_wconf 93' lang='lat' dir='ltr'><strong>atque</strong></span> <span class='ocrx_word' id='word_1_19' title='bbox 872 352 989 400; x_wconf 93' lang='lat' dir='ltr'><strong>inde</strong></span> <span class='ocrx_word' id='word_1_20' title='bbox 1024 367 1053 399; x_wconf 91' lang='lat' dir='ltr'><strong>a</strong></span> <span class='ocrx_word' id='word_1_21' title='bbox 1088 350 1243 398; x_wconf 90' lang='lat' dir='ltr'><strong>boum</strong></span> <span class='ocrx_word' id='word_1_22' title='bbox 1287 346 1675 413; x_wconf 83' lang='lat' dir='ltr'><strong>depopulatione</strong></span> <span class='ocrx_word' id='word_1_23' title='bbox 1711 348 1832 396; x_wconf 90' lang='lat' dir='ltr'><strong>boas</strong></span> 
     </span>
     <span class='ocr_line' id='line_1_4' title="bbox 91 430 1927 501; baseline -0.008 -12"><span class='ocrx_word' id='word_1_24' title='bbox 91 457 276 490; x_wconf 91' lang='lat' dir='ltr'><strong>nomen</strong></span> <span class='ocrx_word' id='word_1_25' title='bbox 310 437 515 501; x_wconf 85' lang='lat' dir='ltr'><strong>accepit.</strong></span> <span class='ocrx_word' id='word_1_26' title='bbox 604 437 801 485; x_wconf 89' lang='lat' dir='ltr'><strong>Iaculus</strong></span> <span class='ocrx_word' id='word_1_27' title='bbox 838 450 1037 497; x_wconf 90' lang='lat' dir='ltr'><strong>serpens</strong></span> <span class='ocrx_word' id='word_1_28' title='bbox 1074 434 1258 482; x_wconf 89' lang='lat' dir='ltr'><strong>volans.</strong></span> <span class='ocrx_word' id='word_1_29' title='bbox 1349 433 1428 480; x_wconf 89' lang='lat' dir='ltr'><strong>De</strong></span> <span class='ocrx_word' id='word_1_30' title='bbox 1464 447 1564 493; x_wconf 92' lang='lat' dir='ltr'><strong>quo</strong></span> <span class='ocrx_word' id='word_1_31' title='bbox 1602 430 1833 479; x_wconf 89' lang='lat' dir='ltr'><strong>Lucanus</strong></span> <span class='ocrx_word' id='word_1_32' title='bbox 1856 440 1927 488; x_wconf 87' lang='lat'><strong>29</strong></span> 
     </span>
     <span class='ocr_line' id='line_1_5' title="bbox 90 519 362 586; baseline 0 0"><span class='ocrx_word' id='word_1_33' title='bbox 90 521 155 586; x_wconf 71' lang='lat'><strong>(9,</strong></span> <span class='ocrx_word' id='word_1_34' title='bbox 189 519 362 586; x_wconf 71' lang='lat'>720)=&#39;</span> 
     </span>
     <span class='ocr_line' id='line_1_6' title="bbox 44 597 1219 671; baseline -0.005 -21"><span class='ocrx_word' id='word_1_35' title='bbox 44 631 66 671; x_wconf 82' lang='lat'>5</span> <span class='ocrx_word' id='word_1_36' title='bbox 694 597 948 660; x_wconf 87' lang='lat' dir='ltr'><strong>Iaculique</strong></span> <span class='ocrx_word' id='word_1_37' title='bbox 984 599 1219 646; x_wconf 88' lang='lat' dir='ltr'><strong>volucres.</strong></span> 
     </span>
     <span class='ocr_line' id='line_1_7' title="bbox 88 675 1832 741; baseline -0.006 -8"><span class='ocrx_word' id='word_1_38' title='bbox 88 683 309 733; x_wconf 88' lang='lat' dir='ltr'><strong>Exiliunt</strong></span> <span class='ocrx_word' id='word_1_39' title='bbox 343 682 475 732; x_wconf 91' lang='lat' dir='ltr'><strong>enim</strong></span> <span class='ocrx_word' id='word_1_40' title='bbox 516 683 567 730; x_wconf 93' lang='lat' dir='ltr'><strong>in</strong></span> <span class='ocrx_word' id='word_1_41' title='bbox 605 679 875 738; x_wconf 83' lang='lat' dir='ltr'><strong>arboribus,</strong></span> <span class='ocrx_word' id='word_1_42' title='bbox 913 688 960 727; x_wconf 92' lang='lat' dir='ltr'><strong>et</strong></span> <span class='ocrx_word' id='word_1_43' title='bbox 1004 680 1126 727; x_wconf 90' lang='lat' dir='ltr'><strong>dum</strong></span> <span class='ocrx_word' id='word_1_44' title='bbox 1163 678 1368 741; x_wconf 84' lang='lat' dir='ltr'><strong>aliquod</strong></span> <span class='ocrx_word' id='word_1_45' title='bbox 1408 675 1591 725; x_wconf 89' lang='lat' dir='ltr'><strong>animal</strong></span> <span class='ocrx_word' id='word_1_46' title='bbox 1630 675 1832 725; x_wconf 91' lang='lat' dir='ltr'><strong>obvium</strong></span> 
     </span>
     <span class='ocr_line' id='line_1_8' title="bbox 88 757 1833 827; baseline -0.006 -12"><span class='ocrx_word' id='word_1_47' title='bbox 88 766 242 827; x_wconf 88' lang='lat' dir='ltr'><strong>fuerit,</strong></span> <span class='ocrx_word' id='word_1_48' title='bbox 271 766 453 814; x_wconf 86' lang='lat' dir='ltr'><strong>iactant</strong></span> <span class='ocrx_word' id='word_1_49' title='bbox 489 780 541 812; x_wconf 92' lang='lat' dir='ltr'><strong>se</strong></span> <span class='ocrx_word' id='word_1_50' title='bbox 572 779 717 825; x_wconf 88' lang='lat' dir='ltr'><strong>super</strong></span> <span class='ocrx_word' id='word_1_51' title='bbox 746 778 860 811; x_wconf 91' lang='lat' dir='ltr'><strong>eum</strong></span> <span class='ocrx_word' id='word_1_52' title='bbox 895 770 943 809; x_wconf 90' lang='lat' dir='ltr'><strong>et</strong></span> <span class='ocrx_word' id='word_1_53' title='bbox 979 762 1227 824; x_wconf 90' lang='lat' dir='ltr'><strong>perimunt</strong></span> <span class='ocrx_word' id='word_1_54' title='bbox 1244 778 1257 821; x_wconf 79' lang='lat'><em>3</em></span> <span class='ocrx_word' id='word_1_55' title='bbox 1294 761 1429 808; x_wconf 91' lang='lat' dir='ltr'><strong>unde</strong></span> <span class='ocrx_word' id='word_1_56' title='bbox 1459 768 1507 807; x_wconf 91' lang='lat' dir='ltr'><strong>et</strong></span> <span class='ocrx_word' id='word_1_57' title='bbox 1539 758 1683 806; x_wconf 85' lang='lat' dir='ltr'><strong>iaculi</strong></span> <span class='ocrx_word' id='word_1_58' title='bbox 1714 757 1833 806; x_wconf 88' lang='lat' dir='ltr'><strong>dicti</strong></span> 
     </span>
     <span class='ocr_line' id='line_1_9' title="bbox 87 839 1832 906; baseline -0.005 -9"><span class='ocrx_word' id='word_1_59' title='bbox 87 858 212 897; x_wconf 89' lang='lat' dir='ltr'><strong>sunt.</strong></span> <span class='ocrx_word' id='word_1_60' title='bbox 288 850 350 896; x_wconf 93' lang='lat' dir='ltr'><strong>In</strong></span> <span class='ocrx_word' id='word_1_61' title='bbox 373 845 557 895; x_wconf 89' lang='lat' dir='ltr'><strong>Arabia</strong></span> <span class='ocrx_word' id='word_1_62' title='bbox 581 853 746 893; x_wconf 91' lang='lat' dir='ltr'><strong>autem</strong></span> <span class='ocrx_word' id='word_1_63' title='bbox 779 853 892 892; x_wconf 86' lang='lat' dir='ltr'><strong>sunt</strong></span> <span class='ocrx_word' id='word_1_64' title='bbox 924 851 1176 906; x_wconf 88' lang='lat' dir='ltr'><strong>serpentes</strong></span> <span class='ocrx_word' id='word_1_65' title='bbox 1207 859 1322 890; x_wconf 84' lang='lat' dir='ltr'><strong>cum</strong></span> <span class='ocrx_word' id='word_1_66' title='bbox 1352 841 1454 900; x_wconf 88' lang='lat' dir='ltr'><strong>alis,</strong></span> <span class='ocrx_word' id='word_1_67' title='bbox 1484 857 1611 903; x_wconf 92' lang='lat' dir='ltr'><strong>quae</strong></span> <span class='ocrx_word' id='word_1_68' title='bbox 1643 839 1832 889; x_wconf 87' lang='lat' dir='ltr'><strong>sirenae</strong></span> 
     </span>
     <span class='ocr_line' id='line_1_10' title="bbox 86 921 1833 992; baseline -0.006 -12"><span class='ocrx_word' id='word_1_69' title='bbox 86 939 336 988; x_wconf 89' lang='lat' dir='ltr'><strong>vocantur,</strong></span> <span class='ocrx_word' id='word_1_70' title='bbox 365 945 490 992; x_wconf 93' lang='lat' dir='ltr'><strong>quae</strong></span> <span class='ocrx_word' id='word_1_71' title='bbox 516 929 625 990; x_wconf 91' lang='lat' dir='ltr'><strong>plus</strong></span> <span class='ocrx_word' id='word_1_72' title='bbox 651 935 851 974; x_wconf 86' lang='lat' dir='ltr'><strong>currunt</strong></span> <span class='ocrx_word' id='word_1_73' title='bbox 870 926 932 974; x_wconf 89' lang='lat' dir='ltr'><strong>ab</strong></span> <span class='ocrx_word' id='word_1_74' title='bbox 960 924 1112 988; x_wconf 89' lang='lat' dir='ltr'><strong>equis,</strong></span> <span class='ocrx_word' id='word_1_75' title='bbox 1136 926 1224 974; x_wconf 90' lang='lat' dir='ltr'><strong>sed</strong></span> <span class='ocrx_word' id='word_1_76' title='bbox 1244 923 1392 974; x_wconf 90' lang='lat' dir='ltr'><strong>etiam</strong></span> <span class='ocrx_word' id='word_1_77' title='bbox 1413 933 1460 972; x_wconf 89' lang='lat' dir='ltr'><strong>et</strong></span> <span class='ocrx_word' id='word_1_78' title='bbox 1479 924 1643 972; x_wconf 85' lang='lat' dir='ltr'><strong>volare</strong></span> <span class='ocrx_word' id='word_1_79' title='bbox 1663 921 1833 970; x_wconf 88' lang='lat' dir='ltr'><strong>dicun-</strong></span> 
     </span>
     <span class='ocr_line' id='line_1_11' title="bbox 3 1004 1833 1074; baseline -0.006 -11"><span class='ocrx_word' id='word_1_80' title='bbox 3 1030 65 1069; x_wconf 79' lang='lat' dir='ltr'><strong>uo</strong></span> <span class='ocrx_word' id='word_1_81' title='bbox 87 1020 190 1070; x_wconf 87' lang='lat' dir='ltr'><strong>tur;</strong></span> <span class='ocrx_word' id='word_1_82' title='bbox 228 1028 437 1074; x_wconf 91' lang='lat' dir='ltr'><strong>quorum</strong></span> <span class='ocrx_word' id='word_1_83' title='bbox 464 1018 655 1058; x_wconf 91' lang='lat' dir='ltr'><strong>tantum</strong></span> <span class='ocrx_word' id='word_1_84' title='bbox 681 1007 810 1056; x_wconf 90' lang='lat' dir='ltr'><strong>virus</strong></span> <span class='ocrx_word' id='word_1_85' title='bbox 831 1015 904 1057; x_wconf 90' lang='lat' dir='ltr'><strong>est</strong></span> <span class='ocrx_word' id='word_1_86' title='bbox 929 1017 982 1055; x_wconf 89' lang='lat' dir='ltr'><strong>ut</strong></span> <span class='ocrx_word' id='word_1_87' title='bbox 1003 1023 1222 1055; x_wconf 90' lang='lat' dir='ltr'><strong>morsum</strong></span> <span class='ocrx_word' id='word_1_88' title='bbox 1249 1015 1364 1054; x_wconf 89' lang='lat' dir='ltr'><strong>ante</strong></span> <span class='ocrx_word' id='word_1_89' title='bbox 1389 1022 1521 1055; x_wconf 91' lang='lat' dir='ltr'><strong>mors</strong></span> <span class='ocrx_word' id='word_1_90' title='bbox 1546 1004 1833 1067; x_wconf 86' lang='lat' dir='ltr'><strong>insequatur</strong></span> 
     </span>
     <span class='ocr_line' id='line_1_12' title="bbox 87 1086 1926 1156; baseline -0.004 -14"><span class='ocrx_word' id='word_1_91' title='bbox 87 1110 234 1156; x_wconf 91' lang='lat' dir='ltr'><strong>quam</strong></span> <span class='ocrx_word' id='word_1_92' title='bbox 260 1095 413 1142; x_wconf 89' lang='lat' dir='ltr'><strong>dolor.</strong></span> <span class='ocrx_word' id='word_1_93' title='bbox 488 1092 697 1155; x_wconf 91' lang='lat' dir='ltr'><strong>Ophites</strong></span> <span class='ocrx_word' id='word_1_94' title='bbox 724 1091 869 1149; x_wconf 88' lang='lat' dir='ltr'><strong>dicta,</strong></span> <span class='ocrx_word' id='word_1_95' title='bbox 893 1090 1029 1152; x_wconf 89' lang='lat' dir='ltr'><strong>quod</strong></span> <span class='ocrx_word' id='word_1_96' title='bbox 1055 1090 1271 1137; x_wconf 88' lang='lat' dir='ltr'><strong>colorem</strong></span> <span class='ocrx_word' id='word_1_97' title='bbox 1297 1104 1474 1137; x_wconf 90' lang='lat' dir='ltr'><strong>arenae</strong></span> <span class='ocrx_word' id='word_1_98' title='bbox 1497 1086 1690 1136; x_wconf 91' lang='lat' dir='ltr'><strong>habeat.</strong></span> <span class='ocrx_word' id='word_1_99' title='bbox 1755 1089 1832 1135; x_wconf 94' lang='lat' dir='ltr'><strong>De</strong></span> <span class='ocrx_word' id='word_1_100' title='bbox 1858 1093 1926 1140; x_wconf 90' lang='lat'><strong>30</strong></span> 
     </span>
     <span class='ocr_line' id='line_1_13' title="bbox 83 1172 825 1239; baseline -0.007 -14"><span class='ocrx_word' id='word_1_101' title='bbox 83 1193 185 1239; x_wconf 18' lang='lat' dir='ltr'><strong>*qua</strong></span> <span class='ocrx_word' id='word_1_102' title='bbox 210 1185 357 1239; x_wconf 89' lang='lat' dir='ltr'><strong>poeta</strong></span> <span class='ocrx_word' id='word_1_103' title='bbox 381 1176 590 1238; x_wconf 75' lang='lat' dir='ltr'><strong>(Lucan.</strong></span> <span class='ocrx_word' id='word_1_104' title='bbox 613 1191 655 1235; x_wconf 86' lang='lat'><strong>9,</strong></span> <span class='ocrx_word' id='word_1_105' title='bbox 679 1172 795 1236; x_wconf 87' lang='lat'>714)</span> <span class='ocrx_word' id='word_1_106' title='bbox 818 1192 825 1220; x_wconf 94' lang='lat'>:</span> 
     </span>
     <span class='ocr_line' id='line_1_14' title="bbox 289 1258 1627 1325; baseline -0.005 -12"><span class='ocrx_word' id='word_1_107' title='bbox 289 1267 453 1325; x_wconf 88' lang='lat' dir='ltr'><strong>Quam</strong></span> <span class='ocrx_word' id='word_1_108' title='bbox 491 1261 649 1325; x_wconf 91' lang='lat' dir='ltr'><strong>parvis</strong></span> <span class='ocrx_word' id='word_1_109' title='bbox 686 1260 845 1324; x_wconf 85' lang='lat' dir='ltr'><strong>pietus</strong></span> <span class='ocrx_word' id='word_1_110' title='bbox 884 1261 1088 1308; x_wconf 83' lang='lat' dir='ltr'><strong>maculis</strong></span> <span class='ocrx_word' id='word_1_111' title='bbox 1125 1259 1397 1308; x_wconf 88' lang='lat' dir='ltr'><strong>Thebanus</strong></span> <span class='ocrx_word' id='word_1_112' title='bbox 1433 1258 1627 1322; x_wconf 89' lang='lat' dir='ltr'><strong>ophites</strong></span> 
     </span>
     <span class='ocr_line' id='line_1_15' title="bbox 288 1341 1454 1406; baseline -0.005 -11"><span class='ocrx_word' id='word_1_113' title='bbox 288 1348 522 1395; x_wconf 87' lang='lat' dir='ltr'><strong>concolor</strong></span> <span class='ocrx_word' id='word_1_114' title='bbox 558 1343 740 1393; x_wconf 83' lang='lat' dir='ltr'><strong>exustis</strong></span> <span class='ocrx_word' id='word_1_115' title='bbox 777 1352 926 1406; x_wconf 87' lang='lat' dir='ltr'><strong>atque</strong></span> <span class='ocrx_word' id='word_1_116' title='bbox 963 1341 1257 1391; x_wconf 84' lang='lat' dir='ltr'><strong>indiscretus</strong></span> <span class='ocrx_word' id='word_1_117' title='bbox 1294 1342 1454 1390; x_wconf 87' lang='lat' dir='ltr'><strong>arenis</strong></span> 
     </span>
     <span class='ocr_line' id='line_1_16' title="bbox 2 1427 618 1491; baseline -0.011 -9"><span class='ocrx_word' id='word_1_118' title='bbox 2 1427 65 1491; x_wconf 53' lang='grc' dir='ltr'><strong>ἐτξ</strong></span> <span class='ocrx_word' id='word_1_119' title='bbox 291 1429 618 1491; x_wconf 88' lang='lat' dir='ltr'><strong>ammodytes.</strong></span> 
     </span>
     <span class='ocr_line' id='line_1_17' title="bbox 88 1507 1906 1575; baseline -0.004 -14"><span class='ocrx_word' id='word_1_120' title='bbox 88 1514 207 1575; x_wconf 86' lang='lat' dir='ltr'><strong>Seps</strong></span> <span class='ocrx_word' id='word_1_121' title='bbox 227 1514 427 1575; x_wconf 87' lang='lat' dir='ltr'><strong>exiguus</strong></span> <span class='ocrx_word' id='word_1_122' title='bbox 448 1526 663 1573; x_wconf 88' lang='lat' dir='ltr'><strong>serpens,</strong></span> <span class='ocrx_word' id='word_1_123' title='bbox 686 1507 770 1571; x_wconf 91' lang='lat' dir='ltr'><strong>qui</strong></span> <span class='ocrx_word' id='word_1_124' title='bbox 792 1524 892 1555; x_wconf 88' lang='lat' dir='ltr'><strong>non</strong></span> <span class='ocrx_word' id='word_1_125' title='bbox 919 1507 1076 1555; x_wconf 89' lang='lat' dir='ltr'><strong>solum</strong></span> <span class='ocrx_word' id='word_1_126' title='bbox 1106 1522 1285 1569; x_wconf 85' lang='lat' dir='ltr'><strong>eorpus</strong></span> <span class='ocrx_word' id='word_1_127' title='bbox 1311 1507 1399 1554; x_wconf 91' lang='lat' dir='ltr'><strong>sed</strong></span> <span class='ocrx_word' id='word_1_128' title='bbox 1425 1515 1473 1554; x_wconf 92' lang='lat' dir='ltr'><strong>et</strong></span> <span class='ocrx_word' id='word_1_129' title='bbox 1499 1521 1611 1554; x_wconf 89' lang='lat' dir='ltr'><strong>ossa</strong></span> <span class='ocrx_word' id='word_1_130' title='bbox 1636 1521 1829 1554; x_wconf 90' lang='lat' dir='ltr'><strong>veneno</strong></span> <span class='ocrx_word' id='word_1_131' title='bbox 1853 1512 1906 1559; x_wconf 90' lang='lat'><strong>31</strong></span> 
     </span>
     <span class='ocr_line' id='line_1_18' title="bbox 86 1584 1568 1651; baseline -0.004 -13"><span class='ocrx_word' id='word_1_132' title='bbox 86 1590 345 1639; x_wconf 87' lang='lat' dir='ltr'><strong>consumit.</strong></span> <span class='ocrx_word' id='word_1_133' title='bbox 420 1588 575 1639; x_wconf 90' lang='lat' dir='ltr'><strong>Cuius</strong></span> <span class='ocrx_word' id='word_1_134' title='bbox 601 1596 747 1651; x_wconf 90' lang='lat' dir='ltr'><strong>poeta</strong></span> <span class='ocrx_word' id='word_1_135' title='bbox 773 1585 841 1634; x_wconf 87' lang='lat' dir='ltr'><strong>sic</strong></span> <span class='ocrx_word' id='word_1_136' title='bbox 869 1584 1093 1634; x_wconf 90' lang='lat' dir='ltr'><strong>meminit</strong></span> <span class='ocrx_word' id='word_1_137' title='bbox 1119 1586 1325 1648; x_wconf 81' lang='lat' dir='ltr'><strong>(Lucan.</strong></span> <span class='ocrx_word' id='word_1_138' title='bbox 1356 1602 1399 1646; x_wconf 90' lang='lat'><strong>9,</strong></span> <span class='ocrx_word' id='word_1_139' title='bbox 1423 1600 1479 1646; x_wconf 93' lang='lat'><strong>72</strong></span> <span class='ocrx_word' id='word_1_140' title='bbox 1489 1584 1568 1648; x_wconf 86' lang='lat'><strong>3):</strong></span> 
     </span>
     <span class='ocr_line' id='line_1_19' title="bbox 287 1667 1646 1734; baseline -0.005 -13"><span class='ocrx_word' id='word_1_141' title='bbox 287 1673 513 1734; x_wconf 87' lang='lat' dir='ltr'><strong>Ossaque</strong></span> <span class='ocrx_word' id='word_1_142' title='bbox 551 1669 824 1719; x_wconf 88' lang='lat' dir='ltr'><strong>dissolvens</strong></span> <span class='ocrx_word' id='word_1_143' title='bbox 863 1684 977 1715; x_wconf 87' lang='lat' dir='ltr'><strong>cum</strong></span> <span class='ocrx_word' id='word_1_144' title='bbox 1014 1683 1218 1730; x_wconf 87' lang='lat' dir='ltr'><strong>corpore</strong></span> <span class='ocrx_word' id='word_1_145' title='bbox 1255 1667 1482 1715; x_wconf 88' lang='lat' dir='ltr'><strong>tabificus</strong></span> <span class='ocrx_word' id='word_1_146' title='bbox 1522 1683 1646 1729; x_wconf 90' lang='lat' dir='ltr'><strong>seps.</strong></span> 
     </span>
     <span class='ocr_line' id='line_1_20' title="bbox 91 1748 1918 1817; baseline -0.004 -15"><span class='ocrx_word' id='word_1_147' title='bbox 91 1753 269 1816; x_wconf 88' lang='lat' dir='ltr'><strong>Dipsas</strong></span> <span class='ocrx_word' id='word_1_148' title='bbox 302 1769 500 1817; x_wconf 90' lang='lat' dir='ltr'><strong>serpens</strong></span> <span class='ocrx_word' id='word_1_149' title='bbox 532 1761 698 1800; x_wconf 90' lang='lat' dir='ltr'><strong>tantae</strong></span> <span class='ocrx_word' id='word_1_150' title='bbox 734 1748 1007 1812; x_wconf 86' lang='lat' dir='ltr'><strong>exiguitatis</strong></span> <span class='ocrx_word' id='word_1_151' title='bbox 1044 1750 1192 1797; x_wconf 91' lang='lat' dir='ltr'><strong>fertur</strong></span> <span class='ocrx_word' id='word_1_152' title='bbox 1230 1758 1283 1797; x_wconf 91' lang='lat' dir='ltr'><strong>ut</strong></span> <span class='ocrx_word' id='word_1_153' title='bbox 1320 1765 1434 1796; x_wconf 89' lang='lat' dir='ltr'><strong>cum</strong></span> <span class='ocrx_word' id='word_1_154' title='bbox 1471 1750 1699 1808; x_wconf 86' lang='lat' dir='ltr'><strong>calcatur,</strong></span> <span class='ocrx_word' id='word_1_155' title='bbox 1728 1764 1829 1795; x_wconf 90' lang='lat' dir='ltr'><strong>non</strong></span> <span class='ocrx_word' id='word_1_156' title='bbox 1855 1757 1918 1804; x_wconf 85' lang='lat'><strong>32</strong></span> 
     </span>
     <span class='ocr_line' id='line_1_21' title="bbox 3 1829 1831 1893; baseline -0.005 -8"><span class='ocrx_word' id='word_1_157' title='bbox 3 1857 66 1885; x_wconf 76' lang='lat'><strong>¹20</strong></span> <span class='ocrx_word' id='word_1_158' title='bbox 88 1835 321 1884; x_wconf 90' lang='lat' dir='ltr'><strong>videatur.</strong></span> <span class='ocrx_word' id='word_1_159' title='bbox 397 1833 551 1884; x_wconf 91' lang='lat' dir='ltr'><strong>Cuius</strong></span> <span class='ocrx_word' id='word_1_160' title='bbox 588 1848 836 1881; x_wconf 90' lang='lat' dir='ltr'><strong>venenum</strong></span> <span class='ocrx_word' id='word_1_161' title='bbox 874 1840 990 1879; x_wconf 90' lang='lat' dir='ltr'><strong>ante</strong></span> <span class='ocrx_word' id='word_1_162' title='bbox 1027 1830 1265 1893; x_wconf 81' lang='lat' dir='ltr'><strong>extinguit</strong></span> <span class='ocrx_word' id='word_1_163' title='bbox 1302 1847 1450 1893; x_wconf 90' lang='lat' dir='ltr'><strong>quam</strong></span> <span class='ocrx_word' id='word_1_164' title='bbox 1489 1829 1738 1888; x_wconf 86' lang='lat' dir='ltr'><strong>sentiatur,</strong></span> <span class='ocrx_word' id='word_1_165' title='bbox 1778 1838 1831 1877; x_wconf 92' lang='lat' dir='ltr'><strong>ut</strong></span> 
     </span>
     <span class='ocr_line' id='line_1_22' title="bbox 85 1912 1830 1980; baseline -0.003 -15"><span class='ocrx_word' id='word_1_166' title='bbox 85 1916 232 1966; x_wconf 89' lang='lat' dir='ltr'><strong>facies</strong></span> <span class='ocrx_word' id='word_1_167' title='bbox 258 1924 521 1980; x_wconf 89' lang='lat' dir='ltr'><strong>praeventa</strong></span> <span class='ocrx_word' id='word_1_168' title='bbox 546 1923 704 1962; x_wconf 89' lang='lat' dir='ltr'><strong>morte</strong></span> <span class='ocrx_word' id='word_1_169' title='bbox 729 1929 821 1962; x_wconf 88' lang='lat' dir='ltr'><strong>nec</strong></span> <span class='ocrx_word' id='word_1_170' title='bbox 846 1912 1090 1961; x_wconf 89' lang='lat' dir='ltr'><strong>tristitiam</strong></span> <span class='ocrx_word' id='word_1_171' title='bbox 1118 1914 1290 1961; x_wconf 89' lang='lat' dir='ltr'><strong>induat</strong></span> <span class='ocrx_word' id='word_1_172' title='bbox 1317 1912 1552 1961; x_wconf 90' lang='lat' dir='ltr'><strong>morituri.</strong></span> <span class='ocrx_word' id='word_1_173' title='bbox 1626 1914 1704 1960; x_wconf 93' lang='lat' dir='ltr'><strong>De</strong></span> <span class='ocrx_word' id='word_1_174' title='bbox 1730 1927 1830 1973; x_wconf 91' lang='lat' dir='ltr'><strong>quo</strong></span> 
     </span>
     <span class='ocr_line' id='line_1_23' title="bbox 88 1995 703 2063; baseline -0.007 -15"><span class='ocrx_word' id='word_1_175' title='bbox 88 2008 235 2063; x_wconf 90' lang='lat' dir='ltr'><strong>poeta</strong></span> <span class='ocrx_word' id='word_1_176' title='bbox 261 1998 467 2062; x_wconf 89' lang='lat' dir='ltr'><strong>(Lucan.</strong></span> <span class='ocrx_word' id='word_1_177' title='bbox 491 2015 532 2059; x_wconf 89' lang='lat'><strong>9,</strong></span> <span class='ocrx_word' id='word_1_178' title='bbox 557 2011 580 2058; x_wconf 93' lang='lat'>7</span> <span class='ocrx_word' id='word_1_179' title='bbox 589 1995 672 2059; x_wconf 86' lang='lat'><strong>37)</strong></span> <span class='ocrx_word' id='word_1_180' title='bbox 695 2015 703 2044; x_wconf 93' lang='lat'>:</span> 
     </span>
     <span class='ocr_line' id='line_1_24' title="bbox 290 2075 1642 2143; baseline -0.004 -15"><span class='ocrx_word' id='word_1_181' title='bbox 290 2079 585 2143; x_wconf 88' lang='lat' dir='ltr'><strong>Signiferum</strong></span> <span class='ocrx_word' id='word_1_182' title='bbox 622 2077 852 2126; x_wconf 90' lang='lat' dir='ltr'><strong>iuvenem</strong></span> <span class='ocrx_word' id='word_1_183' title='bbox 890 2075 1134 2138; x_wconf 89' lang='lat' dir='ltr'><strong>Tyrrheni</strong></span> <span class='ocrx_word' id='word_1_184' title='bbox 1173 2077 1423 2138; x_wconf 89' lang='lat' dir='ltr'><strong>sanguinis</strong></span> <span class='ocrx_word' id='word_1_185' title='bbox 1460 2077 1642 2123; x_wconf 91' lang='lat' dir='ltr'><strong>Aulum</strong></span> 
     </span>
     <span class='ocr_line' id='line_1_25' title="bbox 0 2159 1540 2223; baseline -0.005 -11"><span class='ocrx_word' id='word_1_186' title='bbox 0 2215 1 2218; x_wconf 53' lang='lat'>,</span> <span class='ocrx_word' id='word_1_187' title='bbox 290 2171 419 2211; x_wconf 89' lang='lat' dir='ltr'><strong>torto</strong></span> <span class='ocrx_word' id='word_1_188' title='bbox 455 2162 616 2223; x_wconf 88' lang='lat' dir='ltr'><strong>capite</strong></span> <span class='ocrx_word' id='word_1_189' title='bbox 652 2168 778 2208; x_wconf 90' lang='lat' dir='ltr'><strong>retro</strong></span> <span class='ocrx_word' id='word_1_190' title='bbox 815 2159 982 2222; x_wconf 89' lang='lat' dir='ltr'><strong>dipsas</strong></span> <span class='ocrx_word' id='word_1_191' title='bbox 1019 2159 1207 2206; x_wconf 86' lang='lat' dir='ltr'><strong>calcata</strong></span> <span class='ocrx_word' id='word_1_192' title='bbox 1243 2159 1540 2206; x_wconf 90' lang='lat' dir='ltr'><strong>momordit:</strong></span> 
     </span>
     <span class='ocr_line' id='line_1_26' title="bbox 0 2239 1218 2307; baseline -0.006 -13"><span class='ocrx_word' id='word_1_193' title='bbox 0 2261 66 2307; x_wconf 68' lang='lat'><strong>⁸²5</strong></span> <span class='ocrx_word' id='word_1_194' title='bbox 295 2246 372 2292; x_wconf 87' lang='lat' dir='ltr'><strong>vix</strong></span> <span class='ocrx_word' id='word_1_195' title='bbox 410 2245 552 2293; x_wconf 89' lang='lat' dir='ltr'><strong>dolor</strong></span> <span class='ocrx_word' id='word_1_196' title='bbox 588 2251 671 2290; x_wconf 89' lang='lat' dir='ltr'><strong>aut</strong></span> <span class='ocrx_word' id='word_1_197' title='bbox 708 2257 879 2290; x_wconf 88' lang='lat' dir='ltr'><strong>sensus</strong></span> <span class='ocrx_word' id='word_1_198' title='bbox 917 2239 1079 2289; x_wconf 91' lang='lat' dir='ltr'><strong>dentis</strong></span> <span class='ocrx_word' id='word_1_199' title='bbox 1116 2239 1218 2288; x_wconf 91' lang='lat' dir='ltr'><strong>fuit.</strong></span> 
     </span>
     <span class='ocr_line' id='line_1_27' title="bbox 88 2321 1915 2390; baseline -0.002 -14"><span class='ocrx_word' id='word_1_200' title='bbox 88 2329 298 2390; x_wconf 90' lang='lat' dir='ltr'><strong>Salpuga</strong></span> <span class='ocrx_word' id='word_1_201' title='bbox 323 2341 522 2388; x_wconf 87' lang='lat' dir='ltr'><strong>serpens</strong></span> <span class='ocrx_word' id='word_1_202' title='bbox 549 2333 621 2372; x_wconf 91' lang='lat' dir='ltr'><strong>est</strong></span> <span class='ocrx_word' id='word_1_203' title='bbox 647 2339 772 2385; x_wconf 90' lang='lat' dir='ltr'><strong>quae</strong></span> <span class='ocrx_word' id='word_1_204' title='bbox 804 2339 905 2370; x_wconf 90' lang='lat' dir='ltr'><strong>non</strong></span> <span class='ocrx_word' id='word_1_205' title='bbox 936 2321 1142 2370; x_wconf 89' lang='lat' dir='ltr'><strong>videtur.</strong></span> <span class='ocrx_word' id='word_1_206' title='bbox 1217 2322 1432 2372; x_wconf 82' lang='lat' dir='ltr'><strong>Caecula</strong></span> <span class='ocrx_word' id='word_1_207' title='bbox 1458 2323 1602 2382; x_wconf 88' lang='lat' dir='ltr'><strong>dicta,</strong></span> <span class='ocrx_word' id='word_1_208' title='bbox 1632 2333 1830 2387; x_wconf 91' lang='lat' dir='ltr'><strong>propter</strong></span> <span class='ocrx_word' id='word_1_209' title='bbox 1851 2339 1915 2387; x_wconf 89' lang='lat'><strong>33</strong></span> 
     </span>
    </p>
   </div>
   <div class='ocr_carea' id='block_1_3' title="bbox 86 2445 1832 2606">
    <p class='ocr_par' dir='ltr' id='par_1_3' title="bbox 86 2445 1832 2606">
     <span class='ocr_line' id='line_1_28' title="bbox 144 2445 1827 2496; baseline -0.001 -9"><span class='ocrx_word' id='word_1_210' title='bbox 144 2463 160 2488; x_wconf 93' lang='lat'>1</span> <span class='ocrx_word' id='word_1_211' title='bbox 192 2449 366 2487; x_wconf 85' lang='lat' dir='ltr'><strong>bubulos</strong></span> <span class='ocrx_word' id='word_1_212' title='bbox 390 2448 488 2486; x_wconf 88' lang='lat' dir='ltr'><strong>CT:</strong></span> <span class='ocrx_word' id='word_1_213' title='bbox 518 2447 651 2485; x_wconf 89' lang='lat' dir='ltr'><strong>bubos</strong></span> <span class='ocrx_word' id='word_1_214' title='bbox 671 2446 717 2483; x_wconf 90' lang='lat' dir='ltr'><em>K</em></span> <span class='ocrx_word' id='word_1_215' title='bbox 883 2459 907 2483; x_wconf 86' lang='lat'>2</span> <span class='ocrx_word' id='word_1_216' title='bbox 937 2445 1173 2494; x_wconf 84' lang='lat' dir='ltr'><strong>surgensB</strong></span> <span class='ocrx_word' id='word_1_217' title='bbox 1192 2450 1284 2483; x_wconf 82' lang='lat' dir='ltr'><strong>ante</strong></span> <span class='ocrx_word' id='word_1_218' title='bbox 1303 2457 1402 2483; x_wconf 77' lang='lat' dir='ltr'><strong>corr.</strong></span> <span class='ocrx_word' id='word_1_219' title='bbox 1570 2459 1595 2495; x_wconf 88' lang='lat'><strong>3</strong></span> <span class='ocrx_word' id='word_1_220' title='bbox 1623 2447 1776 2496; x_wconf 92' lang='lat' dir='ltr'><strong>accipit</strong></span> <span class='ocrx_word' id='word_1_221' title='bbox 1799 2448 1827 2486; x_wconf 83' lang='lat' dir='ltr'><em>C</em></span> 
     </span>
     <span class='ocr_line' id='line_1_29' title="bbox 86 2499 1826 2550; baseline -0.002 -7"><span class='ocrx_word' id='word_1_222' title='bbox 86 2508 112 2544; x_wconf 88' lang='lat'>6</span> <span class='ocrx_word' id='word_1_223' title='bbox 139 2504 280 2543; x_wconf 89' lang='lat' dir='ltr'><strong>ovium</strong></span> <span class='ocrx_word' id='word_1_224' title='bbox 304 2503 355 2540; x_wconf 82' lang='lat' dir='ltr'><strong>T1</strong></span> <span class='ocrx_word' id='word_1_225' title='bbox 375 2518 383 2541; x_wconf 76' lang='grc' dir='ltr'>ε</span> <span class='ocrx_word' id='word_1_226' title='bbox 413 2502 549 2541; x_wconf 90' lang='lat' dir='ltr'><strong>obium</strong></span> <span class='ocrx_word' id='word_1_227' title='bbox 576 2501 627 2539; x_wconf 79' lang='grc' dir='ltr'><strong>Τ2</strong></span> <span class='ocrx_word' id='word_1_228' title='bbox 737 2514 757 2550; x_wconf 93' lang='lat'><strong>7</strong></span> <span class='ocrx_word' id='word_1_229' title='bbox 790 2501 917 2539; x_wconf 87' lang='lat' dir='ltr'><strong>iactat</strong></span> <span class='ocrx_word' id='word_1_230' title='bbox 932 2499 979 2537; x_wconf 91' lang='lat' dir='ltr'><em>K</em></span> <span class='ocrx_word' id='word_1_231' title='bbox 1087 2500 1198 2538; x_wconf 89' lang='lat' dir='ltr'><strong>unde</strong></span> <span class='ocrx_word' id='word_1_232' title='bbox 1219 2499 1280 2549; x_wconf 86' lang='lat' dir='ltr'><strong>et]</strong></span> <span class='ocrx_word' id='word_1_233' title='bbox 1300 2505 1343 2537; x_wconf 90' lang='lat' dir='ltr'><strong>et</strong></span> <span class='ocrx_word' id='word_1_234' title='bbox 1364 2500 1460 2538; x_wconf 88' lang='lat' dir='ltr'><strong>ideo</strong></span> <span class='ocrx_word' id='word_1_235' title='bbox 1478 2500 1523 2537; x_wconf 90' lang='lat' dir='ltr'><em>K</em></span> <span class='ocrx_word' id='word_1_236' title='bbox 1632 2502 1657 2538; x_wconf 90' lang='lat'>8</span> <span class='ocrx_word' id='word_1_237' title='bbox 1687 2507 1826 2540; x_wconf 90' lang='lat' dir='ltr'><strong>autem</strong></span> 
     </span>
     <span class='ocr_line' id='line_1_30' title="bbox 89 2554 1832 2606; baseline -0.003 -7"><span class='ocrx_word' id='word_1_238' title='bbox 89 2573 170 2599; x_wconf 85' lang='lat' dir='ltr'><strong>om.</strong></span> <span class='ocrx_word' id='word_1_239' title='bbox 191 2558 236 2596; x_wconf 92' lang='lat' dir='ltr'><em>K</em></span> <span class='ocrx_word' id='word_1_240' title='bbox 342 2569 455 2606; x_wconf 89' lang='lat' dir='ltr'><strong>serp.</strong></span> <span class='ocrx_word' id='word_1_241' title='bbox 476 2562 570 2596; x_wconf 88' lang='lat' dir='ltr'><strong>sunt</strong></span> <span class='ocrx_word' id='word_1_242' title='bbox 588 2555 668 2594; x_wconf 88' lang='lat' dir='ltr'><strong>BC</strong></span> <span class='ocrx_word' id='word_1_243' title='bbox 775 2568 883 2605; x_wconf 87' lang='lat' dir='ltr'><strong>quae</strong></span> <span class='ocrx_word' id='word_1_244' title='bbox 905 2567 988 2594; x_wconf 80' lang='lat' dir='ltr'><strong>om,</strong></span> <span class='ocrx_word' id='word_1_245' title='bbox 1012 2554 1056 2591; x_wconf 90' lang='lat' dir='ltr'><em>K</em></span> <span class='ocrx_word' id='word_1_246' title='bbox 1164 2567 1190 2603; x_wconf 91' lang='lat'>9</span> <span class='ocrx_word' id='word_1_247' title='bbox 1219 2559 1425 2593; x_wconf 89' lang='lat' dir='ltr'><strong>vocantur</strong></span> <span class='ocrx_word' id='word_1_248' title='bbox 1439 2568 1522 2594; x_wconf 83' lang='lat' dir='ltr'><strong>om.</strong></span> <span class='ocrx_word' id='word_1_249' title='bbox 1540 2555 1586 2593; x_wconf 93' lang='lat' dir='ltr'><em>K</em></span> <span class='ocrx_word' id='word_1_250' title='bbox 1694 2557 1765 2606; x_wconf 89' lang='lat' dir='ltr'><strong>qui</strong></span> <span class='ocrx_word' id='word_1_251' title='bbox 1786 2557 1832 2594; x_wconf 87' lang='lat' dir='ltr'><em>K</em></span> 
     </span>
    </p>
   </div>
   <div class='ocr_carea' id='block_1_4' title="bbox 50 2608 1827 2772">
    <p class='ocr_par' dir='ltr' id='par_1_4' title="bbox 50 2608 1827 2772">
     <span class='ocr_line' id='line_1_31' title="bbox 93 2608 1827 2660; baseline -0.002 -7"><span class='ocrx_word' id='word_1_252' title='bbox 93 2627 137 2653; x_wconf 87' lang='lat'><strong>11</strong></span> <span class='ocrx_word' id='word_1_253' title='bbox 170 2613 322 2652; x_wconf 86' lang='lat' dir='ltr'><strong>Obites</strong></span> <span class='ocrx_word' id='word_1_254' title='bbox 343 2611 453 2651; x_wconf 88' lang='lat' dir='ltr'><strong>codd.</strong></span> <span class='ocrx_word' id='word_1_255' title='bbox 584 2612 722 2649; x_wconf 88' lang='lat' dir='ltr'><strong>dictus</strong></span> <span class='ocrx_word' id='word_1_256' title='bbox 751 2610 796 2648; x_wconf 89' lang='lat' dir='ltr'><em>K</em></span> <span class='ocrx_word' id='word_1_257' title='bbox 922 2621 1103 2648; x_wconf 85' lang='lat' dir='ltr'><strong>araneae</strong></span> <span class='ocrx_word' id='word_1_258' title='bbox 1127 2609 1167 2646; x_wconf 89' lang='lat' dir='ltr'><em>B</em></span> <span class='ocrx_word' id='word_1_259' title='bbox 1335 2621 1382 2657; x_wconf 86' lang='lat'><strong>13</strong></span> <span class='ocrx_word' id='word_1_260' title='bbox 1412 2608 1575 2660; x_wconf 87' lang='lat' dir='ltr'><strong>parvis]</strong></span> <span class='ocrx_word' id='word_1_261' title='bbox 1597 2622 1694 2660; x_wconf 89' lang='lat' dir='ltr'><strong>pars</strong></span> <span class='ocrx_word' id='word_1_262' title='bbox 1726 2610 1827 2649; x_wconf 92' lang='lat' dir='ltr'><strong>CT:</strong></span> 
     </span>
     <span class='ocr_line' id='line_1_32' title="bbox 50 2663 1825 2716; baseline -0.002 -9"><span class='ocrx_word' id='word_1_263' title='bbox 50 2676 51 2680; x_wconf 77' lang='grc'>’</span> <span class='ocrx_word' id='word_1_264' title='bbox 87 2675 205 2708; x_wconf 89' lang='lat' dir='ltr'><strong>trans</strong></span> <span class='ocrx_word' id='word_1_265' title='bbox 226 2667 271 2705; x_wconf 93' lang='lat' dir='ltr'><em>K</em></span> <span class='ocrx_word' id='word_1_266' title='bbox 378 2667 558 2705; x_wconf 87' lang='lat' dir='ltr'><strong>tebanus</strong></span> <span class='ocrx_word' id='word_1_267' title='bbox 586 2665 645 2704; x_wconf 89' lang='lat' dir='ltr'><strong>T:</strong></span> <span class='ocrx_word' id='word_1_268' title='bbox 667 2665 906 2715; x_wconf 83' lang='lat' dir='ltr'><strong>teuphanus</strong></span> <span class='ocrx_word' id='word_1_269' title='bbox 926 2664 966 2702; x_wconf 88' lang='grc' dir='ltr'><em>Β</em></span> <span class='ocrx_word' id='word_1_270' title='bbox 983 2678 992 2703; x_wconf 85' lang='lat'><strong>:</strong></span> <span class='ocrx_word' id='word_1_271' title='bbox 1023 2663 1213 2702; x_wconf 90' lang='lat' dir='ltr'><strong>teofanus</strong></span> <span class='ocrx_word' id='word_1_272' title='bbox 1236 2663 1314 2702; x_wconf 88' lang='lat' dir='ltr'><strong>CK</strong></span> <span class='ocrx_word' id='word_1_273' title='bbox 1424 2665 1560 2704; x_wconf 89' lang='lat' dir='ltr'><strong>obites</strong></span> <span class='ocrx_word' id='word_1_274' title='bbox 1581 2664 1690 2716; x_wconf 86' lang='lat' dir='ltr'><strong>(-tis)</strong></span> <span class='ocrx_word' id='word_1_275' title='bbox 1712 2664 1825 2704; x_wconf 88' lang='lat' dir='ltr'><strong>codd.</strong></span> 
     </span>
     <span class='ocr_line' id='line_1_33' title="bbox 93 2717 1822 2772; baseline -0.003 -11"><span class='ocrx_word' id='word_1_276' title='bbox 93 2735 139 2772; x_wconf 92' lang='lat'><strong>14</strong></span> <span class='ocrx_word' id='word_1_277' title='bbox 169 2721 307 2762; x_wconf 85' lang='lat' dir='ltr'><strong>exutis</strong></span> <span class='ocrx_word' id='word_1_278' title='bbox 335 2722 372 2760; x_wconf 93' lang='lat' dir='ltr'><em>T</em></span> <span class='ocrx_word' id='word_1_279' title='bbox 475 2720 717 2759; x_wconf 86' lang='lat' dir='ltr'><strong>indiscretis</strong></span> <span class='ocrx_word' id='word_1_280' title='bbox 738 2718 860 2758; x_wconf 92' lang='lat' dir='ltr'><strong>CKT</strong></span> <span class='ocrx_word' id='word_1_281' title='bbox 995 2731 1043 2768; x_wconf 88' lang='lat'><strong>15</strong></span> <span class='ocrx_word' id='word_1_282' title='bbox 1073 2718 1316 2756; x_wconf 87' lang='lat' dir='ltr'><strong>admoditus</strong></span> <span class='ocrx_word' id='word_1_283' title='bbox 1337 2717 1444 2758; x_wconf 90' lang='lat' dir='ltr'><strong>BT:</strong></span> <span class='ocrx_word' id='word_1_284' title='bbox 1473 2720 1726 2758; x_wconf 88' lang='lat' dir='ltr'><strong>admodatus</strong></span> <span class='ocrx_word' id='word_1_285' title='bbox 1746 2719 1822 2757; x_wconf 76' lang='lat' dir='ltr'><strong>Cl:</strong></span> 
     </span>
    </p>
   </div>
   <div class='ocr_carea' id='block_1_5' title="bbox 90 2772 1833 3152">
    <p class='ocr_par' dir='ltr' id='par_1_5' title="bbox 90 2772 1833 3152">
     <span class='ocr_line' id='line_1_34' title="bbox 90 2772 1824 2824; baseline -0.002 -8"><span class='ocrx_word' id='word_1_286' title='bbox 90 2778 284 2816; x_wconf 89' lang='lat' dir='ltr'><strong>admotus</strong></span> <span class='ocrx_word' id='word_1_287' title='bbox 304 2776 350 2814; x_wconf 91' lang='lat' dir='ltr'><em>K</em></span> <span class='ocrx_word' id='word_1_288' title='bbox 533 2776 581 2812; x_wconf 92' lang='lat'><strong>16</strong></span> <span class='ocrx_word' id='word_1_289' title='bbox 612 2774 760 2824; x_wconf 88' lang='lat' dir='ltr'><strong>Serpis</strong></span> <span class='ocrx_word' id='word_1_290' title='bbox 781 2773 826 2812; x_wconf 90' lang='lat' dir='ltr'><em>K</em></span> <span class='ocrx_word' id='word_1_291' title='bbox 935 2774 1113 2822; x_wconf 86' lang='lat' dir='ltr'><strong>exiguus</strong></span> <span class='ocrx_word' id='word_1_292' title='bbox 1137 2772 1237 2812; x_wconf 87' lang='lat' dir='ltr'><em>CK:</em></span> <span class='ocrx_word' id='word_1_293' title='bbox 1266 2773 1420 2823; x_wconf 83' lang='lat' dir='ltr'><strong>exigua</strong></span> <span class='ocrx_word' id='word_1_294' title='bbox 1442 2773 1528 2811; x_wconf 87' lang='grc' dir='ltr'><strong>ΒΤ</strong></span> <span class='ocrx_word' id='word_1_295' title='bbox 1630 2775 1699 2823; x_wconf 94' lang='lat' dir='ltr'><strong>qui</strong></span> <span class='ocrx_word' id='word_1_296' title='bbox 1718 2773 1824 2813; x_wconf 91' lang='lat' dir='ltr'><strong>KT:</strong></span> 
     </span>
     <span class='ocr_line' id='line_1_35' title="bbox 90 2827 1824 2881; baseline -0.002 -11"><span class='ocrx_word' id='word_1_297' title='bbox 90 2844 196 2881; x_wconf 90' lang='lat' dir='ltr'><strong>quae</strong></span> <span class='ocrx_word' id='word_1_298' title='bbox 219 2830 295 2870; x_wconf 85' lang='lat' dir='ltr'><strong>BC</strong></span> <span class='ocrx_word' id='word_1_299' title='bbox 402 2842 567 2868; x_wconf 89' lang='lat' dir='ltr'><strong>venena</strong></span> <span class='ocrx_word' id='word_1_300' title='bbox 591 2828 639 2867; x_wconf 91' lang='lat' dir='ltr'><strong>Cl</strong></span> <span class='ocrx_word' id='word_1_301' title='bbox 806 2829 856 2867; x_wconf 92' lang='lat'><strong>18</strong></span> <span class='ocrx_word' id='word_1_302' title='bbox 885 2828 1077 2867; x_wconf 90' lang='lat' dir='ltr'><strong>vivificus</strong></span> <span class='ocrx_word' id='word_1_303' title='bbox 1107 2827 1143 2864; x_wconf 92' lang='lat' dir='ltr'><em>T</em></span> <span class='ocrx_word' id='word_1_304' title='bbox 1303 2839 1352 2878; x_wconf 92' lang='lat'><strong>19</strong></span> <span class='ocrx_word' id='word_1_305' title='bbox 1383 2827 1516 2878; x_wconf 91' lang='lat' dir='ltr'><strong>Dipsa</strong></span> <span class='ocrx_word' id='word_1_306' title='bbox 1537 2827 1646 2868; x_wconf 90' lang='lat' dir='ltr'><strong>codd.</strong></span> <span class='ocrx_word' id='word_1_307' title='bbox 1672 2828 1740 2879; x_wconf 84' lang='lat' dir='ltr'><strong>(ex</strong></span> <span class='ocrx_word' id='word_1_308' title='bbox 1759 2828 1824 2867; x_wconf 86' lang='lat' dir='ltr'><strong>De</strong></span> 
     </span>
     <span class='ocr_line' id='line_1_36' title="bbox 90 2883 1825 2937; baseline -0.001 -13"><span class='ocrx_word' id='word_1_309' title='bbox 90 2886 181 2936; x_wconf 87' lang='lat' dir='ltr'><strong>ipsa</strong></span> <span class='ocrx_word' id='word_1_310' title='bbox 194 2885 252 2937; x_wconf 87' lang='grc' dir='ltr'><strong>Β)</strong></span> <span class='ocrx_word' id='word_1_311' title='bbox 366 2890 481 2923; x_wconf 89' lang='lat' dir='ltr'><strong>tanta</strong></span> <span class='ocrx_word' id='word_1_312' title='bbox 497 2884 543 2922; x_wconf 91' lang='lat' dir='ltr'><em>K</em></span> <span class='ocrx_word' id='word_1_313' title='bbox 704 2896 757 2922; x_wconf 89' lang='lat'><strong>20</strong></span> <span class='ocrx_word' id='word_1_314' title='bbox 785 2896 938 2923; x_wconf 90' lang='lat' dir='ltr'><strong>venum</strong></span> <span class='ocrx_word' id='word_1_315' title='bbox 962 2883 1000 2922; x_wconf 89' lang='lat' dir='ltr'><em>T</em></span> <span class='ocrx_word' id='word_1_316' title='bbox 1105 2887 1191 2920; x_wconf 85' lang='lat' dir='ltr'><strong>ext.</strong></span> <span class='ocrx_word' id='word_1_317' title='bbox 1212 2887 1438 2931; x_wconf 87' lang='lat' dir='ltr'><strong>antequam</strong></span> <span class='ocrx_word' id='word_1_318' title='bbox 1463 2883 1498 2921; x_wconf 90' lang='lat' dir='ltr'>C</span> <span class='ocrx_word' id='word_1_319' title='bbox 1603 2883 1825 2932; x_wconf 86' lang='lat' dir='ltr'><strong>extinguet</strong></span> 
     </span>
     <span class='ocr_line' id='line_1_37' title="bbox 97 2936 1830 2990; baseline -0.002 -11"><span class='ocrx_word' id='word_1_320' title='bbox 97 2938 158 2980; x_wconf 86' lang='lat' dir='ltr'><strong>T:</strong></span> <span class='ocrx_word' id='word_1_321' title='bbox 187 2939 441 2990; x_wconf 88' lang='lat' dir='ltr'><strong>propinquid</strong></span> <span class='ocrx_word' id='word_1_322' title='bbox 462 2939 508 2977; x_wconf 91' lang='lat' dir='ltr'><em>K</em></span> <span class='ocrx_word' id='word_1_323' title='bbox 670 2951 718 2976; x_wconf 89' lang='lat'><strong>21</strong></span> <span class='ocrx_word' id='word_1_324' title='bbox 752 2950 805 2976; x_wconf 86' lang='lat' dir='ltr'><strong>ne</strong></span> <span class='ocrx_word' id='word_1_325' title='bbox 825 2938 997 2977; x_wconf 90' lang='lat' dir='ltr'><strong>tristitia</strong></span> <span class='ocrx_word' id='word_1_326' title='bbox 1020 2936 1066 2975; x_wconf 89' lang='lat' dir='ltr'><em>K</em></span> <span class='ocrx_word' id='word_1_327' title='bbox 1191 2936 1364 2975; x_wconf 89' lang='lat' dir='ltr'><strong>inducat</strong></span> <span class='ocrx_word' id='word_1_328' title='bbox 1389 2937 1430 2975; x_wconf 93' lang='lat' dir='ltr'><strong><em>B</em></strong></span> <span class='ocrx_word' id='word_1_329' title='bbox 1558 2938 1761 2975; x_wconf 87' lang='lat' dir='ltr'><strong>morituro</strong></span> <span class='ocrx_word' id='word_1_330' title='bbox 1794 2938 1830 2977; x_wconf 89' lang='lat' dir='ltr'><em>C</em></span> 
     </span>
     <span class='ocr_line' id='line_1_38' title="bbox 92 2989 1825 3044; baseline -0.001 -11"><span class='ocrx_word' id='word_1_331' title='bbox 92 3007 144 3044; x_wconf 86' lang='lat'><strong>23</strong></span> <span class='ocrx_word' id='word_1_332' title='bbox 172 2995 331 3033; x_wconf 82' lang='lat' dir='ltr'><strong>terreni</strong></span> <span class='ocrx_word' id='word_1_333' title='bbox 350 2993 408 3031; x_wconf 89' lang='grc' dir='ltr'><strong>Β1</strong></span> <span class='ocrx_word' id='word_1_334' title='bbox 429 3008 437 3032; x_wconf 90' lang='lat'>:</span> <span class='ocrx_word' id='word_1_335' title='bbox 466 2993 651 3032; x_wconf 88' lang='lat' dir='ltr'><strong>terrenis</strong></span> <span class='ocrx_word' id='word_1_336' title='bbox 667 2992 713 3030; x_wconf 94' lang='lat' dir='ltr'><em>K</em></span> <span class='ocrx_word' id='word_1_337' title='bbox 874 3005 926 3043; x_wconf 86' lang='lat'><strong>24</strong></span> <span class='ocrx_word' id='word_1_338' title='bbox 955 2998 1065 3030; x_wconf 89' lang='lat' dir='ltr'><strong>torta</strong></span> <span class='ocrx_word' id='word_1_339' title='bbox 1081 2996 1205 3041; x_wconf 91' lang='lat' dir='ltr'><strong>caput</strong></span> <span class='ocrx_word' id='word_1_340' title='bbox 1225 2989 1427 3031; x_wconf 86' lang='lat' dir='ltr'><strong>Lucanus</strong></span> <span class='ocrx_word' id='word_1_341' title='bbox 1547 2991 1692 3041; x_wconf 85' lang='lat' dir='ltr'><strong>dipses</strong></span> <span class='ocrx_word' id='word_1_342' title='bbox 1712 2991 1798 3030; x_wconf 92' lang='lat' dir='ltr'><strong>BT</strong></span> <span class='ocrx_word' id='word_1_343' title='bbox 1816 3007 1825 3031; x_wconf 91' lang='lat'>:</span> 
     </span>
     <span class='ocr_line' id='line_1_39' title="bbox 93 3045 1833 3099; baseline -0.001 -12"><span class='ocrx_word' id='word_1_344' title='bbox 93 3049 224 3099; x_wconf 87' lang='lat' dir='ltr'><strong>dipsis</strong></span> <span class='ocrx_word' id='word_1_345' title='bbox 259 3049 328 3087; x_wconf 90' lang='lat' dir='ltr'><em>K:</em></span> <span class='ocrx_word' id='word_1_346' title='bbox 375 3049 496 3098; x_wconf 88' lang='lat' dir='ltr'><strong>dipsa</strong></span> <span class='ocrx_word' id='word_1_347' title='bbox 537 3046 571 3086; x_wconf 90' lang='lat' dir='ltr'><strong><em>C</em></strong></span> <span class='ocrx_word' id='word_1_348' title='bbox 722 3048 888 3085; x_wconf 87' lang='lat' dir='ltr'><strong>mordet</strong></span> <span class='ocrx_word' id='word_1_349' title='bbox 926 3046 972 3084; x_wconf 91' lang='lat' dir='ltr'><em>K</em></span> <span class='ocrx_word' id='word_1_350' title='bbox 1150 3057 1201 3094; x_wconf 86' lang='lat'><strong>25</strong></span> <span class='ocrx_word' id='word_1_351' title='bbox 1231 3046 1324 3084; x_wconf 88' lang='lat' dir='ltr'><strong>den.</strong></span> <span class='ocrx_word' id='word_1_352' title='bbox 1368 3045 1531 3095; x_wconf 88' lang='lat' dir='ltr'><strong>fuitque</strong></span> <span class='ocrx_word' id='word_1_353' title='bbox 1570 3046 1752 3085; x_wconf 89' lang='lat' dir='ltr'><strong>videntis</strong></span> <span class='ocrx_word' id='word_1_354' title='bbox 1795 3047 1833 3085; x_wconf 91' lang='lat' dir='ltr'><em>T</em></span> 
     </span>
     <span class='ocr_line' id='line_1_40' title="bbox 93 3100 1828 3152; baseline 0 -12"><span class='ocrx_word' id='word_1_355' title='bbox 93 3102 143 3141; x_wconf 85' lang='lat'><strong>26</strong></span> <span class='ocrx_word' id='word_1_356' title='bbox 175 3102 348 3152; x_wconf 88' lang='lat' dir='ltr'><strong>Salpiga</strong></span> <span class='ocrx_word' id='word_1_357' title='bbox 394 3102 454 3142; x_wconf 84' lang='lat' dir='ltr'><strong>T:</strong></span> <span class='ocrx_word' id='word_1_358' title='bbox 485 3115 550 3142; x_wconf 92' lang='lat' dir='ltr'><strong>-ca</strong></span> <span class='ocrx_word' id='word_1_359' title='bbox 593 3101 703 3143; x_wconf 88' lang='lat' dir='ltr'><strong>BC:</strong></span> <span class='ocrx_word' id='word_1_360' title='bbox 746 3101 942 3151; x_wconf 86' lang='lat' dir='ltr'><strong>Soalpica</strong></span> <span class='ocrx_word' id='word_1_361' title='bbox 980 3101 1025 3138; x_wconf 91' lang='lat' dir='ltr'><em>K</em></span> <span class='ocrx_word' id='word_1_362' title='bbox 1178 3113 1286 3150; x_wconf 91' lang='lat' dir='ltr'><strong>quae</strong></span> <span class='ocrx_word' id='word_1_363' title='bbox 1321 3101 1440 3152; x_wconf 86' lang='lat' dir='ltr'><strong>(que)</strong></span> <span class='ocrx_word' id='word_1_364' title='bbox 1481 3100 1594 3139; x_wconf 87' lang='lat' dir='ltr'><strong>BT:</strong></span> <span class='ocrx_word' id='word_1_365' title='bbox 1636 3100 1707 3150; x_wconf 91' lang='lat' dir='ltr'><strong>qui</strong></span> <span class='ocrx_word' id='word_1_366' title='bbox 1749 3100 1828 3140; x_wconf 85' lang='lat' dir='ltr'><strong>CK</strong></span> 
     </span>
    </p>
   </div>
   <div class='ocr_carea' id='block_1_6' title="bbox 91 3157 409 3208">
    <p class='ocr_par' dir='ltr' id='par_1_6' title="bbox 91 3157 409 3208">
     <span class='ocr_line' id='line_1_41' title="bbox 91 3157 409 3208; baseline -0.003 -12"><span class='ocrx_word' id='word_1_367' title='bbox 91 3157 283 3208; x_wconf 86' lang='lat' dir='ltr'><strong>propter]</strong></span> <span class='ocrx_word' id='word_1_368' title='bbox 301 3169 351 3195; x_wconf 90' lang='lat' dir='ltr'><strong>eo</strong></span> <span class='ocrx_word' id='word_1_369' title='bbox 374 3157 409 3195; x_wconf 91' lang='lat' dir='ltr'><em>C</em></span> 
     </span>
    </p>
   </div>
  </div>
 </body>
</html>
