2176 3424
379 114 1007 163 ETYMOLOGIARVM
1048 115 1179 161 LIB.
1216 114 1352 160 XVI.
1393 131 1466 172 xx,
1506 111 1582 159 xxi

104 236 290 299 argenti
315 236 597 285 fornacibus
623 236 869 285 insidente
893 235 1081 285 nidore.
1154 238 1384 299 Namque
1418 245 1471 282 ut
1496 234 1600 299 ipse
1625 233 1761 297 lapis,
1791 249 1849 282 ex

103 334 204 380 quo
230 319 282 366 fit
314 335 411 377 aes,
439 317 633 367 cadmia
663 326 877 377 vocatur,
906 316 975 366 sic
1005 334 1167 366 rursus
1201 317 1252 366 in
1284 315 1567 366 fornacibus
1602 315 1764 365 existit
1798 324 1847 364 et

102 399 317 448 nominis
346 398 420 448 sui
454 398 692 462 originem
725 398 909 461 recipit.
983 399 1123 448 Aeris
1157 401 1246 448 flos
1284 400 1338 447 fit
1372 415 1458 447 seu
1490 397 1702 462 gignitur
1732 415 1845 446 con·
1868 410 1922 456 13

102 480 394 540 stationibus,
418 482 634 530 resoluto
658 490 808 544 atque
832 479 1073 543 reliquato
1092 498 1216 542 aere,
1236 482 1492 544 superfusa
1510 479 1696 543 frigida.
1751 482 1846 529 Re-

53 583 75 621 5
100 561 302 624 pentina
340 561 472 610 enim
513 563 804 610 densatione
847 571 1097 625 tamquam
1147 564 1211 611 de
1249 572 1395 626 sputo
1443 570 1691 625 reparatur
1738 562 1841 610 flos,

100 642 399 707 Aeruginem
420 660 620 706 quoque
644 660 726 692 aes
751 652 896 692 creat.
948 646 1079 693 Nam
1105 645 1370 692 lamminae
1395 659 1566 692 aereae
1590 659 1736 706 super
1760 659 1844 691 vas
1868 660 1922 707 14

99 724 225 773 aceti
257 724 508 787 asperrimi
548 726 805 773 sarmentis
836 726 1151 789 superpositis
1190 734 1339 789 atque
1375 725 1442 774 ita
1478 724 1841 784 distillantibus,

100 807 236 868 quod
261 822 320 855 ex
344 822 404 855 eo
429 805 607 854 cecidit
632 807 682 853 in
707 805 868 868 ipsum
894 816 1089 856 acetum
1116 807 1283 856 teritur
1308 816 1356 856 et
1381 807 1632 856 cribratur.

238 890 319 936 DE
364 903 545 935 FERRo.
623 889 822 935 Ferrum
863 887 1052 937 dictum
1092 890 1228 951 quod
1273 891 1408 949 farra,
1452 888 1502 937 id
1546 898 1619 938 est
1658 889 1848 937 semina
1872 895 1977 935 XXI

31 991 77 1018 ιο
101 969 305 1031 frugum,
327 978 480 1017 terrae
499 970 728 1018 condeat.
783 971 926 1018 Idem
947 979 995 1019 et
1011 971 1213 1033 chalybs
1233 988 1262 1018 a
1279 971 1502 1034 Chalybe
1521 970 1737 1030 flumine,
1761 970 1846 1019 ubi

100 1052 278 1099 ferrum
304 1050 491 1113 optima
508 1050 613 1100 acie
633 1060 945 1114 temperatur.
995 1053 1143 1101 Vnde
1163 1061 1211 1101 et
1229 1052 1432 1102 abusive
1451 1052 1629 1102 dicitur
1645 1052 1847 1116 chalybs

100 1131 205 1194 ipsa
230 1131 468 1193 materies,
496 1143 549 1182 ut
577 1132 643 1197 (V
646 1132 732 1195 irg.
748 1135 874 1182 Aen.
895 1137 938 1194 8,
956 1133 1074 1198 446)
1096 1155 1105 1183 :

658 1214 1038 1278 Vulnificusque
1074 1217 1289 1278 chalybs.

104 1292 235 1341 Ferri
260 1311 375 1343 usus
402 1305 512 1358 post
537 1296 630 1345 alia
658 1299 854 1346 metalla
878 1307 1097 1361 repertus
1124 1306 1210 1346 est.
1263 1296 1416 1346 Cuius
1442 1307 1614 1360 postea
1633 1314 1772 1347 versa
1796 1298 1847 1347 in
1871 1315 1902 1350 2

27 1399 40 1426 ι
55 1396 78 1437 5
102 1375 421 1437 opprobrium
448 1377 650 1440 species.
704 1381 832 1428 Nam
856 1380 989 1428 unde
1014 1378 1204 1442 pridem
1231 1380 1373 1427 tellus
1399 1380 1708 1439 tractabatur,
1733 1379 1850 1430 inde

102 1458 255 1506 modo
280 1474 421 1507 cruor
445 1459 725 1509 effunditur.
780 1462 987 1509 Nullum
1012 1471 1177 1510 autern
1204 1478 1381 1525 corpus
1407 1471 1507 1510 tam
1533 1463 1699 1512 densis
1725 1462 1851 1511 inter

102 1554 153 1586 se
173 1540 552 1590 cohaerentibus
570 1551 619 1591 et
635 1541 866 1605 inplicitis
887 1543 1143 1592 elementis
1164 1560 1313 1606 quam
1330 1545 1509 1593 ferrum
1528 1562 1541 1605 3
1566 1546 1700 1594 unde
1719 1544 1846 1593 inest

100 1617 167 1666 illi
203 1619 382 1668 duritia
417 1638 531 1670 cum
568 1623 758 1687 frigore.
832 1624 964 1673 Ferri
999 1634 1166 1675 autem
1203 1627 1458 1675 metallum
1494 1643 1622 1690 pene
1661 1625 1847 1689 ubique

101 1700 348 1764 reperitur,
378 1705 466 1752 sed
491 1720 551 1753 ex
583 1705 816 1755 omnibus
849 1706 1110 1769 generibus
1142 1709 1307 1771 palma
1336 1707 1502 1756 Serico
1532 1709 1657 1757 ferro
1688 1709 1844 1757 datur.

29 1812 80 1840 20
103 1782 242 1830 Seres
262 1783 393 1832 enim
412 1786 507 1833 hoc
527 1802 640 1834 cum
663 1787 880 1836 vestibus
901 1787 1000 1836 suis
1016 1788 1328 1852 pellibusque
1353 1791 1568 1838 mittunt.
1618 1791 1848 1840 Secunda

102 1863 329 1913 Parthico
346 1883 358 1926 3
395 1882 556 1929 neque
592 1867 686 1915 alia
719 1885 900 1931 genera
935 1868 1045 1918 ferri
1078 1887 1135 1918 ex
1172 1887 1306 1919 mera
1340 1871 1446 1920 acie
1483 1881 1818 1935 temperantur
1835 1891 1848 1933 3

98 1946 270 1994 ceteris
313 1946 444 1995 enim
487 1948 786 1999 admiscetur
818 1950 1012 1999 mollior
1047 1953 1331 2015 conplexus.
1407 1953 1696 2002 Differentia
1735 1954 1844 2003 ferri
1870 1969 1900 2016 3

98 2028 306 2089 plurima
330 2027 462 2076 iuxta
487 2038 641 2078 terrae
666 2047 835 2093 genus.
908 2034 1038 2081 Nam
1068 2032 1203 2082 aliud
1228 2035 1377 2082 molle
1400 2035 1709 2098 plumboque
1733 2035 1845 2084 vici-

98 2125 233 2169 num,
261 2118 476 2158 rotarum
503 2121 551 2159 et
577 2113 826 2161 clavorum
853 2113 1024 2162 usibus
1054 2123 1224 2178 aptum
1243 2134 1256 2176 3
1291 2115 1426 2165 aliud
1451 2116 1618 2179 fragile
1643 2126 1691 2165 et
1714 2134 1839 2167 aero-

14 2218 74 2259 .25
100 2206 223 2250 sum,
263 2193 482 2240 culturae
518 2201 673 2242 terrae
711 2194 1011 2244 conveniens
1029 2214 1042 2257 3
1089 2195 1223 2245 aliud
1260 2197 1498 2247 brevitate
1540 2199 1645 2247 sola
1682 2201 1844 2262 placet

98 2271 347 2335 clavisque
366 2272 601 2337 caligariis
620 2293 634 2335 3
669 2275 803 2325 aliud
828 2276 1103 2340 rubiginem
1130 2278 1334 2328 celerius
1360 2279 1521 2329 sentit.
1578 2279 1843 2330 Stricturae

97 2363 334 2402 vocantur
358 2355 452 2403 hae
477 2371 665 2416 omnes,
693 2359 830 2420 quod
862 2375 965 2406 non
998 2359 1048 2407 in
1073 2359 1180 2408 aliis
1214 2360 1436 2421 metallis,
1465 2361 1528 2410 ab
1554 2362 1841 2425 stringendo

156 2495 173 2520 1
207 2481 403 2521 nitoreK
564 2497 588 2521 2
617 2485 728 2524 aeris
748 2485 804 2524 T:
825 2500 908 2526 om.
924 2485 1085 2540 K(non
1107 2489 1158 2538 C)
1290 2490 1475 2529 cathmia
1495 2490 1600 2531 KT:
1632 2491 1781 2530 catmia
1803 2491 1844 2528 Β

97 2551 122 2586 3
152 2537 504 2577 confractionibus
542 2537 588 2576 K
803 2553 827 2591 5
858 2542 1064 2581 densione
1103 2543 1148 2581 K
1287 2550 1411 2595 sputu
1458 2544 1517 2584 T:
1564 2553 1760 2597 spumato
1802 2545 1844 2583 Β

99 2605 121 2640 7
153 2591 351 2631 ramentis
372 2591 566 2632 Schwarz
812 2597 1106 2647 superpositae
1127 2597 1248 2637 BCT
1268 2602 1371 2651 (non
1387 2599 1456 2652 M)
1689 2601 1840 2652 atque]

98 2652 140 2685 at
159 2645 204 2683 K
217 2662 224 2686 :
254 2647 309 2685 ad
329 2647 381 2684 M
555 2649 579 2686 8
611 2649 796 2690 cribatur
815 2650 861 2688 K
866 2650 963 2690 T1U
1142 2665 1192 2692 10
1220 2655 1375 2694 condat
1394 2654 1436 2692 B
1575 2656 1707 2705 calips
1727 2655 1838 2695 codd.

100 2713 147 2739 v11
180 2700 309 2740 calibs
337 2701 389 2742 T:
423 2703 554 2752 calips
576 2702 663 2740 ΒΚ
866 2718 914 2744 12
944 2707 1120 2746 materia
1147 2706 1184 2746 T
1383 2722 1430 2760 13
1459 2711 1588 2750 calibs
1616 2711 1674 2749 T:
1703 2711 1839 2761 calips

99 2754 187 2792 ΒΚ
353 2769 400 2806 14
429 2762 526 2806 post
545 2770 696 2798 eversa
716 2758 763 2796 K
906 2761 948 2800 in
967 2775 1035 2812 op.
1063 2776 1147 2802 ver.
1178 2763 1215 2801 T
1376 2776 1424 2814 15
1455 2764 1639 2816 pridem]
1661 2765 1777 2815 prius
1797 2763 1844 2803 K

103 2821 149 2859 17
180 2811 431 2851 coeuntibus
449 2810 495 2850 K
587 2812 716 2865 inest]
739 2821 805 2854 est
829 2814 866 2853 T
956 2829 1010 2855 20
1038 2817 1117 2855 hoc
1139 2831 1222 2858 om.
1243 2817 1288 2855 K
1395 2831 1444 2858 21
1480 2820 1675 2859 Parthico
1696 2833 1779 2861 om.
1797 2819 1840 2858 Β

98 2863 172 2903 fer.
196 2866 273 2904 sed
293 2879 348 2904 ex
366 2865 413 2906 K
521 2873 781 2917 temperatur
799 2869 909 2909 codd.
1054 2885 1104 2909 22
1132 2872 1264 2924 enim]
1286 2879 1424 2912 autem
1444 2873 1491 2912 K
1623 2887 1675 2924 23
1706 2874 1838 2924 plum-

101 2918 283 2970 bumque
302 2920 343 2958 Β
464 2921 605 2960 vicino
625 2921 671 2959 K
825 2937 877 2975 24
907 2938 1078 2965 erosum
1098 2925 1139 2963 Β
1148 2926 1185 2965 T
1342 2940 1393 2978 25
1423 2942 1545 2968 conv.
1570 2937 1640 2968 aut
1661 2930 1776 2968 brev.
1797 2927 1843 2967 K

102 2973 272 3023 placens
292 2974 338 3012 K
499 2989 548 3025 27
580 2983 757 3016 vocatur
774 2977 819 3015 K
939 2980 982 3018 in
1002 2994 1085 3020 om.
1110 2981 1152 3019 K
1275 2983 1326 3021 ab
1346 2983 1420 3034 st.]
1441 2984 1746 3033 adstringendu
1767 2983 1812 3023 K
1827 2998 1836 3023 :

99 3027 478 3078 adstringendaB:
507 3030 808 3082 adstringende
836 3033 863 3072 Ι
