2176 3424
1117 133 1388 182 ISIDORI

376 257 529 304 multa
548 257 767 321 auspicia
787 259 1009 309 tribuunt
1030 261 1176 311 etiam
1199 265 1387 327 pluvias
1409 269 1702 330 portendere
1722 269 1927 319 vocibus
1946 289 1958 331 3
1994 274 2127 321 unde

377 347 448 385 est
474 338 594 388 illud
620 340 773 404 <Virg.
803 342 980 406 Georg.
1008 361 1044 402 1,
1067 345 1213 410 388):

559 424 706 470 Tunc
742 425 909 471 cornix
947 427 1092 488 plena
1130 428 1343 490 pluviam
1383 440 1524 480 vocat
1561 431 1769 495 inproba
1806 451 1940 484 voce.

288 510 354 558 45
379 501 621 551 Graculus
646 520 674 552 a
697 506 975 567 garrulitate
1001 519 1313 573 nuncupatus
1332 529 1346 572 ,-
1382 529 1496 572 non,
1525 522 1578 562 ut
1597 514 1800 578 quidam
1827 518 2010 578 volunt,
2038 534 2127 581 pro

377 601 438 632 eo
472 594 524 632 ut
560 586 793 649 gregatim
822 590 989 637 volent
1008 609 1020 650 ,-
1057 607 1169 639 cum
1205 592 1266 640 sit
1298 594 1615 643 manifestum
1648 614 1707 645 ex
1731 614 1852 647 voce
1885 615 1969 648 eos
2007 617 2128 648 nun·
2152 621 2172 662 5

377 666 558 729 cupari.
616 669 705 717 Est
725 669 857 717 enirn
884 672 1286 734 loquacissimum
1313 692 1467 738 genus
1495 686 1542 726 et
1562 678 1766 728 vocibus
1791 679 2128 743 inportunum.

283 747 354 807 46
380 747 525 796 Picae
551 750 690 811 quasi
717 751 954 814 poeticae,
984 756 1121 816 quod
1146 755 1294 804 verba
1323 756 1374 804 in
1406 757 1688 808 discrimine
1714 761 1848 810 vocis
1875 763 2124 826 exprimat,

378 839 431 878 ut
466 833 634 882 homo.
708 836 799 881 Per
831 851 993 884 ramos
1027 836 1159 884 enim
1193 839 1424 887 arborum
1455 842 1702 903 pendulae
1732 842 1998 907 inportuna
2029 862 2128 909 gar-

377 912 569 963 rulitate
603 924 848 976 sonantes,
878 926 926 966 et
956 917 995 966 si
1021 917 1210 981 linguas
1249 920 1298 968 in
1332 937 1558 972 sermone
1591 936 1845 988 nequeunt
1870 927 2124 990 explicare,

377 1011 554 1044 sonum
581 1007 748 1047 tamen
778 1000 1026 1049 humanae
1050 1003 1184 1051 vocis
1219 1002 1483 1053 imitantur.
1560 1008 1638 1055 De
1664 1024 1761 1070 qua
1786 1026 2000 1073 congrue
2026 1011 2129 1074 qui·
2155 1030 2170 1056 1

378 1078 492 1125 darn
519 1079 585 1127 ait
613 1080 781 1143 (Mart.
807 1098 879 1141 14,
904 1083 982 1146 76)
1005 1102 1014 1131 :

585 1161 700 1210 Pica
738 1164 918 1226 loquax
956 1175 1089 1213 certa
1125 1166 1386 1215 dominum
1425 1177 1472 1216 te
1509 1186 1631 1218 voce
1667 1173 1855 1220 saluto:

647 1246 684 1291 si
723 1261 802 1293 me
839 1263 939 1294 non
977 1249 1158 1307 videas,
1198 1265 1304 1297 esse
1341 1251 1543 1313 negabis
1580 1269 1734 1302 avem.

289 1333 353 1382 47
379 1324 525 1372 Picus
567 1343 595 1373 a
639 1326 757 1375 Pico
797 1329 991 1377 Saturni
1031 1330 1132 1379 filio
1171 1348 1355 1380 nomen
1396 1334 1616 1396 sumpsit,
1657 1352 1716 1384 eo
1754 1339 1890 1399 quod
1928 1355 2036 1387 eam
2077 1339 2126 1388 in

376 1407 607 1470 auspiciis
645 1409 887 1460 utebatur.
963 1414 1092 1461 Nam
1130 1415 1290 1462 ferunt
1327 1415 1455 1463 hanc
1491 1433 1630 1465 avem
1669 1420 1908 1481 quiddam
1946 1422 2126 1471 habere
2155 1439 2170 1467 1

376 1488 612 1549 divinum,
647 1491 731 1540 illo
764 1493 950 1542 indicio
975 1497 1111 1557 quod
1146 1495 1196 1543 in
1227 1514 1542 1561 quacumque
1578 1500 1751 1549 arbore
1788 1501 2122 1564 nidificaverit,

377 1574 583 1633 clavum,
613 1575 689 1622 vel
715 1575 958 1638 quidquid
988 1577 1123 1626 aliud
1149 1580 1312 1639 fixum,
1343 1579 1427 1627 diu
1453 1582 1651 1630 haerere
1684 1600 1785 1631 non
1818 1593 1979 1646 potest
2005 1586 2124 1648 quin

359 1653 541 1701 statim
573 1657 779 1716 excidat,
809 1658 893 1705 ubi
927 1675 984 1706 ea
1019 1660 1268 1708 insederit.
1342 1662 1442 1710 Iste
1468 1673 1541 1711 est
1566 1663 1704 1726 picus
1733 1666 1971 1727 Martius3
2010 1684 2122 1715 nam

286 1740 352 1799 48
377 1735 470 1783 alia
504 1745 576 1784 est
610 1737 734 1800 pica.
808 1742 941 1788 Pavo
975 1758 1160 1790 nomen
1198 1744 1260 1791 de
1298 1759 1422 1791 sono
1451 1744 1584 1793 vocis
1622 1747 1770 1795 habet
1790 1765 1801 1807 3
1837 1747 1975 1796 cuius
2012 1765 2124 1797 caro

377 1824 478 1864 tam
515 1819 637 1867 dura
673 1829 746 1868 est
782 1830 835 1869 ut
870 1823 1182 1885 putredinem
1220 1824 1296 1871 vix
1334 1825 1527 1886 sentiat,
1568 1843 1658 1875 nec
1695 1828 1836 1877 facile
1871 1840 2124 1892 coquatur.
2151 1845 2169 1873 2

380 1901 458 1948 De
484 1916 584 1962 quo
610 1901 812 1963 quidam
840 1903 908 1951 sic
932 1904 1000 1952 ait
1026 1905 1193 1969 (Mart.
1220 1923 1292 1968 13,
1314 1906 1425 1971 7o):

613 1983 824 2046 Miraris,
862 1986 1090 2049 quotiens
1125 1998 1432 2051 gemmantes
1468 1990 1676 2053 explicat
1711 1994 1824 2052 alas,

681 2066 719 2114 si
756 2075 897 2129 potes
935 2070 1067 2117 hunc
1105 2085 1250 2118 saevo
1287 2071 1493 2128 tradere,
1531 2073 1665 2133 dure,
1704 2090 1839 2122 coco.

281 2154 353 2203 49
379 2145 651 2194 Phasianus
676 2164 705 2195 a
731 2148 943 2198 Phaside
973 2149 1131 2198 insula
1156 2152 1405 2211 Graeciae,
1435 2155 1569 2202 unde
1603 2153 1813 2217 primum
1848 2166 2124 2219 asportatus

379 2236 465 2286 est,
485 2229 772 2289 appellatus.
835 2233 1066 2280 Testatur
1085 2232 1136 2280 id
1156 2242 1294 2281 vetus
1320 2233 1569 2283 distichon
1595 2235 1716 2285 illud
1736 2237 1903 2301 (Mart.
1920 2257 1992 2302 13,
2010 2242 2091 2302 72)
2113 2259 2121 2288 :
2149 2257 2176 2284 22,

611 2310 791 2373 Argiva
826 2312 988 2375 primo
1023 2331 1130 2362 sum
1169 2323 1495 2379 transportata
1530 2317 1721 2367 carina:

680 2403 794 2442 ante
831 2394 951 2442 mihi
988 2406 1161 2444 notum
1199 2397 1267 2444 nil
1304 2398 1397 2446 nisi
1435 2399 1607 2447 Phasis
1645 2409 1761 2449 erat.

286 2484 355 2532 50
379 2471 550 2519 Gallus
575 2489 602 2520 a
627 2475 920 2525 castratione
947 2488 1148 2527 vocatus
1167 2498 1180 2540 3
1216 2479 1341 2528 inter
1366 2490 1550 2530 ceteras
1576 2481 1707 2530 enim
1737 2499 1850 2531 aves
1876 2482 1992 2532 huic
2016 2487 2122 2533 solo

375 2552 586 2601 testiculi
629 2557 927 2608 adimuntur.
1002 2563 1205 2610 Veteres
1242 2561 1374 2609 enim
1412 2562 1630 2612 abscisos
1673 2566 1824 2626 gallos
1862 2567 2120 2616 vocabant.

435 2690 452 2715 1
485 2679 727 2720 tribuuntur
769 2684 824 2724 C:
867 2686 1041 2724 tradunt
1080 2687 1120 2724 Β
1257 2701 1280 2736 4
1313 2686 1527 2737 Gragulos
1557 2689 1645 2728 BT
1750 2696 2014 2740 nuncupatos
2061 2691 2122 2731 T:

375 2739 554 2772 vocatus
585 2734 657 2774 K:
688 2742 776 2777 -tos
807 2739 847 2778 Β
971 2741 1139 2790 quidem
1171 2741 1212 2780 Β
1375 2755 1399 2791 5
1431 2743 1498 2794 ut]
1531 2745 1645 2793 quod
1688 2743 1726 2782 T
1849 2746 2056 2784 nominari
2091 2747 2126 2785 C

378 2799 400 2835 7
432 2789 566 2840 quod]
589 2803 698 2839 quae
721 2792 756 2830 C
863 2796 1105 2845 exprimant
1124 2795 1192 2834 B:
1214 2802 1306 2835 -unt
1329 2797 1365 2835 C
1471 2799 1497 2836 8
1526 2799 1710 2847 pendula
1740 2799 1776 2837 T
1883 2813 1933 2839 10
1952 2801 2120 2850 quidem

550 2856 595 2882 11
628 2845 715 2895 agit
732 2847 772 2885 Β
903 2862 952 2888 12
981 2856 1097 2889 certo
1121 2849 1170 2889 Cl
1279 2857 1322 2890 te
1343 2853 1454 2892 dom.
1477 2852 1566 2890 KT
1579 2857 1674 2891 ante
1689 2866 1791 2893 corr.
1927 2867 1975 2903 14
2005 2857 2118 2907 eam]

377 2898 528 2936 eodem
554 2898 589 2936 C
701 2914 747 2950 15
778 2903 948 2952 quidam
963 2904 1114 2943 BlKT
1241 2908 1290 2944 16
1320 2906 1464 2945 divino
1486 2906 1532 2944 K
1639 2908 1735 2957 quia
1753 2908 1789 2946 C
1915 2921 1962 2958 17
1994 2909 2121 2949 alium

375 2949 454 2991 K:
482 2966 565 2992 om.
588 2953 624 2992 C
779 2969 826 3006 17
858 2959 991 3009 haen]
1014 2960 1174 2998 habere
1203 2959 1241 2998 T
1342 2961 1463 3013 quin]
1485 2961 1555 3011 qui
1584 2973 1669 3000 non
1690 2962 1737 3000 K
1889 2965 1938 3002 18
1969 2977 2062 3003 earn
2083 2964 2125 3002 Β

378 3017 426 3054 19
457 3007 510 3045 de
530 3021 591 3047 so.
613 3022 679 3049 vo.
703 3023 816 3051 nom.
836 3012 872 3050 C
978 3027 1030 3052 22
1060 3015 1322 3064 explicamus
1347 3017 1389 3054 T
1492 3028 1544 3065 23
1574 3016 1680 3054 duro
1701 3016 1787 3055 BT
1891 3030 1943 3067 24
1973 3031 2122 3069 aspor-

372 3064 502 3099 tatum
521 3061 556 3100 C
691 3077 743 3114 25
775 3066 816 3105 id
829 3066 935 3118 vet.]
955 3068 1179 3108 iductusB
1344 3072 1397 3108 26
1426 3070 1674 3119 arguaB1T
1833 3083 1882 3121 27
1913 3073 2056 3112 fasidis
2077 3073 2124 3111 K
2173 3103 2175 3106 -

370 3126 423 3166 29
455 3118 650 3157 testiculo
676 3120 716 3158 Β
774 3141 776 3144 -
