2176 3424
1109 121 1379 170 ISIDORI

279 261 344 319 38
370 253 591 314 pellatur.
663 251 878 301 Cocleae
917 259 1031 299 sunt
1071 253 1198 299 altae
1241 261 1289 300 et
1337 251 1578 299 rotundae
1620 259 1804 310 turres;
1857 258 1905 298 et
1952 249 2113 298 dictae

370 335 568 382 cocleae
598 334 736 396 quasi
771 334 980 397 cycleae,
1017 334 1153 395 quod
1184 331 1234 380 in
1270 331 1339 382 eis
1374 341 1627 394 tamquam
1661 348 1746 394 per
1774 331 2011 380 circulum
2044 348 2114 380 or-

369 415 584 479 bemque
615 416 1009 475 conscendatur;
1048 414 1206 478 qualis
1239 423 1312 463 est
1347 417 1540 462 Romae
1573 423 1774 462 centum
1808 413 2116 478 septuaginta

275 506 344 553 39
369 499 590 561 quinque
620 497 845 560 pedibus.
919 498 1161 545 Thermas
1195 498 1464 560 appellatas
1499 497 1634 558 quod
1668 499 1858 545 caleant
1877 514 1888 556 3
1941 494 2116 545 Graeci

274 596 344 643 40
368 579 500 629 enim
551 581 720 644 θερμὸν
758 582 969 629 calorem
1016 588 1208 629 vocant.
1283 579 1480 627 Balneis
1519 595 1634 626 vero
1677 595 1860 627 nomen
1902 576 2115 626 inditum
2141 595 2163 636 5

366 680 395 710 a
436 662 681 712 levatione
722 662 986 722 maeroris;
1043 679 1158 711 nam
1198 662 1373 711 Graeci
1412 665 1667 726 βαλανεῖον
1702 660 1941 719 dixerunt,
1981 661 2117 723 quod

366 744 663 794 anxietatem
689 744 839 793 animi
866 746 1017 794 tollat.
1096 747 1238 793 Haec
1270 754 1317 793 et
1347 747 1601 809 gymnasia
1634 743 1881 802 dicuntur,
1909 741 2023 805 quia
2047 740 2117 791 ibi

365 828 580 876 athletae
628 836 779 875 uncto
828 844 1033 890 corpore
1083 835 1131 875 et
1180 828 1439 889 perfricato
1483 827 1711 876 manibus
1759 824 2119 885 exercitantur3

285 927 343 973 41
367 926 482 957 nam
498 912 758 976 γυμνάσιον
773 909 975 968 Graece,
998 910 1171 957 Latine
1192 909 1475 958 exercitium
1493 909 1683 958 dicitur.
1740 906 2114 970 Apodyterium,

367 991 454 1040 ubi
479 993 747 1040 lavantium
765 991 1058 1040 vestimenta
1082 1000 1350 1054 ponuntur,
1369 991 1433 1040 ab
1451 991 1679 1040 exuendo
1698 989 1885 1038 scilicet
1905 988 2091 1037 dictum
2107 1006 2120 1049 3
2145 1001 2176 1029 1<

279 1089 346 1137 42
369 1074 583 1123 ἀποδύειν
608 1074 740 1123 enim
768 1075 956 1123 Graece
982 1089 1158 1122 exuere
1192 1072 1385 1121 dicitur.
1458 1074 1670 1135 Propina
1703 1072 1922 1120 Graecus
1956 1088 2118 1121 sermo

369 1165 456 1215 est,
485 1173 611 1220 quae
640 1158 773 1220 apud
808 1173 898 1205 nos
932 1164 1160 1218 corrupte
1197 1155 1380 1219 popina
1412 1155 1618 1204 dicitur:
1671 1163 1743 1202 est
1778 1162 1943 1202 autem
1977 1155 2117 1203 locus

370 1238 502 1287 iuxta
526 1239 705 1288 balnea
724 1237 936 1302 publica,
957 1237 1042 1286 ubi
1060 1246 1171 1300 post
1188 1239 1435 1286 lavacrum
1456 1254 1485 1285 a
1500 1239 1628 1285 fame
1646 1245 1694 1285 et
1714 1235 1789 1284 siti
1817 1236 2114 1285 reficiuntur.

371 1321 519 1369 Vnde
559 1330 606 1370 et
645 1319 853 1383 propina
895 1328 942 1367 et
981 1318 1243 1381 propinare
1286 1317 1477 1367 dicitur.
1552 1321 1698 1366 Πεῖνα
1745 1315 1877 1366 enirn
1927 1316 2118 1365 Graece

282 1407 350 1455 43
371 1404 554 1451 famem
588 1402 842 1466 significat,
873 1418 932 1449 eo
970 1402 1107 1463 quod
1143 1399 1223 1448 hic
1254 1401 1391 1449 locus
1422 1401 1603 1448 famem
1635 1401 1784 1448 tollat.
1858 1399 2118 1447 Tabernae
2145 1420 2174 1459 1¹

371 1484 487 1533 olim
522 1485 826 1533 vocabantur
862 1484 1115 1531 aediculae
1152 1481 1459 1545 plebeiorum
1495 1497 1670 1544 parvae
1707 1489 1754 1529 et
1789 1479 2034 1542 simplices
2068 1480 2119 1529 in

369 1566 504 1627 vicis,
528 1566 699 1616 axibus
735 1575 782 1614 et
811 1565 990 1614 tabulis
1025 1566 1219 1613 clausae
1241 1583 1253 1625 3
1295 1566 1428 1613 unde
1459 1574 1506 1612 et
1536 1563 1853 1621 tabernariae,
1882 1563 2018 1624 quod
2051 1562 2119 1611 ibi

370 1650 597 1699 solebant
634 1650 917 1698 consedere.
992 1647 1167 1696 Dictae
1203 1656 1368 1696 autem
1407 1646 1639 1695 tabernae
1676 1646 1812 1708 quod
1849 1661 1905 1693 ex
1939 1645 2118 1694 tabulis

370 1731 613 1796 lignisque
661 1741 797 1780 erant
836 1740 1162 1789 constructae,
1215 1746 1342 1791 quae
1386 1746 1519 1777 nunc
1558 1738 1606 1777 et
1654 1727 1692 1776 si
1736 1744 1836 1776 non
1886 1727 2115 1790 speciem,

279 1826 347 1872 44
372 1831 557 1863 nomen
582 1823 749 1862 tamen
775 1812 1034 1876 pristinum
1072 1813 1297 1860 retinent.
1373 1812 1642 1859 Macellum
1677 1811 1863 1858 dictum
1890 1810 2025 1872 quod
2050 1809 2118 1858 ibi
2143 1829 2176 1856 2·

284 1907 350 1956 45
374 1905 650 1944 mactentur
675 1912 853 1959 pecora
879 1911 1005 1957 quae
1043 1892 1376 1942 mercantibus
1403 1893 1761 1941 venundantur.
1839 1893 2116 1940 Mercatum

373 1988 538 2027 autem
578 1996 607 2026 a
648 1979 931 2027 conmercio
971 1975 1296 2025 nominatum.
1373 1974 1450 2023 Ibi
1494 1973 1624 2022 enim
1665 1990 1739 2022 res
1789 1976 2000 2023 vendere
2042 1976 2119 2023 vel

374 2079 536 2110 emere
586 2062 784 2110 solitum
834 2070 906 2110 est
931 2079 942 2119 3
1001 2058 1126 2108 sicut
1175 2067 1223 2106 et
1271 2059 1524 2106 teloneum
1574 2055 1751 2105 dicitur
1798 2056 1882 2105 ubi
1932 2073 2118 2105 merces

374 2142 571 2191 navium
604 2153 650 2192 et
684 2152 942 2191 nautarum
974 2143 1311 2190 emolumenta
1344 2141 1630 2189 redduntur.
1707 2139 1783 2186 Ibi
1818 2138 1948 2186 enim
1975 2140 2119 2189 vecti-

373 2225 492 2288 galis
518 2235 714 2274 exactor
738 2225 878 2274 sedet
901 2223 1113 2286 pretium
1138 2223 1284 2271 rebus
1317 2221 1630 2284 inpositurUS‚
1660 2230 1707 2269 et
1741 2237 1861 2268 voce
1886 2237 1914 2268 a
1939 2237 2117 2270 merca·
2145 2238 2176 2266 2·

280 2316 352 2374 46
375 2307 562 2356 toribus
588 2306 823 2370 flagitans.
899 2305 1079 2355 Carcer
1104 2314 1176 2354 est
1201 2322 1230 2352 a
1255 2320 1355 2366 quo
1382 2302 1698 2366 prohibemur
1724 2301 1865 2361 exire,
1885 2311 1933 2351 et
1958 2302 2118 2352 dictus

428 2452 452 2477 2
481 2437 616 2488 quod]
648 2437 744 2486 quia
764 2435 805 2474 Β
929 2449 1007 2486 per
1027 2436 1176 2474 ciclum
1198 2434 1244 2472 K
1366 2434 1598 2483 urbemque
1619 2432 1679 2470 Κ1
1883 2445 1908 2481 4
1939 2431 2011 2471 Gr.
2027 2436 2126 2482 post

373 2506 465 2533 voc.
489 2492 535 2530 K
701 2504 725 2540 5
757 2492 869 2530 enirn
891 2504 974 2531 om.
998 2489 1043 2527 K
1163 2489 1313 2528 Balnei
1333 2489 1379 2526 K
1398 2503 1406 2528 ;
1437 2487 1622 2527 Banneis
1650 2487 1686 2525 T
1845 2489 1872 2524 6
1900 2487 1983 2525 lev.
2003 2486 2122 2525 deta:

374 2549 586 2587 labatione
606 2546 691 2586 ΒΚ
699 2545 758 2585 T:
789 2546 1004 2585 lavatione
1028 2545 1063 2585 C
1195 2544 1359 2583 Graece
1380 2557 1462 2583 om.
1484 2541 1531 2580 K
1743 2555 1769 2591 9
1799 2540 2119 2591 Apoletherium

378 2602 455 2642 CK
473 2617 482 2641 ε
513 2602 804 2652 Apoleterium
826 2601 867 2639 Β
881 2618 887 2641 ;
917 2599 1186 2650 Apoletrium
1209 2599 1252 2636 K
1431 2611 1480 2635 10
1509 2596 1707 2635 exeundo
1731 2595 1779 2634 C¹
1895 2596 1976 2636 dic.
1999 2608 2056 2634 sc.
2078 2594 2119 2632 Β

380 2671 424 2696 11
459 2657 573 2704 ἀπο.Ἱ
596 2657 843 2707 apodeterin
865 2654 946 2693 BC
950 2655 1006 2693 T:
1037 2653 1276 2704 apoletheri
1296 2652 1342 2690 K
1464 2652 1624 2701 Popina
1647 2649 1682 2689 C
1862 2663 1909 2689 12
1939 2650 2119 2700 propina

379 2714 518 2764 (-inna
538 2710 600 2763 K)
623 2710 732 2750 codd.
878 2723 924 2758 13
953 2710 1126 2748 balneas
1147 2707 1336 2757 publicas
1357 2707 1391 2746 C
1475 2707 1587 2744 seme
1609 2705 1657 2744 Cl
1811 2718 1857 2754 14
1887 2705 2063 2755 probina
2078 2701 2124 2740 K

383 2780 431 2816 15
461 2768 567 2816 sign.
592 2797 601 2806 .
627 2795 637 2804 .
663 2796 673 2805 .
695 2765 846 2804 famem
867 2779 950 2805 om.
978 2763 1027 2803 Cl
1142 2766 1191 2801 16
1220 2762 1372 2801 ediculi
1392 2760 1432 2798 Β
1571 2773 1618 2809 17
1650 2758 1820 2799 saxibus
1848 2758 1885 2798 T·
1951 2758 2121 2798 tabulae
2168 2788 2170 2790 ,

378 2822 424 2860 K
550 2821 668 2860 claus
689 2821 783 2869 (sic)
813 2819 850 2857 T
993 2818 1222 2858 tabernarii
1242 2815 1287 2854 K
1432 2815 1564 2866 quod]
1586 2815 1681 2864 quia
1699 2814 1741 2853 Β
1941 2814 1990 2852 18
2019 2826 2120 2852 con-

376 2879 519 2917 sidere
543 2876 597 2916 C:
629 2875 851 2915 consedire
875 2874 912 2912 T
1017 2873 1148 2924 quod]
1173 2873 1268 2922 quia
1285 2871 1326 2909 Β
1440 2883 1490 2919 19
1518 2870 1670 2919 ligneis
1690 2882 1795 2919 quae
1814 2867 1872 2907 Β1
1976 2873 2018 2907 et
2034 2881 2118 2908 om.

379 2932 415 2972 C
518 2931 688 2982 speciae
709 2928 755 2968 K
889 2942 941 2979 23
971 2929 1186 2968 toloneum
1204 2924 1327 2966 BCK
1341 2939 1350 2964 ε
1380 2925 1626 2964 tholoneum
1655 2922 1692 2961 T
1815 2934 1866 2972 25
1897 2923 2063 2962 exactio
2079 2921 2126 2960 K

378 2987 660 3038 inpositurum
674 2998 739 3024 vo.
754 2983 799 3021 K
879 2983 1176 3022 clamatoribus
1188 2980 1235 3019 K
1247 2982 1350 3031 (non
1367 2979 1526 3019 Monac.
1530 2978 1670 3030 frag.)
1769 2980 1821 3016 26
1841 2978 2120 3027 prohibentur

379 3042 423 3080 K
443 3043 543 3094 (non
566 3041 724 3080 Monac.
736 3040 875 3090 frag.)
