<?xml version="1.0" encoding="UTF-8"?>
<!DOCTYPE html PUBLIC "-//W3C//DTD XHTML 1.0 Transitional//EN"
    "http://www.w3.org/TR/xhtml1/DTD/xhtml1-transitional.dtd">
<html xmlns="http://www.w3.org/1999/xhtml" xml:lang="en" lang="en">
 <head>
  <title>
</title>
<meta http-equiv="Content-Type" content="text/html;charset=utf-8" />
  <meta name='ocr-system' content='tesseract 3.04.00' />
  <meta name='ocr-capabilities' content='ocr_page ocr_carea ocr_par ocr_line ocrx_word'/>
</head>
<body>
  <div class='ocr_page' id='page_1' title='image "./isidori01isiduoft/isidori01isiduoft_0749.png"; bbox 0 0 2176 3424; ppageno 0'>
   <div class='ocr_carea' id='block_1_1' title="bbox 405 80 1599 129">
    <p class='ocr_par' dir='ltr' id='par_1_1' title="bbox 405 80 1599 129">
     <span class='ocr_line' id='line_1_1' title="bbox 405 80 1599 129; baseline 0.001 -2"><span class='ocrx_word' id='word_1_1' title='bbox 405 80 1036 128; x_wconf 83' lang='lat' dir='ltr'><strong>ETYMOLOGIARVM</strong></span> <span class='ocrx_word' id='word_1_2' title='bbox 1078 82 1204 129; x_wconf 89' lang='lat' dir='ltr'><strong>LIB.</strong></span> <span class='ocrx_word' id='word_1_3' title='bbox 1246 83 1385 129; x_wconf 92' lang='lat' dir='ltr'>XIX.</span> <span class='ocrx_word' id='word_1_4' title='bbox 1425 82 1599 129; x_wconf 82' lang='lat' dir='ltr'><strong>xi-xvii</strong></span> 
     </span>
    </p>
   </div>
   <div class='ocr_carea' id='block_1_2' title="bbox 51 210 2025 2567">
    <p class='ocr_par' dir='ltr' id='par_1_2' title="bbox 51 210 2025 2567">
     <span class='ocr_line' id='line_1_2' title="bbox 136 210 1873 275; baseline 0.002 -18"><span class='ocrx_word' id='word_1_5' title='bbox 136 211 337 270; x_wconf 83' lang='lat' dir='ltr'><strong>Graece,</strong></span> <span class='ocrx_word' id='word_1_6' title='bbox 365 211 500 272; x_wconf 92' lang='lat' dir='ltr'><strong>quod</strong></span> <span class='ocrx_word' id='word_1_7' title='bbox 541 210 712 259; x_wconf 82' lang='lat' dir='ltr'>Latine</span> <span class='ocrx_word' id='word_1_8' title='bbox 741 219 813 259; x_wconf 88' lang='lat' dir='ltr'><strong>est</strong></span> <span class='ocrx_word' id='word_1_9' title='bbox 848 212 1028 273; x_wconf 88' lang='lat' dir='ltr'><strong>fingere</strong></span> <span class='ocrx_word' id='word_1_10' title='bbox 1059 220 1183 259; x_wconf 86' lang='lat' dir='ltr'><strong>terra</strong></span> <span class='ocrx_word' id='word_1_11' title='bbox 1213 213 1289 259; x_wconf 93' lang='lat' dir='ltr'><strong>vel</strong></span> <span class='ocrx_word' id='word_1_12' title='bbox 1322 228 1477 275; x_wconf 84' lang='lat' dir='ltr'>gypso</span> <span class='ocrx_word' id='word_1_13' title='bbox 1514 211 1873 262; x_wconf 81' lang='lat' dir='ltr'><strong>similitudines.</strong></span> 
     </span>
     <span class='ocr_line' id='line_1_3' title="bbox 138 291 1874 358; baseline 0.002 -18"><span class='ocrx_word' id='word_1_14' title='bbox 138 293 263 340; x_wconf 90' lang='lat' dir='ltr'><strong>Nam</strong></span> <span class='ocrx_word' id='word_1_15' title='bbox 306 302 353 340; x_wconf 93' lang='lat' dir='ltr'><strong>et</strong></span> <span class='ocrx_word' id='word_1_16' title='bbox 393 291 610 354; x_wconf 89' lang='lat' dir='ltr'><strong>inpressa</strong></span> <span class='ocrx_word' id='word_1_17' title='bbox 648 292 814 355; x_wconf 86' lang='lat' dir='ltr'><strong>argilla</strong></span> <span class='ocrx_word' id='word_1_18' title='bbox 857 294 1063 341; x_wconf 89' lang='lat' dir='ltr'><strong>formam</strong></span> <span class='ocrx_word' id='word_1_19' title='bbox 1112 292 1327 356; x_wconf 82' lang='lat' dir='ltr'><strong>aliquam</strong></span> <span class='ocrx_word' id='word_1_20' title='bbox 1367 295 1526 342; x_wconf 89' lang='lat' dir='ltr'><strong>facere</strong></span> <span class='ocrx_word' id='word_1_21' title='bbox 1572 294 1741 358; x_wconf 88' lang='lat' dir='ltr'><strong>plastis</strong></span> <span class='ocrx_word' id='word_1_22' title='bbox 1788 304 1874 344; x_wconf 90' lang='lat' dir='ltr'><strong>est.</strong></span> 
     </span>
     <span class='ocr_line' id='line_1_4' title="bbox 136 370 1878 435; baseline 0.003 -19"><span class='ocrx_word' id='word_1_23' title='bbox 136 370 282 418; x_wconf 88' lang='lat' dir='ltr'><strong>Vnde</strong></span> <span class='ocrx_word' id='word_1_24' title='bbox 308 378 355 418; x_wconf 92' lang='lat' dir='ltr'><strong>et</strong></span> <span class='ocrx_word' id='word_1_25' title='bbox 379 372 710 434; x_wconf 85' lang='lat' dir='ltr'>protoplastus</span> <span class='ocrx_word' id='word_1_26' title='bbox 741 379 813 419; x_wconf 93' lang='lat' dir='ltr'><strong>est</strong></span> <span class='ocrx_word' id='word_1_27' title='bbox 847 370 1007 420; x_wconf 88' lang='lat' dir='ltr'><strong>dictus</strong></span> <span class='ocrx_word' id='word_1_28' title='bbox 1042 372 1194 420; x_wconf 92' lang='lat' dir='ltr'><strong>homo</strong></span> <span class='ocrx_word' id='word_1_29' title='bbox 1228 373 1311 435; x_wconf 93' lang='lat' dir='ltr'><strong>qui</strong></span> <span class='ocrx_word' id='word_1_30' title='bbox 1346 388 1404 420; x_wconf 87' lang='lat' dir='ltr'><strong>ex</strong></span> <span class='ocrx_word' id='word_1_31' title='bbox 1437 371 1556 421; x_wconf 92' lang='lat' dir='ltr'><strong>limo</strong></span> <span class='ocrx_word' id='word_1_32' title='bbox 1590 372 1775 435; x_wconf 88' lang='lat' dir='ltr'><strong>primus</strong></span> <span class='ocrx_word' id='word_1_33' title='bbox 1806 382 1878 422; x_wconf 90' lang='lat' dir='ltr'><strong>est</strong></span> 
     </span>
     <span class='ocr_line' id='line_1_5' title="bbox 134 450 380 500; baseline 0.008 -2"><span class='ocrx_word' id='word_1_34' title='bbox 134 450 380 500; x_wconf 66' lang='lat' dir='ltr'><strong>conditus</strong></span> 
     </span>
     <span class='ocr_line' id='line_1_6' title="bbox 88 533 2004 599; baseline 0.003 -19"><span class='ocrx_word' id='word_1_35' title='bbox 88 555 108 594; x_wconf 88' lang='lat'>5</span> <span class='ocrx_word' id='word_1_36' title='bbox 272 535 354 581; x_wconf 84' lang='lat' dir='ltr'><strong>DE</strong></span> <span class='ocrx_word' id='word_1_37' title='bbox 381 548 616 582; x_wconf 80' lang='lat' dir='ltr'><strong>PICTVRA.</strong></span> <span class='ocrx_word' id='word_1_38' title='bbox 682 533 874 583; x_wconf 84' lang='lat' dir='ltr'><strong>Pictura</strong></span> <span class='ocrx_word' id='word_1_39' title='bbox 891 543 1057 583; x_wconf 91' lang='lat' dir='ltr'><strong>autem</strong></span> <span class='ocrx_word' id='word_1_40' title='bbox 1083 543 1156 584; x_wconf 90' lang='lat' dir='ltr'><strong>est</strong></span> <span class='ocrx_word' id='word_1_41' title='bbox 1182 533 1344 598; x_wconf 87' lang='lat' dir='ltr'><strong>imago</strong></span> <span class='ocrx_word' id='word_1_42' title='bbox 1364 535 1641 598; x_wconf 85' lang='lat' dir='ltr'><strong>exprimens</strong></span> <span class='ocrx_word' id='word_1_43' title='bbox 1661 536 1877 599; x_wconf 89' lang='lat' dir='ltr'><strong>speciem</strong></span> <span class='ocrx_word' id='word_1_44' title='bbox 1903 540 2004 580; x_wconf 91' lang='lat' dir='ltr'><strong>XVI</strong></span> 
     </span>
     <span class='ocr_line' id='line_1_7' title="bbox 134 613 1876 678; baseline 0.005 -18"><span class='ocrx_word' id='word_1_45' title='bbox 134 613 200 662; x_wconf 89' lang='lat' dir='ltr'><strong>rei</strong></span> <span class='ocrx_word' id='word_1_46' title='bbox 236 614 454 675; x_wconf 89' lang='lat' dir='ltr'><strong>alicuius,</strong></span> <span class='ocrx_word' id='word_1_47' title='bbox 490 633 615 678; x_wconf 89' lang='lat' dir='ltr'><strong>quae</strong></span> <span class='ocrx_word' id='word_1_48' title='bbox 652 617 772 664; x_wconf 92' lang='lat' dir='ltr'><strong>dum</strong></span> <span class='ocrx_word' id='word_1_49' title='bbox 809 615 910 664; x_wconf 88' lang='lat' dir='ltr'><strong>visa</strong></span> <span class='ocrx_word' id='word_1_50' title='bbox 947 616 1089 665; x_wconf 90' lang='lat' dir='ltr'><strong>fuerit</strong></span> <span class='ocrx_word' id='word_1_51' title='bbox 1124 618 1188 666; x_wconf 92' lang='lat' dir='ltr'><strong>ad</strong></span> <span class='ocrx_word' id='word_1_52' title='bbox 1225 618 1620 666; x_wconf 87' lang='lat' dir='ltr'><strong>recordationem</strong></span> <span class='ocrx_word' id='word_1_53' title='bbox 1658 628 1876 668; x_wconf 91' lang='lat' dir='ltr'><strong>mentem</strong></span> 
     </span>
     <span class='ocr_line' id='line_1_8' title="bbox 132 696 1877 764; baseline 0.003 -21"><span class='ocrx_word' id='word_1_54' title='bbox 132 696 335 746; x_wconf 88' lang='lat' dir='ltr'><strong>reducit.</strong></span> <span class='ocrx_word' id='word_1_55' title='bbox 413 697 605 746; x_wconf 86' lang='lat' dir='ltr'><strong>Pictura</strong></span> <span class='ocrx_word' id='word_1_56' title='bbox 638 706 805 746; x_wconf 90' lang='lat' dir='ltr'><strong>autem</strong></span> <span class='ocrx_word' id='word_1_57' title='bbox 841 697 973 747; x_wconf 90' lang='lat' dir='ltr'><strong>dicta</strong></span> <span class='ocrx_word' id='word_1_58' title='bbox 1010 700 1149 761; x_wconf 88' lang='lat' dir='ltr'><strong>quasi</strong></span> <span class='ocrx_word' id='word_1_59' title='bbox 1187 700 1387 760; x_wconf 82' lang='lat' dir='ltr'><strong>fictura3</strong></span> <span class='ocrx_word' id='word_1_60' title='bbox 1435 708 1508 748; x_wconf 87' lang='lat' dir='ltr'><strong>est</strong></span> <span class='ocrx_word' id='word_1_61' title='bbox 1543 699 1677 749; x_wconf 90' lang='lat' dir='ltr'><strong>enim</strong></span> <span class='ocrx_word' id='word_1_62' title='bbox 1715 702 1877 764; x_wconf 87' lang='lat' dir='ltr'><strong>imago</strong></span> 
     </span>
     <span class='ocr_line' id='line_1_9' title="bbox 134 779 1877 844; baseline 0.003 -18"><span class='ocrx_word' id='word_1_63' title='bbox 134 779 261 838; x_wconf 88' lang='lat' dir='ltr'><strong>ficta,</strong></span> <span class='ocrx_word' id='word_1_64' title='bbox 290 796 389 827; x_wconf 94' lang='lat' dir='ltr'><strong>non</strong></span> <span class='ocrx_word' id='word_1_65' title='bbox 417 781 604 828; x_wconf 90' lang='lat' dir='ltr'><strong>veritas.</strong></span> <span class='ocrx_word' id='word_1_66' title='bbox 682 779 819 828; x_wconf 90' lang='lat' dir='ltr'><strong>Hinc</strong></span> <span class='ocrx_word' id='word_1_67' title='bbox 849 789 897 828; x_wconf 91' lang='lat' dir='ltr'><strong>et</strong></span> <span class='ocrx_word' id='word_1_68' title='bbox 930 781 1106 841; x_wconf 90' lang='lat' dir='ltr'><strong>fucata,</strong></span> <span class='ocrx_word' id='word_1_69' title='bbox 1136 780 1186 830; x_wconf 93' lang='lat' dir='ltr'><strong>id</strong></span> <span class='ocrx_word' id='word_1_70' title='bbox 1221 790 1293 830; x_wconf 89' lang='lat' dir='ltr'><strong>est</strong></span> <span class='ocrx_word' id='word_1_71' title='bbox 1325 782 1441 829; x_wconf 90' lang='lat' dir='ltr'><strong>ficto</strong></span> <span class='ocrx_word' id='word_1_72' title='bbox 1467 783 1686 844; x_wconf 89' lang='lat' dir='ltr'><strong>quodam</strong></span> <span class='ocrx_word' id='word_1_73' title='bbox 1712 785 1877 833; x_wconf 88' lang='lat' dir='ltr'><strong>colore</strong></span> 
     </span>
     <span class='ocr_line' id='line_1_10' title="bbox 133 859 1876 927; baseline 0.005 -21"><span class='ocrx_word' id='word_1_74' title='bbox 133 859 282 919; x_wconf 90' lang='lat' dir='ltr'><strong>inlita,</strong></span> <span class='ocrx_word' id='word_1_75' title='bbox 313 859 433 908; x_wconf 90' lang='lat' dir='ltr'><strong>nihil</strong></span> <span class='ocrx_word' id='word_1_76' title='bbox 460 860 575 909; x_wconf 90' lang='lat' dir='ltr'><strong>fidei</strong></span> <span class='ocrx_word' id='word_1_77' title='bbox 601 870 648 910; x_wconf 93' lang='lat' dir='ltr'><strong>et</strong></span> <span class='ocrx_word' id='word_1_78' title='bbox 673 860 886 910; x_wconf 89' lang='lat' dir='ltr'><strong>veritatis</strong></span> <span class='ocrx_word' id='word_1_79' title='bbox 912 861 1161 911; x_wconf 89' lang='lat' dir='ltr'><strong>habentia.</strong></span> <span class='ocrx_word' id='word_1_80' title='bbox 1233 864 1381 912; x_wconf 90' lang='lat' dir='ltr'><strong>Vnde</strong></span> <span class='ocrx_word' id='word_1_81' title='bbox 1408 872 1456 911; x_wconf 87' lang='lat' dir='ltr'><strong>et</strong></span> <span class='ocrx_word' id='word_1_82' title='bbox 1488 873 1602 912; x_wconf 92' lang='lat' dir='ltr'><strong>sunt</strong></span> <span class='ocrx_word' id='word_1_83' title='bbox 1631 866 1876 927; x_wconf 81' lang='lat' dir='ltr'><strong>quaedam</strong></span> 
     </span>
     <span class='ocr_line' id='line_1_11' title="bbox 63 941 1874 1009; baseline 0.002 -16"><span class='ocrx_word' id='word_1_84' title='bbox 63 964 110 993; x_wconf 85' lang='grc' dir='ltr'><strong>ιο</strong></span> <span class='ocrx_word' id='word_1_85' title='bbox 131 941 349 1004; x_wconf 86' lang='lat' dir='ltr'><strong>picturae</strong></span> <span class='ocrx_word' id='word_1_86' title='bbox 375 959 501 1006; x_wconf 89' lang='lat' dir='ltr'><strong>quae</strong></span> <span class='ocrx_word' id='word_1_87' title='bbox 522 959 727 1007; x_wconf 88' lang='lat' dir='ltr'><strong>corpora</strong></span> <span class='ocrx_word' id='word_1_88' title='bbox 745 943 959 993; x_wconf 90' lang='lat' dir='ltr'><strong>veritatis</strong></span> <span class='ocrx_word' id='word_1_89' title='bbox 981 943 1145 994; x_wconf 88' lang='lat' dir='ltr'><strong>studio</strong></span> <span class='ocrx_word' id='word_1_90' title='bbox 1165 945 1343 994; x_wconf 89' lang='lat' dir='ltr'><strong>coloris</strong></span> <span class='ocrx_word' id='word_1_91' title='bbox 1365 947 1610 995; x_wconf 90' lang='lat' dir='ltr'><strong>excedunt</strong></span> <span class='ocrx_word' id='word_1_92' title='bbox 1635 955 1682 995; x_wconf 90' lang='lat' dir='ltr'><strong>et</strong></span> <span class='ocrx_word' id='word_1_93' title='bbox 1709 949 1874 1009; x_wconf 89' lang='lat' dir='ltr'><strong>fidem,</strong></span> 
     </span>
     <span class='ocr_line' id='line_1_12' title="bbox 132 1025 1878 1091; baseline 0.002 -19"><span class='ocrx_word' id='word_1_94' title='bbox 132 1025 251 1072; x_wconf 93' lang='lat' dir='ltr'><strong>dum</strong></span> <span class='ocrx_word' id='word_1_95' title='bbox 288 1040 465 1088; x_wconf 88' lang='lat' dir='ltr'><strong>augere</strong></span> <span class='ocrx_word' id='word_1_96' title='bbox 502 1027 825 1085; x_wconf 91' lang='lat' dir='ltr'><strong>contendunt,</strong></span> <span class='ocrx_word' id='word_1_97' title='bbox 853 1027 917 1074; x_wconf 89' lang='lat' dir='ltr'><strong>ad</strong></span> <span class='ocrx_word' id='word_1_98' title='bbox 949 1026 1264 1075; x_wconf 90' lang='lat' dir='ltr'><strong>mendacium</strong></span> <span class='ocrx_word' id='word_1_99' title='bbox 1299 1029 1576 1091; x_wconf 91' lang='lat' dir='ltr'><strong>provehunt</strong></span> <span class='ocrx_word' id='word_1_100' title='bbox 1594 1047 1607 1090; x_wconf 79' lang='lat'><em>3</em></span> <span class='ocrx_word' id='word_1_101' title='bbox 1643 1028 1768 1076; x_wconf 91' lang='lat' dir='ltr'><strong>sicut</strong></span> <span class='ocrx_word' id='word_1_102' title='bbox 1793 1028 1878 1090; x_wconf 88' lang='lat' dir='ltr'><strong>qui</strong></span> 
     </span>
     <span class='ocr_line' id='line_1_13' title="bbox 132 1106 1874 1172; baseline 0.001 -17"><span class='ocrx_word' id='word_1_103' title='bbox 132 1107 444 1155; x_wconf 87' lang='lat' dir='ltr'><strong>Chimaeram</strong></span> <span class='ocrx_word' id='word_1_104' title='bbox 477 1106 736 1169; x_wconf 91' lang='lat' dir='ltr'><strong>tricipitem</strong></span> <span class='ocrx_word' id='word_1_105' title='bbox 772 1106 996 1170; x_wconf 89' lang='lat' dir='ltr'><strong>pingunt,</strong></span> <span class='ocrx_word' id='word_1_106' title='bbox 1023 1110 1101 1157; x_wconf 90' lang='lat' dir='ltr'><strong>vel</strong></span> <span class='ocrx_word' id='word_1_107' title='bbox 1136 1111 1348 1172; x_wconf 88' lang='lat' dir='ltr'><strong>Scyllam</strong></span> <span class='ocrx_word' id='word_1_108' title='bbox 1383 1109 1640 1159; x_wconf 92' lang='lat' dir='ltr'><strong>hominem</strong></span> <span class='ocrx_word' id='word_1_109' title='bbox 1667 1127 1874 1168; x_wconf 89' lang='lat' dir='ltr'><strong>sursum,</strong></span> 
     </span>
     <span class='ocr_line' id='line_1_14' title="bbox 130 1187 1930 1253; baseline 0.004 -18"><span class='ocrx_word' id='word_1_110' title='bbox 130 1187 317 1236; x_wconf 90' lang='lat' dir='ltr'><strong>caninis</strong></span> <span class='ocrx_word' id='word_1_111' title='bbox 353 1198 519 1237; x_wconf 88' lang='lat' dir='ltr'><strong>autem</strong></span> <span class='ocrx_word' id='word_1_112' title='bbox 557 1189 799 1253; x_wconf 88' lang='lat' dir='ltr'><strong>capitibus</strong></span> <span class='ocrx_word' id='word_1_113' title='bbox 836 1189 1050 1238; x_wconf 88' lang='lat' dir='ltr'><strong>cinctam</strong></span> <span class='ocrx_word' id='word_1_114' title='bbox 1088 1192 1333 1241; x_wconf 90' lang='lat' dir='ltr'><strong>deorsum.</strong></span> <span class='ocrx_word' id='word_1_115' title='bbox 1421 1192 1667 1241; x_wconf 85' lang='lat' dir='ltr'><strong>Picturam</strong></span> <span class='ocrx_word' id='word_1_116' title='bbox 1709 1201 1875 1242; x_wconf 90' lang='lat' dir='ltr'><strong>autem</strong></span> <span class='ocrx_word' id='word_1_117' title='bbox 1900 1208 1930 1242; x_wconf 85' lang='lat'>2</span> 
     </span>
     <span class='ocr_line' id='line_1_15' title="bbox 130 1270 1878 1334; baseline 0.003 -17"><span class='ocrx_word' id='word_1_118' title='bbox 130 1271 356 1333; x_wconf 85' lang='lat' dir='ltr'><strong>Aegyptii</strong></span> <span class='ocrx_word' id='word_1_119' title='bbox 384 1270 780 1333; x_wconf 88' lang='lat' dir='ltr'><strong>excogitaverunt</strong></span> <span class='ocrx_word' id='word_1_120' title='bbox 806 1272 1019 1334; x_wconf 91' lang='lat' dir='ltr'><strong>primum</strong></span> <span class='ocrx_word' id='word_1_121' title='bbox 1046 1273 1220 1322; x_wconf 91' lang='lat' dir='ltr'><strong>umbra</strong></span> <span class='ocrx_word' id='word_1_122' title='bbox 1254 1274 1469 1323; x_wconf 88' lang='lat' dir='ltr'><strong>hominis</strong></span> <span class='ocrx_word' id='word_1_123' title='bbox 1504 1274 1644 1324; x_wconf 88' lang='lat' dir='ltr'><strong>lineis</strong></span> <span class='ocrx_word' id='word_1_124' title='bbox 1675 1274 1878 1323; x_wconf 89' lang='lat' dir='ltr'><strong>circum-</strong></span> 
     </span>
     <span class='ocr_line' id='line_1_16' title="bbox 60 1352 1879 1420; baseline 0.005 -23"><span class='ocrx_word' id='word_1_125' title='bbox 60 1369 105 1409; x_wconf 85' lang='lat'><strong>15</strong></span> <span class='ocrx_word' id='word_1_126' title='bbox 130 1353 291 1400; x_wconf 89' lang='lat' dir='ltr'><strong>ducta.</strong></span> <span class='ocrx_word' id='word_1_127' title='bbox 367 1355 542 1415; x_wconf 89' lang='lat' dir='ltr'><strong>Itaque</strong></span> <span class='ocrx_word' id='word_1_128' title='bbox 579 1352 719 1401; x_wconf 91' lang='lat' dir='ltr'><strong>initio</strong></span> <span class='ocrx_word' id='word_1_129' title='bbox 757 1355 879 1414; x_wconf 86' lang='lat' dir='ltr'><strong>talis,</strong></span> <span class='ocrx_word' id='word_1_130' title='bbox 915 1356 1133 1404; x_wconf 91' lang='lat' dir='ltr'><strong>secunda</strong></span> <span class='ocrx_word' id='word_1_131' title='bbox 1170 1355 1373 1419; x_wconf 90' lang='lat' dir='ltr'><strong>singulis</strong></span> <span class='ocrx_word' id='word_1_132' title='bbox 1410 1357 1672 1418; x_wconf 89' lang='lat' dir='ltr'><strong>coloribus,</strong></span> <span class='ocrx_word' id='word_1_133' title='bbox 1707 1368 1879 1420; x_wconf 91' lang='lat' dir='ltr'><strong>postea</strong></span> 
     </span>
     <span class='ocr_line' id='line_1_17' title="bbox 129 1433 1880 1500; baseline 0.004 -19"><span class='ocrx_word' id='word_1_134' title='bbox 129 1433 360 1493; x_wconf 86' lang='lat' dir='ltr'><strong>diversis;</strong></span> <span class='ocrx_word' id='word_1_135' title='bbox 398 1434 566 1497; x_wconf 89' lang='lat' dir='ltr'><strong>sicque</strong></span> <span class='ocrx_word' id='word_1_136' title='bbox 597 1436 831 1498; x_wconf 89' lang='lat' dir='ltr'><strong>paulatim</strong></span> <span class='ocrx_word' id='word_1_137' title='bbox 868 1453 975 1485; x_wconf 91' lang='lat' dir='ltr'><strong>sese</strong></span> <span class='ocrx_word' id='word_1_138' title='bbox 1010 1453 1086 1486; x_wconf 90' lang='lat' dir='ltr'><strong>ars</strong></span> <span class='ocrx_word' id='word_1_139' title='bbox 1118 1437 1222 1500; x_wconf 90' lang='lat' dir='ltr'><strong>ipsa</strong></span> <span class='ocrx_word' id='word_1_140' title='bbox 1258 1438 1492 1499; x_wconf 86' lang='lat' dir='ltr'><strong>distinxit,</strong></span> <span class='ocrx_word' id='word_1_141' title='bbox 1521 1449 1568 1488; x_wconf 94' lang='lat' dir='ltr'><strong>et</strong></span> <span class='ocrx_word' id='word_1_142' title='bbox 1600 1440 1785 1490; x_wconf 89' lang='lat' dir='ltr'><strong>invenit</strong></span> <span class='ocrx_word' id='word_1_143' title='bbox 1811 1442 1880 1488; x_wconf 88' lang='lat' dir='ltr'><strong>lu-</strong></span> 
     </span>
     <span class='ocr_line' id='line_1_18' title="bbox 131 1517 1878 1582; baseline 0.005 -19"><span class='ocrx_word' id='word_1_144' title='bbox 131 1532 244 1564; x_wconf 90' lang='lat' dir='ltr'><strong>men</strong></span> <span class='ocrx_word' id='word_1_145' title='bbox 286 1525 435 1579; x_wconf 87' lang='lat' dir='ltr'><strong>atque</strong></span> <span class='ocrx_word' id='word_1_146' title='bbox 478 1517 675 1566; x_wconf 89' lang='lat' dir='ltr'><strong>umbras</strong></span> <span class='ocrx_word' id='word_1_147' title='bbox 719 1517 1118 1582; x_wconf 88' lang='lat' dir='ltr'><strong>differentiasque</strong></span> <span class='ocrx_word' id='word_1_148' title='bbox 1159 1521 1396 1570; x_wconf 89' lang='lat' dir='ltr'><strong>colorum.</strong></span> <span class='ocrx_word' id='word_1_149' title='bbox 1470 1524 1617 1571; x_wconf 91' lang='lat' dir='ltr'><strong>Vnde</strong></span> <span class='ocrx_word' id='word_1_150' title='bbox 1660 1532 1707 1572; x_wconf 93' lang='lat' dir='ltr'><strong>et</strong></span> <span class='ocrx_word' id='word_1_151' title='bbox 1745 1541 1878 1572; x_wconf 91' lang='lat' dir='ltr'><strong>nunc</strong></span> 
     </span>
     <span class='ocr_line' id='line_1_19' title="bbox 130 1597 1877 1668; baseline 0.005 -23"><span class='ocrx_word' id='word_1_152' title='bbox 130 1597 339 1660; x_wconf 90' lang='lat' dir='ltr'><strong>pictores</strong></span> <span class='ocrx_word' id='word_1_153' title='bbox 377 1598 508 1662; x_wconf 90' lang='lat' dir='ltr'><strong>prius</strong></span> <span class='ocrx_word' id='word_1_154' title='bbox 543 1599 742 1648; x_wconf 85' lang='lat' dir='ltr'><strong>umbras</strong></span> <span class='ocrx_word' id='word_1_155' title='bbox 776 1602 1016 1662; x_wconf 89' lang='lat' dir='ltr'><strong>quasdam</strong></span> <span class='ocrx_word' id='word_1_156' title='bbox 1052 1611 1099 1650; x_wconf 86' lang='lat' dir='ltr'><strong>et</strong></span> <span class='ocrx_word' id='word_1_157' title='bbox 1134 1601 1285 1651; x_wconf 91' lang='lat' dir='ltr'><strong>lineas</strong></span> <span class='ocrx_word' id='word_1_158' title='bbox 1316 1605 1506 1653; x_wconf 89' lang='lat' dir='ltr'><strong>futurae</strong></span> <span class='ocrx_word' id='word_1_159' title='bbox 1540 1604 1765 1668; x_wconf 86' lang='lat' dir='ltr'><strong>imaginis</strong></span> <span class='ocrx_word' id='word_1_160' title='bbox 1791 1607 1877 1654; x_wconf 93' lang='lat' dir='ltr'><strong>du-</strong></span> 
     </span>
     <span class='ocr_line' id='line_1_20' title="bbox 130 1681 1877 1746; baseline 0.006 -19"><span class='ocrx_word' id='word_1_161' title='bbox 130 1689 256 1740; x_wconf 90' lang='lat' dir='ltr'><strong>cent,</strong></span> <span class='ocrx_word' id='word_1_162' title='bbox 296 1682 478 1730; x_wconf 87' lang='lat' dir='ltr'><strong>deinde</strong></span> <span class='ocrx_word' id='word_1_163' title='bbox 522 1681 770 1730; x_wconf 89' lang='lat' dir='ltr'><strong>coloribus</strong></span> <span class='ocrx_word' id='word_1_164' title='bbox 812 1685 1061 1746; x_wconf 89' lang='lat' dir='ltr'><strong>conplent,</strong></span> <span class='ocrx_word' id='word_1_165' title='bbox 1104 1693 1330 1734; x_wconf 89' lang='lat' dir='ltr'><strong>tenentes</strong></span> <span class='ocrx_word' id='word_1_166' title='bbox 1375 1686 1602 1735; x_wconf 92' lang='lat' dir='ltr'><strong>ordinem</strong></span> <span class='ocrx_word' id='word_1_167' title='bbox 1648 1686 1877 1737; x_wconf 90' lang='lat' dir='ltr'><strong>inventae</strong></span> 
     </span>
     <span class='ocr_line' id='line_1_21' title="bbox 54 1760 426 1811; baseline 0.003 0"><span class='ocrx_word' id='word_1_168' title='bbox 54 1783 105 1811; x_wconf 81' lang='lat'><strong>20</strong></span> <span class='ocrx_word' id='word_1_169' title='bbox 130 1760 257 1810; x_wconf 80' lang='lat' dir='ltr'><strong>artis.</strong></span> <span class='ocrx_word' id='word_1_170' title='bbox 421 1764 426 1771; x_wconf 50' lang='lat'><strong>⁴</strong></span> 
     </span>
     <span class='ocr_line' id='line_1_22' title="bbox 268 1845 2025 1915; baseline 0.006 -25"><span class='ocrx_word' id='word_1_171' title='bbox 268 1845 347 1890; x_wconf 77' lang='lat' dir='ltr'><strong>DE</strong></span> <span class='ocrx_word' id='word_1_172' title='bbox 374 1858 674 1894; x_wconf 82' lang='lat' dir='ltr'><strong>COLORIBVS.</strong></span> <span class='ocrx_word' id='word_1_173' title='bbox 750 1848 955 1896; x_wconf 91' lang='lat' dir='ltr'><strong>Colores</strong></span> <span class='ocrx_word' id='word_1_174' title='bbox 992 1856 1157 1897; x_wconf 88' lang='lat' dir='ltr'><strong>autem</strong></span> <span class='ocrx_word' id='word_1_175' title='bbox 1196 1848 1356 1898; x_wconf 90' lang='lat' dir='ltr'><strong>dictos</strong></span> <span class='ocrx_word' id='word_1_176' title='bbox 1392 1852 1528 1913; x_wconf 91' lang='lat' dir='ltr'><strong>quod</strong></span> <span class='ocrx_word' id='word_1_177' title='bbox 1559 1852 1720 1900; x_wconf 88' lang='lat' dir='ltr'><strong>calore</strong></span> <span class='ocrx_word' id='word_1_178' title='bbox 1751 1851 1875 1915; x_wconf 86' lang='lat' dir='ltr'><strong>ignis</strong></span> <span class='ocrx_word' id='word_1_179' title='bbox 1901 1856 2025 1895; x_wconf 86' lang='lat' dir='ltr'><strong>XVII</strong></span> 
     </span>
     <span class='ocr_line' id='line_1_23' title="bbox 128 1926 1875 1991; baseline 0.007 -20"><span class='ocrx_word' id='word_1_180' title='bbox 128 1926 203 1972; x_wconf 91' lang='lat' dir='ltr'><strong>vel</strong></span> <span class='ocrx_word' id='word_1_181' title='bbox 241 1926 342 1973; x_wconf 89' lang='lat' dir='ltr'><strong>sole</strong></span> <span class='ocrx_word' id='word_1_182' title='bbox 380 1927 711 1989; x_wconf 87' lang='lat' dir='ltr'><strong>perficiuntur,</strong></span> <span class='ocrx_word' id='word_1_183' title='bbox 746 1927 846 1977; x_wconf 91' lang='lat' dir='ltr'><strong>sive</strong></span> <span class='ocrx_word' id='word_1_184' title='bbox 883 1931 1019 1991; x_wconf 93' lang='lat' dir='ltr'><strong>quod</strong></span> <span class='ocrx_word' id='word_1_185' title='bbox 1057 1929 1196 1978; x_wconf 88' lang='lat' dir='ltr'><strong>initio</strong></span> <span class='ocrx_word' id='word_1_186' title='bbox 1233 1931 1524 1981; x_wconf 90' lang='lat' dir='ltr'><strong>colabantur</strong></span> <span class='ocrx_word' id='word_1_187' title='bbox 1561 1942 1613 1982; x_wconf 88' lang='lat' dir='ltr'><strong>ut</strong></span> <span class='ocrx_word' id='word_1_188' title='bbox 1650 1951 1875 1985; x_wconf 90' lang='lat' dir='ltr'><strong>summae</strong></span> 
     </span>
     <span class='ocr_line' id='line_1_24' title="bbox 127 2005 1925 2067; baseline 0.008 -14"><span class='ocrx_word' id='word_1_189' title='bbox 127 2005 410 2055; x_wconf 86' lang='lat' dir='ltr'><strong>subtilitatis</strong></span> <span class='ocrx_word' id='word_1_190' title='bbox 448 2008 724 2058; x_wconf 87' lang='lat' dir='ltr'><strong>existerent.</strong></span> <span class='ocrx_word' id='word_1_191' title='bbox 799 2011 1004 2059; x_wconf 87' lang='lat' dir='ltr'><strong>Colores</strong></span> <span class='ocrx_word' id='word_1_192' title='bbox 1037 2021 1121 2060; x_wconf 93' lang='lat' dir='ltr'><strong>aut</strong></span> <span class='ocrx_word' id='word_1_193' title='bbox 1157 2023 1425 2062; x_wconf 89' lang='lat' dir='ltr'><strong>nascuntur</strong></span> <span class='ocrx_word' id='word_1_194' title='bbox 1453 2024 1538 2063; x_wconf 92' lang='lat' dir='ltr'><strong>aut</strong></span> <span class='ocrx_word' id='word_1_195' title='bbox 1564 2016 1702 2064; x_wconf 90' lang='lat' dir='ltr'><strong>fiunt.</strong></span> <span class='ocrx_word' id='word_1_196' title='bbox 1779 2018 1874 2066; x_wconf 86' lang='lat' dir='ltr'><strong>Na·</strong></span> <span class='ocrx_word' id='word_1_197' title='bbox 1896 2034 1925 2067; x_wconf 87' lang='lat'>2</span> 
     </span>
     <span class='ocr_line' id='line_1_25' title="bbox 126 2088 1868 2160; baseline 0.007 -26"><span class='ocrx_word' id='word_1_198' title='bbox 126 2096 341 2148; x_wconf 89' lang='lat' dir='ltr'><strong>scuntur,</strong></span> <span class='ocrx_word' id='word_1_199' title='bbox 382 2098 434 2136; x_wconf 94' lang='lat' dir='ltr'><strong>ut</strong></span> <span class='ocrx_word' id='word_1_200' title='bbox 473 2088 682 2153; x_wconf 89' lang='lat' dir='ltr'><strong>Sinopis,</strong></span> <span class='ocrx_word' id='word_1_201' title='bbox 723 2092 930 2152; x_wconf 88' lang='lat' dir='ltr'><strong>rubrica,</strong></span> <span class='ocrx_word' id='word_1_202' title='bbox 965 2094 1325 2154; x_wconf 89' lang='lat' dir='ltr'><strong>Paraetonium,</strong></span> <span class='ocrx_word' id='word_1_203' title='bbox 1371 2098 1632 2158; x_wconf 90' lang='lat' dir='ltr'><strong>Melinum,</strong></span> <span class='ocrx_word' id='word_1_204' title='bbox 1668 2099 1868 2160; x_wconf 87' lang='lat' dir='ltr'><strong>Eretria,</strong></span> 
     </span>
     <span class='ocr_line' id='line_1_26' title="bbox 51 2170 1869 2242; baseline 0.007 -27"><span class='ocrx_word' id='word_1_205' title='bbox 51 2189 100 2230; x_wconf 82' lang='lat'><strong>25</strong></span> <span class='ocrx_word' id='word_1_206' title='bbox 124 2170 554 2232; x_wconf 88' lang='lat' dir='ltr'><strong>auripigmentum.</strong></span> <span class='ocrx_word' id='word_1_207' title='bbox 642 2173 803 2221; x_wconf 89' lang='lat' dir='ltr'><strong>Ceteri</strong></span> <span class='ocrx_word' id='word_1_208' title='bbox 846 2175 1096 2236; x_wconf 88' lang='lat' dir='ltr'><strong>finguntur</strong></span> <span class='ocrx_word' id='word_1_209' title='bbox 1137 2186 1222 2224; x_wconf 90' lang='lat' dir='ltr'><strong>aut</strong></span> <span class='ocrx_word' id='word_1_210' title='bbox 1262 2186 1364 2225; x_wconf 90' lang='lat' dir='ltr'><strong>arte</strong></span> <span class='ocrx_word' id='word_1_211' title='bbox 1406 2187 1490 2226; x_wconf 90' lang='lat' dir='ltr'><strong>aut</strong></span> <span class='ocrx_word' id='word_1_212' title='bbox 1529 2178 1869 2242; x_wconf 91' lang='lat' dir='ltr'><strong>permixtione.</strong></span> 
     </span>
     <span class='ocr_line' id='line_1_27' title="bbox 125 2249 1924 2325; baseline 0.008 -29"><span class='ocrx_word' id='word_1_213' title='bbox 125 2249 320 2313; x_wconf 89' lang='lat' dir='ltr'><strong>Sinopis</strong></span> <span class='ocrx_word' id='word_1_214' title='bbox 358 2250 556 2300; x_wconf 87' lang='lat' dir='ltr'><strong>inventa</strong></span> <span class='ocrx_word' id='word_1_215' title='bbox 591 2253 804 2315; x_wconf 91' lang='lat' dir='ltr'><strong>primum</strong></span> <span class='ocrx_word' id='word_1_216' title='bbox 844 2254 894 2302; x_wconf 93' lang='lat' dir='ltr'><strong>in</strong></span> <span class='ocrx_word' id='word_1_217' title='bbox 929 2258 1090 2305; x_wconf 91' lang='lat' dir='ltr'><strong>Ponto</strong></span> <span class='ocrx_word' id='word_1_218' title='bbox 1124 2266 1226 2306; x_wconf 89' lang='lat' dir='ltr'><strong>est:</strong></span> <span class='ocrx_word' id='word_1_219' title='bbox 1264 2257 1379 2307; x_wconf 89' lang='lat' dir='ltr'><strong>inde</strong></span> <span class='ocrx_word' id='word_1_220' title='bbox 1413 2276 1599 2308; x_wconf 90' lang='lat' dir='ltr'><strong>nomen</strong></span> <span class='ocrx_word' id='word_1_221' title='bbox 1631 2278 1660 2309; x_wconf 90' lang='lat' dir='ltr'><strong>a</strong></span> <span class='ocrx_word' id='word_1_222' title='bbox 1685 2261 1870 2325; x_wconf 89' lang='lat' dir='ltr'><strong>Sinope</strong></span> <span class='ocrx_word' id='word_1_223' title='bbox 1895 2272 1924 2317; x_wconf 91' lang='lat'><strong>3</strong></span> 
     </span>
     <span class='ocr_line' id='line_1_28' title="bbox 124 2332 1870 2402; baseline 0.008 -24"><span class='ocrx_word' id='word_1_224' title='bbox 124 2332 244 2380; x_wconf 94' lang='lat' dir='ltr'><strong>urbe</strong></span> <span class='ocrx_word' id='word_1_225' title='bbox 278 2333 482 2396; x_wconf 88' lang='lat' dir='ltr'><strong>accepit.</strong></span> <span class='ocrx_word' id='word_1_226' title='bbox 571 2335 767 2398; x_wconf 90' lang='lat' dir='ltr'><strong>Species</strong></span> <span class='ocrx_word' id='word_1_227' title='bbox 805 2336 909 2385; x_wconf 90' lang='lat' dir='ltr'><strong>eius</strong></span> <span class='ocrx_word' id='word_1_228' title='bbox 947 2347 1070 2386; x_wconf 89' lang='lat' dir='ltr'><strong>tres:</strong></span> <span class='ocrx_word' id='word_1_229' title='bbox 1122 2338 1267 2387; x_wconf 88' lang='lat' dir='ltr'><strong>rubra</strong></span> <span class='ocrx_word' id='word_1_230' title='bbox 1303 2349 1351 2388; x_wconf 91' lang='lat' dir='ltr'><strong>et</strong></span> <span class='ocrx_word' id='word_1_231' title='bbox 1389 2340 1551 2389; x_wconf 89' lang='lat' dir='ltr'><strong>minus</strong></span> <span class='ocrx_word' id='word_1_232' title='bbox 1589 2342 1784 2402; x_wconf 88' lang='lat' dir='ltr'><strong>rubens,</strong></span> <span class='ocrx_word' id='word_1_233' title='bbox 1823 2353 1870 2392; x_wconf 88' lang='lat' dir='ltr'><strong>et</strong></span> 
     </span>
     <span class='ocr_line' id='line_1_29' title="bbox 123 2411 1924 2487; baseline 0.008 -27"><span class='ocrx_word' id='word_1_234' title='bbox 123 2411 247 2461; x_wconf 91' lang='lat' dir='ltr'><strong>inter</strong></span> <span class='ocrx_word' id='word_1_235' title='bbox 272 2414 359 2462; x_wconf 88' lang='lat' dir='ltr'><strong>has</strong></span> <span class='ocrx_word' id='word_1_236' title='bbox 388 2414 564 2464; x_wconf 89' lang='lat' dir='ltr'><strong>media.</strong></span> <span class='ocrx_word' id='word_1_237' title='bbox 637 2417 855 2466; x_wconf 89' lang='lat' dir='ltr'><strong>Rubrica</strong></span> <span class='ocrx_word' id='word_1_238' title='bbox 881 2428 1054 2467; x_wconf 88' lang='lat' dir='ltr'><strong>vocata</strong></span> <span class='ocrx_word' id='word_1_239' title='bbox 1088 2421 1223 2482; x_wconf 91' lang='lat' dir='ltr'><strong>quod</strong></span> <span class='ocrx_word' id='word_1_240' title='bbox 1257 2419 1317 2469; x_wconf 90' lang='lat' dir='ltr'><strong>sit</strong></span> <span class='ocrx_word' id='word_1_241' title='bbox 1347 2422 1492 2471; x_wconf 90' lang='lat' dir='ltr'><strong>rubra</strong></span> <span class='ocrx_word' id='word_1_242' title='bbox 1522 2432 1568 2472; x_wconf 93' lang='lat' dir='ltr'><strong>et</strong></span> <span class='ocrx_word' id='word_1_243' title='bbox 1599 2424 1870 2487; x_wconf 89' lang='lat' dir='ltr'><strong>sanguineo</strong></span> <span class='ocrx_word' id='word_1_244' title='bbox 1895 2436 1924 2482; x_wconf 92' lang='lat'>4</span> 
     </span>
     <span class='ocr_line' id='line_1_30' title="bbox 122 2494 1869 2567; baseline 0.008 -26"><span class='ocrx_word' id='word_1_245' title='bbox 122 2494 356 2556; x_wconf 88' lang='lat' dir='ltr'><strong>proxima.</strong></span> <span class='ocrx_word' id='word_1_246' title='bbox 446 2499 588 2546; x_wconf 91' lang='lat' dir='ltr'><strong>Haec</strong></span> <span class='ocrx_word' id='word_1_247' title='bbox 628 2497 848 2560; x_wconf 90' lang='lat' dir='ltr'><strong>plurimis</strong></span> <span class='ocrx_word' id='word_1_248' title='bbox 888 2501 1008 2547; x_wconf 90' lang='lat' dir='ltr'><strong>locis</strong></span> <span class='ocrx_word' id='word_1_249' title='bbox 1045 2500 1269 2564; x_wconf 87' lang='lat' dir='ltr'><strong>gignitur,</strong></span> <span class='ocrx_word' id='word_1_250' title='bbox 1313 2505 1399 2552; x_wconf 93' lang='lat' dir='ltr'><strong>sed</strong></span> <span class='ocrx_word' id='word_1_251' title='bbox 1442 2504 1630 2567; x_wconf 90' lang='lat' dir='ltr'><strong>optima</strong></span> <span class='ocrx_word' id='word_1_252' title='bbox 1673 2508 1835 2555; x_wconf 90' lang='lat' dir='ltr'><strong>Ponto</strong></span> <span class='ocrx_word' id='word_1_253' title='bbox 1858 2525 1869 2565; x_wconf 86' lang='lat'>;</span> 
     </span>
    </p>
   </div>
   <div class='ocr_carea' id='block_1_3' title="bbox 121 2625 1874 3059">
    <p class='ocr_par' dir='ltr' id='par_1_3' title="bbox 121 2625 1874 3059">
     <span class='ocr_line' id='line_1_31' title="bbox 177 2625 1866 2684; baseline 0.009 -22"><span class='ocrx_word' id='word_1_254' title='bbox 177 2637 200 2662; x_wconf 88' lang='lat'><strong>2</strong></span> <span class='ocrx_word' id='word_1_255' title='bbox 232 2625 328 2664; x_wconf 88' lang='lat' dir='ltr'><strong>facit</strong></span> <span class='ocrx_word' id='word_1_256' title='bbox 349 2625 438 2664; x_wconf 93' lang='lat' dir='ltr'><strong>KN</strong></span> <span class='ocrx_word' id='word_1_257' title='bbox 455 2628 558 2676; x_wconf 84' lang='lat' dir='ltr'><strong>(non</strong></span> <span class='ocrx_word' id='word_1_258' title='bbox 586 2627 651 2678; x_wconf 86' lang='lat' dir='ltr'><strong>U)</strong></span> <span class='ocrx_word' id='word_1_259' title='bbox 916 2630 1095 2679; x_wconf 86' lang='lat' dir='ltr'><strong>plaustis</strong></span> <span class='ocrx_word' id='word_1_260' title='bbox 1115 2631 1171 2669; x_wconf 89' lang='grc' dir='ltr'><strong>Β1</strong></span> <span class='ocrx_word' id='word_1_261' title='bbox 1190 2646 1197 2669; x_wconf 91' lang='lat'><strong>:</strong></span> <span class='ocrx_word' id='word_1_262' title='bbox 1230 2632 1319 2671; x_wconf 74' lang='lat' dir='ltr'><strong>vide</strong></span> <span class='ocrx_word' id='word_1_263' title='bbox 1338 2646 1386 2671; x_wconf 85' lang='lat' dir='ltr'><strong>ne</strong></span> <span class='ocrx_word' id='word_1_264' title='bbox 1405 2634 1558 2684; x_wconf 88' lang='lat' dir='ltr'><strong>plastix</strong></span> <span class='ocrx_word' id='word_1_265' title='bbox 1580 2635 1751 2674; x_wconf 83' lang='lat' dir='ltr'><strong>voluerit</strong></span> <span class='ocrx_word' id='word_1_266' title='bbox 1767 2635 1866 2677; x_wconf 82' lang='lat' dir='ltr'><strong>Isid.</strong></span> 
     </span>
     <span class='ocr_line' id='line_1_32' title="bbox 122 2679 1874 2739; baseline 0.007 -22"><span class='ocrx_word' id='word_1_267' title='bbox 122 2679 176 2728; x_wconf 90' lang='lat' dir='ltr'><strong>pl.</strong></span> <span class='ocrx_word' id='word_1_268' title='bbox 198 2680 310 2718; x_wconf 89' lang='lat' dir='ltr'><strong>enim</strong></span> <span class='ocrx_word' id='word_1_269' title='bbox 333 2681 444 2720; x_wconf 90' lang='lat' dir='ltr'><strong>unde</strong></span> <span class='ocrx_word' id='word_1_270' title='bbox 466 2680 535 2720; x_wconf 88' lang='lat' dir='ltr'><strong>K:</strong></span> <span class='ocrx_word' id='word_1_271' title='bbox 566 2682 751 2731; x_wconf 84' lang='lat' dir='ltr'><strong>platistis</strong></span> <span class='ocrx_word' id='word_1_272' title='bbox 771 2684 881 2722; x_wconf 89' lang='lat' dir='ltr'><strong>enirn</strong></span> <span class='ocrx_word' id='word_1_273' title='bbox 905 2686 1057 2724; x_wconf 87' lang='lat' dir='ltr'><strong>munde</strong></span> <span class='ocrx_word' id='word_1_274' title='bbox 1078 2685 1124 2722; x_wconf 91' lang='lat' dir='ltr'><em>N</em></span> <span class='ocrx_word' id='word_1_275' title='bbox 1142 2687 1243 2738; x_wconf 76' lang='lat' dir='ltr'><strong>(non</strong></span> <span class='ocrx_word' id='word_1_276' title='bbox 1270 2686 1327 2734; x_wconf 91' lang='lat' dir='ltr'><strong>U)</strong></span> <span class='ocrx_word' id='word_1_277' title='bbox 1439 2700 1464 2737; x_wconf 88' lang='lat'><strong>3</strong></span> <span class='ocrx_word' id='word_1_278' title='bbox 1495 2701 1581 2739; x_wconf 78' lang='lat' dir='ltr'><strong>pro,</strong></span> <span class='ocrx_word' id='word_1_279' title='bbox 1603 2691 1682 2729; x_wconf 89' lang='lat' dir='ltr'><strong>dic.</strong></span> <span class='ocrx_word' id='word_1_280' title='bbox 1705 2691 1768 2730; x_wconf 87' lang='lat' dir='ltr'><strong>ho.</strong></span> <span class='ocrx_word' id='word_1_281' title='bbox 1794 2690 1874 2729; x_wconf 85' lang='lat' dir='ltr'><strong>TU</strong></span> 
     </span>
     <span class='ocr_line' id='line_1_33' title="bbox 122 2733 1865 2794; baseline 0.007 -23"><span class='ocrx_word' id='word_1_282' title='bbox 122 2735 148 2771; x_wconf 92' lang='lat'><strong>6</strong></span> <span class='ocrx_word' id='word_1_283' title='bbox 178 2733 326 2786; x_wconf 89' lang='lat' dir='ltr'><strong>fuerit]</strong></span> <span class='ocrx_word' id='word_1_284' title='bbox 349 2734 425 2774; x_wconf 89' lang='lat' dir='ltr'><strong>suit</strong></span> <span class='ocrx_word' id='word_1_285' title='bbox 449 2736 484 2775; x_wconf 90' lang='lat' dir='ltr'><em>C</em></span> <span class='ocrx_word' id='word_1_286' title='bbox 659 2738 684 2775; x_wconf 90' lang='lat'>8</span> <span class='ocrx_word' id='word_1_287' title='bbox 713 2739 902 2776; x_wconf 84' lang='lat' dir='ltr'><strong>veritatis</strong></span> <span class='ocrx_word' id='word_1_288' title='bbox 931 2739 967 2776; x_wconf 92' lang='lat' dir='ltr'><em>T</em></span> <span class='ocrx_word' id='word_1_289' title='bbox 1112 2740 1254 2790; x_wconf 81' lang='lat' dir='ltr'><strong>fugata</strong></span> <span class='ocrx_word' id='word_1_290' title='bbox 1277 2741 1320 2779; x_wconf 88' lang='lat' dir='ltr'><em>K</em></span> <span class='ocrx_word' id='word_1_291' title='bbox 1469 2743 1511 2783; x_wconf 91' lang='lat' dir='ltr'><strong>id</strong></span> <span class='ocrx_word' id='word_1_292' title='bbox 1533 2750 1599 2782; x_wconf 84' lang='lat' dir='ltr'><strong>est</strong></span> <span class='ocrx_word' id='word_1_293' title='bbox 1620 2746 1801 2794; x_wconf 86' lang='lat' dir='ltr'><strong>quedam</strong></span> <span class='ocrx_word' id='word_1_294' title='bbox 1824 2746 1865 2784; x_wconf 86' lang='lat' dir='ltr'><strong>fi.</strong></span> 
     </span>
     <span class='ocr_line' id='line_1_34' title="bbox 122 2788 1874 2849; baseline 0.007 -23"><span class='ocrx_word' id='word_1_295' title='bbox 122 2801 215 2838; x_wconf 84' lang='lat' dir='ltr'><strong>quo.</strong></span> <span class='ocrx_word' id='word_1_296' title='bbox 239 2802 301 2828; x_wconf 93' lang='lat' dir='ltr'><strong>co.</strong></span> <span class='ocrx_word' id='word_1_297' title='bbox 333 2788 370 2826; x_wconf 91' lang='lat' dir='ltr'><em>T</em></span> <span class='ocrx_word' id='word_1_298' title='bbox 488 2803 514 2840; x_wconf 94' lang='lat'>9</span> <span class='ocrx_word' id='word_1_299' title='bbox 545 2791 628 2829; x_wconf 87' lang='lat' dir='ltr'><strong>fide</strong></span> <span class='ocrx_word' id='word_1_300' title='bbox 651 2791 688 2829; x_wconf 90' lang='lat' dir='ltr'><em>T</em></span> <span class='ocrx_word' id='word_1_301' title='bbox 792 2793 1001 2832; x_wconf 89' lang='lat' dir='ltr'><strong>habentur</strong></span> <span class='ocrx_word' id='word_1_302' title='bbox 1020 2794 1058 2832; x_wconf 91' lang='lat' dir='ltr'><em>T</em></span> <span class='ocrx_word' id='word_1_303' title='bbox 1185 2808 1231 2834; x_wconf 87' lang='lat'><strong>12</strong></span> <span class='ocrx_word' id='word_1_304' title='bbox 1263 2809 1428 2835; x_wconf 88' lang='lat' dir='ltr'><strong>rursum</strong></span> <span class='ocrx_word' id='word_1_305' title='bbox 1452 2797 1489 2834; x_wconf 89' lang='lat' dir='ltr'><em>T</em></span> <span class='ocrx_word' id='word_1_306' title='bbox 1614 2811 1662 2847; x_wconf 88' lang='lat'><strong>14</strong></span> <span class='ocrx_word' id='word_1_307' title='bbox 1693 2800 1816 2849; x_wconf 88' lang='lat' dir='ltr'><strong>primi</strong></span> <span class='ocrx_word' id='word_1_308' title='bbox 1838 2799 1874 2837; x_wconf 92' lang='lat' dir='ltr'><em>T</em></span> 
     </span>
     <span class='ocr_line' id='line_1_35' title="bbox 127 2843 1865 2902; baseline 0.007 -22"><span class='ocrx_word' id='word_1_309' title='bbox 127 2844 173 2880; x_wconf 90' lang='lat'><strong>18</strong></span> <span class='ocrx_word' id='word_1_310' title='bbox 202 2843 357 2883; x_wconf 86' lang='lat' dir='ltr'><strong>ducunt</strong></span> <span class='ocrx_word' id='word_1_311' title='bbox 377 2843 466 2884; x_wconf 80' lang='lat' dir='ltr'><strong>dett.</strong></span> <span class='ocrx_word' id='word_1_312' title='bbox 583 2858 632 2895; x_wconf 94' lang='lat'><strong>19</strong></span> <span class='ocrx_word' id='word_1_313' title='bbox 662 2847 835 2886; x_wconf 85' lang='lat' dir='ltr'><strong>inventa</strong></span> <span class='ocrx_word' id='word_1_314' title='bbox 855 2848 982 2887; x_wconf 88' lang='lat' dir='ltr'><strong>cartis</strong></span> <span class='ocrx_word' id='word_1_315' title='bbox 999 2848 1044 2886; x_wconf 92' lang='lat' dir='ltr'><em>K</em></span> <span class='ocrx_word' id='word_1_316' title='bbox 1164 2862 1215 2887; x_wconf 89' lang='lat'><strong>22</strong></span> <span class='ocrx_word' id='word_1_317' title='bbox 1245 2864 1314 2900; x_wconf 92' lang='lat' dir='ltr'><strong>qu.</strong></span> <span class='ocrx_word' id='word_1_318' title='bbox 1337 2851 1377 2890; x_wconf 89' lang='lat' dir='ltr'><strong>in</strong></span> <span class='ocrx_word' id='word_1_319' title='bbox 1398 2851 1454 2891; x_wconf 90' lang='lat' dir='ltr'><strong>in.</strong></span> <span class='ocrx_word' id='word_1_320' title='bbox 1478 2852 1522 2890; x_wconf 92' lang='lat' dir='ltr'><em>K</em></span> <span class='ocrx_word' id='word_1_321' title='bbox 1641 2865 1694 2902; x_wconf 86' lang='lat'><strong>23</strong></span> <span class='ocrx_word' id='word_1_322' title='bbox 1724 2860 1865 2893; x_wconf 85' lang='lat' dir='ltr'><strong>autem</strong></span> 
     </span>
     <span class='ocr_line' id='line_1_36' title="bbox 121 2896 1867 2960; baseline 0.008 -26"><span class='ocrx_word' id='word_1_323' title='bbox 121 2909 187 2935; x_wconf 87' lang='lat' dir='ltr'><strong>na.</strong></span> <span class='ocrx_word' id='word_1_324' title='bbox 221 2896 273 2937; x_wconf 78' lang='lat' dir='ltr'><strong>T:</strong></span> <span class='ocrx_word' id='word_1_325' title='bbox 303 2904 445 2938; x_wconf 87' lang='lat' dir='ltr'><strong>autem</strong></span> <span class='ocrx_word' id='word_1_326' title='bbox 466 2906 537 2939; x_wconf 89' lang='lat' dir='ltr'><strong>aut</strong></span> <span class='ocrx_word' id='word_1_327' title='bbox 557 2913 623 2939; x_wconf 88' lang='lat' dir='ltr'><strong>na.</strong></span> <span class='ocrx_word' id='word_1_328' title='bbox 650 2899 686 2939; x_wconf 88' lang='lat' dir='ltr'><em>C</em></span> <span class='ocrx_word' id='word_1_329' title='bbox 845 2915 896 2951; x_wconf 84' lang='lat'><strong>24</strong></span> <span class='ocrx_word' id='word_1_330' title='bbox 928 2903 1183 2953; x_wconf 88' lang='lat' dir='ltr'><strong>paritonium</strong></span> <span class='ocrx_word' id='word_1_331' title='bbox 1209 2904 1322 2947; x_wconf 86' lang='lat' dir='ltr'><strong>codd.</strong></span> <span class='ocrx_word' id='word_1_332' title='bbox 1463 2907 1585 2945; x_wconf 86' lang='lat' dir='ltr'><strong>fretia</strong></span> <span class='ocrx_word' id='word_1_333' title='bbox 1610 2907 1721 2948; x_wconf 88' lang='lat' dir='ltr'><strong>codd.</strong></span> <span class='ocrx_word' id='word_1_334' title='bbox 1749 2910 1867 2960; x_wconf 78' lang='lat' dir='ltr'><strong>(cum&#39;</strong></span> 
     </span>
     <span class='ocr_line' id='line_1_37' title="bbox 121 2949 1861 3016; baseline 0.009 -28"><span class='ocrx_word' id='word_1_335' title='bbox 121 2949 231 2990; x_wconf 87' lang='lat' dir='ltr'><strong>codd.</strong></span> <span class='ocrx_word' id='word_1_336' title='bbox 254 2952 411 3003; x_wconf 82' lang='lat' dir='ltr'><strong>aliquot</strong></span> <span class='ocrx_word' id='word_1_337' title='bbox 429 2953 563 2992; x_wconf 78' lang='lat' dir='ltr'><strong>Plinii</strong></span> <span class='ocrx_word' id='word_1_338' title='bbox 577 2954 630 2994; x_wconf 93' lang='lat' dir='ltr'><strong>N.</strong></span> <span class='ocrx_word' id='word_1_339' title='bbox 650 2955 708 2994; x_wconf 91' lang='lat' dir='ltr'><strong>H.</strong></span> <span class='ocrx_word' id='word_1_340' title='bbox 730 2967 796 3005; x_wconf 74' lang='lat'><strong>35.</strong></span> <span class='ocrx_word' id='word_1_341' title='bbox 816 2958 886 3005; x_wconf 71' lang='lat'><strong>30)</strong></span> <span class='ocrx_word' id='word_1_342' title='bbox 1001 2960 1054 2996; x_wconf 86' lang='lat'><strong>26</strong></span> <span class='ocrx_word' id='word_1_343' title='bbox 1084 2965 1256 3008; x_wconf 88' lang='lat' dir='ltr'><strong>pontum</strong></span> <span class='ocrx_word' id='word_1_344' title='bbox 1279 2959 1379 3009; x_wconf 88' lang='lat' dir='ltr'><strong>(om.</strong></span> <span class='ocrx_word' id='word_1_345' title='bbox 1403 2962 1487 3013; x_wconf 85' lang='lat' dir='ltr'><strong>est)</strong></span> <span class='ocrx_word' id='word_1_346' title='bbox 1510 2961 1554 2999; x_wconf 91' lang='lat' dir='ltr'><em>K</em></span> <span class='ocrx_word' id='word_1_347' title='bbox 1564 2997 1582 3001; x_wconf 13' lang='grc' dir='ltr'><strong>γ,</strong></span> <span class='ocrx_word' id='word_1_348' title='bbox 1673 2975 1723 3012; x_wconf 82' lang='lat'><strong>27</strong></span> <span class='ocrx_word' id='word_1_349' title='bbox 1755 2964 1861 3016; x_wconf 86' lang='lat' dir='ltr'><strong>tres]</strong></span> 
     </span>
     <span class='ocr_line' id='line_1_38' title="bbox 121 3004 971 3059; baseline 0.007 -17"><span class='ocrx_word' id='word_1_350' title='bbox 121 3005 161 3042; x_wconf 91' lang='lat' dir='ltr'><strong>in</strong></span> <span class='ocrx_word' id='word_1_351' title='bbox 187 3004 230 3043; x_wconf 93' lang='lat' dir='ltr'><em>K</em></span> <span class='ocrx_word' id='word_1_352' title='bbox 250 3006 349 3056; x_wconf 77' lang='lat' dir='ltr'><strong>(pro</strong></span> <span class='ocrx_word' id='word_1_353' title='bbox 372 3008 440 3059; x_wconf 84' lang='lat'>111)</span> <span class='ocrx_word' id='word_1_354' title='bbox 554 3022 606 3058; x_wconf 85' lang='lat'><strong>29</strong></span> <span class='ocrx_word' id='word_1_355' title='bbox 637 3010 717 3049; x_wconf 93' lang='lat' dir='ltr'><strong>hoc</strong></span> <span class='ocrx_word' id='word_1_356' title='bbox 739 3010 818 3050; x_wconf 79' lang='lat' dir='ltr'><strong>Blz</strong></span> <span class='ocrx_word' id='word_1_357' title='bbox 851 3025 905 3049; x_wconf 87' lang='lat' dir='ltr'><strong>ex</strong></span> <span class='ocrx_word' id='word_1_358' title='bbox 934 3011 971 3048; x_wconf 91' lang='lat' dir='ltr'><em>T</em></span> 
     </span>
    </p>
   </div>
   <div class='ocr_carea' id='block_1_4' title="bbox 950 3092 1035 3124">
    <p class='ocr_par' dir='ltr' id='par_1_4' title="bbox 950 3092 1035 3124">
     <span class='ocr_line' id='line_1_39' title="bbox 950 3092 1035 3124; baseline 0 0"><span class='ocrx_word' id='word_1_359' title='bbox 950 3092 1035 3124; x_wconf 89' lang='lat' dir='ltr'><strong>X2</strong></span> 
     </span>
    </p>
   </div>
  </div>
 </body>
</html>
