2228 3444
1100 173 1372 222 ISIDORI

286 317 341 363 13
368 310 505 352 catus
533 312 606 352 est
632 303 985 352 habitaculum.
1040 304 1343 366 Nephtalim.
1404 306 1480 353 De
1507 305 1844 366 conversione,
1871 304 1972 356 sive
1997 323 2112 355 con-

365 385 622 448 paratione
653 402 799 434 causa
832 385 1047 435 nominis
1074 385 1179 434 eius
1210 395 1297 435 est.
1371 387 1518 435 Vnde
1545 395 1592 435 et
1618 385 1738 436 dixit
1766 388 1967 447 Rachel,
1997 405 2110 436 cum

365 484 478 516 eum
506 469 774 531 peperisset
799 466 976 517 ancilla
1003 466 1106 516 eius
1135 468 1254 515 Bala
1280 466 1485 532 (Genes.
1505 485 1580 530 30,
1603 467 1654 531 8)
1679 487 1687 516 :
1730 468 2002 519 ‘Habitare
2031 487 2111 519 me

284 563 339 611 14
364 548 478 597 fecit
507 551 644 598 Deus
670 549 1030 598 habitationem
1065 566 1178 597 oum
1214 566 1379 598 sorore
1411 551 1550 598 mea.'
1622 552 1736 599 Dan
1766 549 2111 615 interpretatur

363 631 617 681 iudicium.
682 633 802 680 Bala
826 630 958 680 enirn
980 632 1101 680 dum
1122 648 1236 680 eum
1254 631 1535 695 peperisset,
1555 630 1675 681 dixit
1697 633 1886 682 Rachel
1906 633 2110 683 domina
2135 647 2157 687 5

362 712 467 762 eius
511 714 714 777 (Genes.
736 731 812 777 30,
833 712 914 775 6):
976 712 1250 762 ‘Iudicavit
1298 730 1378 762 me
1429 713 1691 774 Dominus,
1745 723 1793 763 et
1842 715 2108 765 exaudiens

362 794 501 844 dedit
528 795 647 843 mihi
676 795 862 843 filium.'
934 797 1148 845 Causam
1183 795 1398 844 nominis
1429 795 1676 859 expressit,
1707 805 1759 845 ut
1788 797 1851 845 ab
1881 813 1942 846 eo
1971 801 2108 861 quod

282 892 335 940 15
361 876 626 927 iudicasset
653 877 916 938 Dominus,
941 877 1041 925 filio
1061 877 1267 926 ancillae
1287 877 1455 927 iudicii
1475 895 1658 927 nomen
1681 878 1954 942 inponeret.
1993 881 2106 930 Gad

358 959 422 1008 ab
449 970 643 1019 eventu,
674 959 775 1008 sive
810 959 1066 1023 procinctu
1099 968 1301 1008 vocatus
1335 969 1422 1009 est.
1499 962 1716 1022 Quando
1747 963 1882 1010 enim
1917 962 2106 1025 peperit

360 1058 473 1090 eum
508 1043 706 1104 Zelpha,
741 1041 862 1090 dixit
897 1041 1101 1090 domina
1139 1040 1242 1090 eius
1281 1041 1402 1091 Lia:
1442 1043 1503 1090 In
1537 1044 1744 1101 fortuna,
1779 1041 1830 1091 id
1864 1052 1936 1091 est
1970 1045 2105 1107 quod
2134 1061 2181 1089 10

277 1120 334 1166 16
359 1122 550 1183 dicitur,
587 1125 638 1171 in
668 1125 924 1187 procinctu
959 1125 1035 1171 vel
1067 1131 1263 1172 eventu.
1335 1125 1459 1172 Aser
1494 1123 1668 1172 beatus
1703 1123 1893 1173 dicitur.
1969 1127 2104 1175 Dum

359 1204 491 1253 enim
519 1205 787 1268 peperisset
817 1221 931 1253 eum
958 1206 1156 1267 Zelpha,
1185 1203 1305 1253 dixit
1333 1206 1421 1253 Lia
1448 1206 1650 1270 (Genes.
1672 1224 1748 1269 30,
1774 1207 1883 1273 13):
1926 1210 2107 1257 ‘Beata

357 1304 463 1351 ego,
493 1297 540 1337 et
567 1287 852 1337 beatificant
879 1304 958 1336 me
978 1286 1234 1336 mulieres⁷
1256 1306 1264 1335 :
1303 1296 1350 1336 et
1375 1288 1438 1336 ab
1467 1306 1540 1348 eo,
1570 1291 1707 1351 quod
1727 1291 1873 1340 beata
1901 1291 2102 1351 dicatur,

280 1382 331 1431 17
358 1387 414 1418 ex
446 1370 744 1434 etymologia
780 1369 993 1418 nominis
1027 1369 1230 1418 beatum
1266 1372 1470 1419 vocavit.
1547 1373 1730 1435 Ioseph
1760 1373 1824 1422 ab
1859 1390 1932 1433 eo,
1968 1374 2103 1436 quod

356 1452 448 1502 sibi
484 1453 635 1502 alium
670 1452 787 1502 addi
826 1461 981 1501 mater
1015 1460 1279 1514 optaverat,
1313 1454 1505 1502 vocavit
1541 1465 1878 1518 augmentum.
1953 1456 2104 1504 Hunc
2132 1472 2177 1514 15

358 1536 549 1583 Pharao
587 1536 876 1598 Zaphanath
913 1533 1190 1597 appellavit,
1231 1536 1367 1596 quod
1407 1534 1656 1584 Hebraice
1693 1537 2100 1586 absconditorum

356 1627 655 1680 repertorem
695 1626 850 1676 sonat,
890 1633 979 1679 pro
1022 1633 1082 1664 eo
1125 1617 1262 1678 quod
1302 1616 1512 1666 obscura
1554 1618 1747 1667 somnia
1787 1619 2016 1669 revelavit
2055 1629 2103 1669 et

279 1707 333 1754 18
357 1698 659 1748 sterilitatem
692 1697 944 1762 praedixit.
1019 1700 1227 1756 Tamen,
1262 1697 1378 1760 quia
1410 1700 1506 1747 hoc
1540 1716 1724 1749 nomen
1756 1701 1821 1750 ab
1854 1700 2100 1765 Aegyptio

356 1781 569 1845 ponitur,
606 1781 758 1845 ipsius
792 1780 987 1844 linguae
1021 1781 1172 1829 debet
1206 1779 1388 1829 habere
1419 1780 1674 1831 rationem.
1749 1784 2103 1846 Interpretatur

356 1876 471 1924 ergo
509 1861 799 1923 Zaphanath
839 1858 1084 1921 Aegyptio
1127 1875 1355 1907 sermone
1392 1861 1603 1908 salvator
1640 1861 1828 1921 mundi,
1869 1879 1929 1910 eo
1965 1863 2102 1924 quod
2129 1884 2179 1912 20

273 1964 331 2011 19
356 1943 527 1992 orbem
560 1952 715 1991 terrae
750 1941 813 1990 ab
848 1939 1110 1989 inminenti
1139 1939 1280 1989 famis
1316 1941 1507 1989 excidio
1538 1941 1764 1990 liberarit.
1839 1942 2100 1992 Beniamin

355 2024 699 2089 interpretatur
733 2022 860 2071 filius
893 2023 1136 2082 dexterae,
1169 2023 1305 2085 quod
1339 2032 1411 2070 est
1444 2023 1646 2071 virtutis.
1722 2026 1936 2073 Dextera
1967 2025 2099 2073 enirn

353 2108 628 2170 appellatur
653 2105 820 2154 iamin.
886 2106 1047 2152 Mater
1068 2103 1252 2167 quippe
1279 2103 1383 2153 eius
1404 2104 1619 2154 moriens
1636 2115 1895 2154 vocaverat
1915 2124 2100 2155 nomen

354 2188 458 2239 eius
486 2187 694 2247 Benoni,
715 2178 771 2236 id
791 2196 864 2235 est
886 2187 1012 2234 filius
1033 2187 1217 2234 doloris
1237 2186 1348 2234 mei.
1424 2189 1566 2237 Pater
1586 2189 1681 2236 hoc
1702 2187 1920 2247 mutavit,
1945 2187 2098 2237 filium

262 2289 330 2324 20
355 2272 583 2320 dexterae
620 2268 899 2318 nominans.
975 2269 1233 2315 Manasses
1277 2266 1437 2316 dictus
1479 2268 1542 2316 ab
1581 2285 1654 2327 eo,
1695 2271 1832 2332 quod
1866 2268 1926 2317 sit
1963 2279 2101 2333 pater
2126 2292 2174 2332 25

351 2353 458 2401 eius
484 2351 669 2401 oblitus
694 2350 921 2399 laborum
949 2364 1164 2397 suorum.
1241 2350 1317 2397 Ita
1348 2348 1479 2397 enim
1513 2349 1762 2399 Hebraice
1789 2360 1990 2399 vocatur
2015 2350 2099 2399 ob-

275 2450 329 2484 21
352 2434 480 2484 livio.
557 2432 807 2497 Ephraim,
838 2448 897 2480 eo
931 2431 1069 2493 quod
1101 2430 1287 2479 auxerit
1320 2447 1434 2479 eum
1466 2434 1603 2481 Deus
1621 2451 1634 2493 3
1671 2442 1718 2481 et
1753 2450 1811 2481 ex
1840 2434 1935 2482 hoc
1960 2451 2100 2482 voca-

353 2518 471 2566 bulo
497 2517 547 2565 in
573 2516 790 2580 linguam
817 2523 1035 2563 nostram
1061 2514 1344 2562 transfertur
1368 2523 1705 2577 augmentum.

223 2614 326 2654 VIII
352 2630 355 2632 >
489 2607 572 2653 DE
610 2618 917 2654 PROPHETls.
992 2603 1133 2663 Quos
1165 2601 1410 2665 gentilitas
1446 2612 1581 2652 vates
1605 2605 1871 2667 appellant,
1899 2605 1990 2652 hos
2014 2621 2098 2654 no-

411 2748 426 2774 1
461 2733 780 2774 conversatione
794 2732 839 2771 K
948 2745 971 2769 2
1003 2736 1069 2769 est
1084 2745 1166 2770 om.
1187 2730 1232 2768 K
1340 2743 1364 2780 3
1394 2744 1484 2771 ane.
1503 2732 1612 2771 balla
1631 2731 1672 2770 Β
1782 2746 1806 2782 4
1836 2733 2096 2772 habitatione

352 2789 475 2829 BCT
609 2793 635 2828 6
655 2795 696 2828 et
719 2787 938 2828 exaudivit
951 2791 993 2824 et
1010 2786 1076 2824 de.
1094 2783 1140 2824 K
1152 2788 1254 2833 (non
1268 2783 1333 2837 A)
1463 2788 1489 2825 8
1510 2787 1773 2826 iudicansset
1793 2787 1851 2826 C:
1871 2787 2095 2827 iudicasset

351 2859 398 2884 se
427 2846 463 2884 T
566 2858 593 2894 9
622 2857 698 2883 seu
719 2843 764 2881 K
782 2847 886 2894 (non
905 2841 970 2892 A)
1087 2855 1136 2880 10
1166 2841 1332 2880 fortune
1361 2840 1398 2878 T
1502 2843 1615 2891 quod
1636 2842 1713 2882 dic.
1737 2856 1820 2882 om.
1843 2841 1890 2880 K
1906 2844 2010 2892 (non
2029 2843 2093 2890 A)

355 2912 403 2950 13
432 2899 616 2951 dicatur]
637 2899 791 2938 dicitur
811 2897 856 2935 K
985 2908 1031 2944 14
1065 2910 1118 2935 ex
1139 2909 1224 2934 om.
1245 2895 1292 2932 K
1451 2896 1616 2936 beatam
1637 2896 1678 2934 Β
1791 2909 1837 2945 17
1867 2902 2023 2935 sonant
2044 2896 2095 2935 Cl

356 2956 404 2993 18
435 2954 617 3006 Tamen]
642 2954 749 2992 Nam
772 2958 814 2991 et
835 2958 934 2991 tunc
955 2963 1040 2989 non
1062 2951 1108 2989 K
1128 2953 1230 3004 (non
1251 2951 1316 3003 A)
1440 2951 1558 3003 quia]
1581 2951 1694 3001 quod
1715 2949 1756 2987 Β
1884 2963 1938 2989 20
1967 2951 2092 3003 ergo]

352 3010 462 3048 enim
483 3009 525 3047 Β
718 3008 792 3047 sal.
818 3020 928 3046 mun.
950 3018 1042 3056 aeg.
1064 3018 1190 3046 serm.
1212 3004 1259 3042 K
1419 3019 1468 3044 21
1502 3005 1662 3057 terrae]
1679 3004 1822 3044 mundi
1843 3004 1889 3042 K
1905 3005 2010 3056 (non
2029 3006 2094 3058 A)

352 3063 551 3103 liberaret
568 3063 656 3102 ΒΚ
755 3075 807 3101 22
828 3063 940 3111 quod
955 3059 1048 3100 virt.
1065 3060 1122 3098 Β1
1226 3072 1277 3109 23
1298 3067 1431 3100 matre
1447 3060 1545 3110 quia
1565 3072 1643 3111 pro
1659 3073 1710 3099 eo
1729 3072 1832 3099 mor.
1850 3059 1895 3098 K
1908 3061 2012 3113 (non
2026 3060 2090 3111 A)

353 3119 518 3157 vocavit
535 3119 581 3156 K
714 3131 765 3166 24
792 3116 978 3167 Benoni]
997 3115 1208 3154 beniamin
1229 3114 1327 3154 C1K
1462 3127 1512 3164 27
1541 3115 1616 3168 ex]
1635 3115 1688 3154 ab
1708 3114 1750 3152 Β
1887 3129 1939 3166 29
1966 3114 2093 3165 Quod

359 3171 397 3210 T
501 3173 684 3223 gentiles
705 3171 751 3211 K
769 3186 777 3212 :
808 3170 1070 3222 gentilitates
1088 3184 1188 3210 corr.
1211 3170 1325 3210 -litas
1344 3170 1385 3208 A
1535 3169 1719 3221 appellat
1739 3170 1780 3209 Β
