2228 3444
395 169 1030 219 ETYMOLOGIARVM
1070 170 1199 217 LIB.
1244 172 1282 217 I.
1322 170 1474 230 xxxiv,
1518 188 1639 220 xxxv

147 297 157 317 ⁴
175 291 359 340 tetulit⁷
379 308 467 355 pro
493 291 626 340 ‘tulit
644 290 689 358 '].
755 291 1050 356 Epenthesis
1070 291 1316 355 adpositio
1338 294 1385 340 in
1408 293 1643 354 medium,
1666 303 1719 343 ut
1739 293 1890 359 (Virg.

144 375 268 423 Aen.
289 390 331 435 3,
350 370 470 436 409)
491 393 500 421 :

345 507 349 511 .
573 439 838 507 [Maneant
875 442 924 489 in
963 440 1214 504 relligione
1251 452 1472 506 nepoteS,

143 543 231 589 pro
259 523 519 588 ‘religione
535 522 567 590 ']
595 522 919 590 [‘relliquias'
959 541 1047 588 pro
1077 524 1363 589 ‘reliquias,'
1405 525 1778 589 ‘induperator'
1805 545 1892 590 pro

97 623 118 662 5
143 611 153 631 ‘
173 606 419 670 inperator
434 604 482 672 '].
557 609 803 670 Paragoge
829 605 1077 669 adpositio
1103 606 1152 655 in
1179 608 1344 666 finem,
1374 616 1426 655 ut
1452 605 1778 674 [‘admittier'
1804 627 1892 672 pro
1915 627 1945 674 3

146 687 366 737 ‘admitti
383 685 416 754 ²]
459 686 496 754 [⁶
515 687 695 751 magis⁷
736 704 823 751 pro
867 689 1062 750 ‘mage'
1103 697 1150 736 et
1198 691 1209 713 ‘
1226 691 1474 751 potestur'
1514 705 1603 752 pro
1638 693 1826 752 ‘potest
1843 689 1889 756 '].

141 769 436 832 Aphaeresis
473 768 685 818 abscisio
716 771 778 819 de
812 768 1069 833 principio,
1099 778 1152 817 ut
1181 771 1406 818 ‘temno'
1431 786 1520 833 pro
1564 773 1892 820 ‘contemno'

141 853 367 914 Syncope
383 849 595 900 abscisio
612 852 674 900 de
692 852 872 911 medio,
892 860 944 899 ut
966 854 975 875 ‘
992 852 1157 900 forsan
1174 852 1183 873 '
1200 867 1288 914 pro
1309 855 1319 876 ‘
1337 852 1567 900 forsitan.'
1651 854 1892 916 Apocope

140 931 353 981 abscisio
378 933 440 981 de
461 933 572 991 fine,
601 942 654 980 ut
683 933 808 980 ‘sat'
836 948 924 995 pro
948 934 1118 981 ‘satis’
1206 933 1412 992 Ectasis,
1439 934 1701 996 productio
1721 942 1891 982 contra
1914 954 1946 1000 4

69 1028 117 1056 10
142 1024 380 1074 naturam,
426 1023 478 1062 ut
529 1013 704 1080 [(Virg.
728 1017 855 1064 Aen.
884 1032 922 1074 1,
947 1014 1064 1079 499)
1088 1035 1096 1064 2
1153 1018 1376 1064 ‘exercet
1427 1014 1588 1064 Diana
1645 1016 1821 1065 choros
1844 1014 1891 1082 '].

142 1094 316 1161 [(Virg.
337 1098 462 1144 Aen.
489 1114 527 1156 1,
550 1095 599 1161 2)
622 1115 630 1144 :
672 1095 894 1145 ‘Italiam
922 1098 1052 1156 fato,’
1085 1114 1241 1160 quum
1268 1100 1279 1121 ‘
1298 1095 1491 1146 Italiam
1510 1099 1520 1119 '
1546 1106 1768 1161 correpte
1793 1098 1891 1147 dici

140 1176 357 1244 debeat}
445 1180 636 1240 Systole
666 1178 909 1242 correptio
944 1188 1116 1228 contra
1145 1188 1383 1238 naturam,
1414 1188 1466 1228 ut
1502 1177 1678 1245 [(Virg.
1697 1182 1821 1229 Aen.
1845 1185 1887 1240 6,

143 1259 257 1323 773)
280 1280 288 1309 z
329 1260 629 1323 ‘urbemque
647 1262 686 1308 F
691 1260 919 1319 idenam‚’
946 1277 1060 1309 cum
1081 1260 1239 1325 prima
1259 1260 1444 1323 syllaba
1468 1260 1675 1323 produci
1700 1259 1886 1328 debet].

137 1337 207 1405 [V
211 1350 228 1389 t
245 1358 398 1404 quum
419 1341 629 1391 dicimus
651 1347 661 1367 ‘
679 1343 835 1392 Orion
854 1344 862 1363 ’
883 1352 1120 1406 correpte,
1140 1345 1259 1392 dum
1281 1343 1520 1406 producte
1541 1341 1639 1391 dici
1656 1342 1887 1409 oportet.]

67 1435 112 1476 15
141 1421 384 1472 Diaeresis
402 1423 626 1473 discissio
644 1425 858 1487 syllabae
877 1426 926 1472 in
943 1426 1080 1485 duas,
1101 1434 1154 1474 ut
1173 1423 1356 1491 [(Virg.
1374 1426 1501 1473 Aen.
1519 1443 1560 1487 9,
1586 1424 1666 1489 26)
1684 1444 1692 1474 z
1723 1425 1887 1476 ‘dives

137 1503 284 1567 pictai
326 1504 503 1565 vestis‚'
541 1523 629 1569 pro
677 1507 863 1569 ‘pictae
885 1504 915 1572 ⁷]
962 1504 1287 1574 [(Enn.Ann.
1309 1506 1424 1570 33):
1479 1506 1652 1555 ‘Albai
1690 1506 1885 1571 longai,'

136 1603 224 1649 pro
243 1587 422 1636 ‘Albae
438 1589 614 1651 longae
624 1586 670 1654 '].
712 1588 1110 1652 Episynaloephe
1127 1587 1484 1652 conglutinatio
1501 1589 1710 1637 duarum
1728 1587 1886 1655 [sylla-
1909 1606 1939 1654 5

137 1667 330 1735 barum]
358 1668 407 1717 in
442 1687 604 1729 unam,
635 1679 688 1718 ut
714 1668 1055 1736 [‘Phaethon'
1086 1688 1175 1734 pro
1205 1672 1492 1719 ‘Pha‘e'thon
1509 1668 1540 1736 ⁷]
1570 1668 1607 1737 [‘
1625 1670 1770 1720 Neri'
1795 1688 1884 1736 pro

141 1752 215 1799 ‘N
221 1753 347 1811 ere'1‘‚'
390 1751 723 1815 ‘aeripedem'
755 1770 843 1816 pro
877 1754 1185 1816 ‘aeripedem
1203 1751 1248 1819 '].
1337 1753 1648 1816 Synaloephe
1678 1752 1883 1802 conlisio

63 1851 113 1878 20
137 1831 382 1881 vocalium
407 1833 643 1883 adiuncta
667 1834 935 1895 vocalibus,
964 1844 1017 1883 ut
1045 1833 1221 1901 [(Virg.
1241 1837 1365 1884 Aen.
1388 1853 1430 1898 9,
1458 1834 1503 1899 Ι)
1525 1855 1533 1884 z

319 1917 485 1979 Atque
522 1932 579 1965 ea
616 1915 809 1966 diversa
841 1916 1038 1980 penitus
1076 1918 1196 1966 dum
1234 1926 1370 1980 parte
1408 1914 1677 1982 geruntur}

135 1994 440 2061 Ec<th>lipsis
458 1997 665 2047 conlisio
684 1998 1067 2048 consonantium
1085 2015 1198 2047 cum
1216 1997 1483 2058 vocalibus,
1498 2007 1550 2046 ut
1570 1995 1882 2063 [(Virg.Aen.
1905 2003 1940 2054 6

138 2077 282 2142 1'3)³
456 2123 674 2170 Multum
712 2122 792 2171 ille
828 2132 876 2171 et
911 2122 1047 2171 terris
1084 2120 1289 2170 iactatus
1328 2132 1375 2171 et
1409 2119 1545 2187 alt0].

191 2262 207 2289 1
243 2257 287 2290 ut
310 2251 413 2304 (om.
435 2253 533 2304 cett.)
559 2253 608 2292 Cl
630 2267 638 2291 :
669 2259 712 2292 ut
727 2259 924 2293 maneant
944 2253 985 2291 in
1008 2252 1238 2302 rellegione
1256 2259 1435 2302 nepotes
1452 2266 1531 2303 pro
1552 2252 1759 2302 religione
1775 2251 1880 2290 AB:

133 2311 178 2344 ut
199 2307 413 2356 relliquias
432 2320 510 2357 pro
532 2308 728 2358 reliquias
750 2309 1027 2357 induperator
1046 2321 1124 2358 pro
1145 2308 1364 2359 inperator
1388 2307 1426 2346 T
1549 2321 1574 2358 5
1598 2313 1643 2347 ut
1655 2307 1757 2359 (om.
1777 2308 1880 2358 cett.)

135 2360 184 2399 Cl
206 2376 214 2400 :
244 2367 290 2400 ut
309 2362 525 2402 admittier
550 2376 627 2413 pro
659 2363 822 2402 admitti
842 2363 882 2402 Β
904 2362 963 2414 (A
985 2363 1090 2414 fere)
1115 2377 1123 2402 ε
1167 2369 1213 2402 ut
1239 2363 1370 2414 magis
1391 2375 1468 2413 pro
1490 2363 1599 2401 maie
1621 2368 1663 2402 et
1691 2366 1881 2412 potestur

134 2417 199 2466 (ex
226 2417 344 2468 pr0-)
381 2430 457 2467 pro
490 2424 629 2468 potest
670 2417 707 2456 T
897 2431 918 2468 7
950 2417 1166 2457 Auferens
1193 2417 1230 2455 T
1413 2419 1439 2456 8
1470 2417 1512 2457 S.
1548 2424 1614 2456 est
1647 2417 1761 2456 absc.
1792 2415 1879 2453 AB

135 2482 185 2509 10
204 2477 250 2510 ut
265 2471 368 2522 (om.
385 2471 489 2523 cett.)
509 2472 560 2511 Cl
579 2487 587 2512 :
611 2479 656 2512 ut
676 2479 847 2512 exercet
868 2475 975 2524 (-tur
990 2473 1047 2524 Β)
1065 2474 1188 2512 diana
1208 2472 1362 2512 choros
1382 2472 1492 2524 (co-)
1509 2471 1598 2510 AB
1617 2484 1626 2510 :
1658 2477 1703 2510 ut
1722 2470 1877 2509 italiam

131 2526 215 2565 fato
237 2538 365 2576 quum
386 2526 545 2565 italiam
564 2533 800 2578 correptam
816 2528 898 2566 dici
912 2528 1066 2567 debeat
1086 2527 1124 2565 T
1203 2541 1264 2578 12,
1287 2540 1335 2576 13
1358 2527 1474 2577 Syst.
1493 2556 1502 2565 .
1521 2557 1531 2567 .
1548 2557 1557 2566 .
1578 2526 1706 2565 debet
1722 2539 1803 2565 om.
1827 2524 1877 2564 C²

132 2587 177 2620 ut
205 2581 436 2631 urbemque
467 2582 651 2621 fidenam
681 2595 774 2622 cum
805 2582 939 2633 prima
968 2582 1132 2632 syllaba
1160 2583 1335 2633 produci
1366 2582 1492 2621 debet
1521 2581 1657 2633 (-beat
1677 2581 1735 2633 Β)
1764 2579 1874 2619 ΑΒ;

130 2641 175 2674 ut
195 2649 323 2686 quum
344 2637 520 2676 dicimus
547 2637 666 2676 orion
699 2643 892 2687 correpte
913 2638 1010 2676 dum
1032 2639 1240 2688 producte
1263 2637 1344 2676 dici
1365 2635 1617 2687 oporte—T
1755 2647 1802 2684 15
1834 2639 1878 2672 ut

130 2690 234 2741 (om.
256 2692 358 2741 cett.)
392 2690 471 2730 Clz
503 2699 547 2731 ut
579 2692 698 2731 dives
726 2692 855 2742 pictai
884 2692 1018 2731 vestis
1048 2705 1124 2742 pro
1155 2692 1292 2743 pictae
1312 2692 1382 2731 A:
1415 2698 1460 2730 ut
1489 2691 1597 2732 albai
1626 2691 1767 2740 longai
1799 2701 1876 2738 pro

129 2745 319 2794 pictaeB
339 2759 348 2784 :
379 2752 424 2785 ut
436 2747 545 2785 albai
560 2747 701 2797 longai
713 2760 792 2797 pro
809 2746 1043 2796 albelonge
1064 2746 1101 2785 T
1227 2759 1274 2795 17
1306 2746 1382 2797 Ep.
1404 2753 1469 2785 est
1487 2745 1624 2795 congl.
1644 2744 1686 2783 A
1790 2743 1876 2792 syl-

130 2799 317 2838 labarum
346 2801 439 2840 hab.
461 2801 569 2840 AC:
613 2815 696 2841 om.
718 2801 805 2839 BT
966 2804 1016 2842 18
1045 2807 1091 2840 ut
1113 2801 1216 2853 (om.
1241 2802 1342 2853 cett.)
1366 2800 1417 2839 Cl
1437 2814 1446 2839 :
1486 2805 1532 2838 ut
1550 2799 1696 2838 foeton
1717 2797 1759 2836 A
1781 2812 1790 2837 ς
1829 2802 1874 2835 ut

132 2854 290 2902 sueton
321 2867 397 2904 pro
426 2856 571 2895 faeton
599 2856 672 2895 B:
709 2862 755 2895 ut
783 2856 897 2895 feton
924 2870 1004 2907 pro
1033 2857 1177 2896 faeton
1205 2857 1313 2895 meri
1343 2867 1421 2905 pro
1451 2855 1571 2894 nerei
1602 2854 1764 2904 eripide
1795 2864 1872 2902 pro

130 2909 318 2959 euripide
358 2908 400 2949 T.
464 2910 524 2960 Cf}
561 2911 715 2952 Donat.
745 2917 789 2961 p.
826 2913 908 2961 396
940 2911 995 2950 K.
1203 2923 1257 2950 20
1289 2910 1516 2962 vocalium]
1550 2907 1802 2948 vocabulum
1844 2903 1882 2943 T

100 2966 103 2974 “
131 2969 174 3002 ut
198 2963 301 3015 (om.
330 2963 432 3015 cett.)
459 2964 540 3005 C1:
582 2971 627 3004 ut
657 2971 783 3015 atque
814 2978 865 3005 ea
895 2967 1064 3006 diversa
1093 2965 1265 3016 penitus
1295 2971 1338 3004 et
1367 2964 1528 3015 reliqua
1555 2963 1597 3000 A
1619 2978 1627 3002 :
1674 2967 1718 3001 ut
1745 2966 1872 3010 atque

130 3029 264 3067 aeque
285 3031 335 3057 ea
356 3019 524 3059 diversa
553 3021 722 3071 penitus
743 3025 786 3059 et
805 3026 948 3060 cetera
968 3021 1009 3059 Β
1029 3035 1038 3060 :
1074 3026 1118 3059 ut
1147 3026 1273 3071 atque
1303 3033 1354 3058 ea
1383 3020 1550 3059 diversa
1579 3017 1750 3068 penitus
1773 3015 1873 3055 dum

130 3077 251 3121 parte
273 3079 478 3123 geruntur
503 3074 542 3113 T
717 3088 768 3114 22
801 3075 973 3124 Ellipsis
993 3081 1058 3115 est
1079 3075 1189 3115 conl.
1216 3074 1253 3112 Α
1387 3078 1432 3113 ut
1463 3072 1561 3124 (om.
1591 3072 1697 3122 cett.)
1723 3069 1796 3111 Cl:
1828 3075 1875 3108 ut

131 3127 309 3166 multum
330 3126 400 3167 ille
422 3129 548 3169 terris
568 3129 745 3169 iactatus
767 3135 809 3169 et
828 3129 913 3169 alto
932 3129 1022 3169 AB
1040 3145 1047 3169 :
1080 3136 1124 3168 ut
1146 3129 1319 3168 multum
1339 3128 1408 3166 ille
1431 3133 1472 3166 et
1493 3126 1617 3166 terris
1643 3125 1681 3164 T
