2176 3424
1083 131 1353 180 ISIDORI

245 275 313 321 68
340 266 389 314 in
415 266 775 314 desolationem
803 265 1001 312 redacta
1027 271 1112 310 est.
1169 263 1440 324 Saguntum
1460 260 1635 309 Graeci
1654 278 1710 309 ex
1730 260 1890 307 insula
1906 262 2087 321 Zacyn-

338 350 425 396 tho
450 347 655 412 profecti
683 346 731 395 in
755 344 1001 408 Hispania
1026 343 1358 393 condiderunt
1382 360 1394 403 ;
1430 359 1578 406 quarn
1618 342 1722 391 Afri
1757 350 1928 406 postea
1951 342 2085 390 bello

241 434 315 491 69
344 429 595 494 inpetitam
625 430 925 478 deleverunt.
999 425 1269 475 Emeritam
1308 426 1489 475 Caesar
1515 427 1766 489 Augustus
1790 422 2084 482 aedificavit,

337 522 599 576 postquam
627 509 931 559 Lusitaniam
958 518 1006 558 et
1031 509 1271 571 quasdam
1299 506 1489 557 Oceani
1514 506 1696 556 insulas
1723 505 1865 569 cepit,
1895 507 2017 554 dans
2044 505 2088 554 ei

338 612 523 644 nomen
556 595 619 643 ab
657 610 717 642 eo
754 593 889 655 quod
923 590 992 639 ibi
1029 589 1207 638 milites
1242 598 1498 638 veteranos
1533 587 1882 638 constituisset.
1955 589 2086 636 Nam
2113 609 2133 648 5

247 689 315 738 70
341 676 530 726 emeriti
550 675 781 725 dicuntur
797 672 1013 723 veterani
1040 673 1286 735 solutique
1306 670 1520 719 militiae.
1590 669 1850 733 Olisipona
1869 669 1931 718 ab
1948 669 2090 718 Vlixe

340 769 413 809 est
439 758 639 808 condita
664 766 711 807 et
736 765 1051 819 nuncupata;
1093 771 1194 817 quo
1210 755 1335 813 loco,
1364 753 1489 801 sicut
1508 750 1885 815 historiographi
1904 750 2087 810 dicunt,

258 854 312 903 71
337 844 527 892 caelum
546 858 571 890 a
590 850 715 890 terra
731 848 778 889 et
795 838 947 887 maria
973 836 1340 900 distinguuntur
1364 853 1393 884 a
1417 835 1568 884 terris.
1643 833 1892 897 Hispalim
1910 832 2091 883 Caesar

340 924 493 972 Iulius
519 922 758 981 condidit,
797 937 944 984 quam
978 937 1035 968 ex
1067 935 1156 967 suo
1182 928 1230 967 et
1256 920 1450 967 Romae
1475 916 1608 966 urbis
1633 916 1878 965 vocabulo
1912 915 2090 964 Iuliam

340 1008 606 1056 Romulam
625 1002 943 1067 nuncupavit.
983 1000 1205 1065 Hispalis
1223 1010 1389 1049 autem
1409 1017 1438 1048 a
1456 999 1550 1048 situ
1567 997 1916 1062 cognominata
1932 1007 2018 1057 est,
2032 1013 2091 1046 eo
2119 1015 2166 1044 10

340 1091 476 1154 quod
503 1088 553 1136 in
570 1089 676 1137 solo
693 1085 895 1149 palustri
914 1083 1097 1134 suffixis
1118 1083 1166 1131 in
1184 1084 1432 1146 profundo
1449 1081 1571 1145 palis
1591 1083 1751 1129 locata
1767 1079 1841 1140 sit,
1861 1097 1923 1128 ne
1948 1079 2093 1128 lubri-

252 1184 315 1234 72
342 1188 402 1221 co
418 1180 566 1234 atque
583 1168 799 1218 instabili
816 1168 1143 1216 fundamento
1163 1167 1373 1214 cederet.
1419 1165 1585 1213 Gades
1607 1161 1846 1226 oppidum
1864 1178 1890 1210 a
1913 1161 2092 1210 Poenis

340 1253 613 1312 conditum,
647 1251 730 1314 qui
768 1250 913 1299 etiam
947 1258 995 1298 et
1021 1247 1369 1310 Carthaginem
1411 1246 1705 1309 Spartariam
1745 1243 2087 1292 condiderunt.

250 1344 314 1394 73
341 1338 489 1399 Septe
514 1334 754 1398 oppidum
789 1350 818 1381 a
851 1331 1103 1380 montibus
1139 1339 1342 1394 septem,
1373 1329 1456 1391 qui
1486 1344 1515 1375 a
1548 1325 1867 1375 similitudine
1901 1327 2091 1373 Fratres

251 1430 314 1480 74
340 1417 501 1468 vocati
527 1416 776 1466 Gaditano
793 1413 1036 1463 inminent
1056 1414 1193 1462 fretu.
1256 1409 1428 1473 Tingis
1454 1408 1661 1457 civitatis
1688 1417 1735 1456 et
1756 1406 1844 1455 Lix
1870 1409 2090 1455 Antaeus
2118 1422 2165 1465 15

339 1510 509 1550 auctor
528 1508 613 1560 est,
635 1515 783 1561 quem
812 1498 1055 1546 Hercules
1081 1497 1228 1543 fertur
1252 1495 1413 1541 luctae
1439 1491 1706 1540 certamine
1723 1498 2004 1552 superatum
2025 1488 2093 1536 in-

339 1582 600 1633 terfecisse.
675 1579 765 1628 Lix
790 1588 954 1628 autem
980 1595 1009 1626 a
1035 1577 1158 1625 Lixo
1185 1574 1387 1624 flumine
1414 1571 1754 1622 Mauretaniae
1792 1579 2090 1633 nuncupata,

339 1665 425 1714 ubi
450 1663 631 1713 Antaei
659 1662 791 1726 regia
815 1661 917 1720 fuit,
942 1671 990 1710 et
1006 1662 1130 1719 Sala,
1153 1659 1289 1722 quod
1308 1655 1548 1705 inmineat
1563 1656 1703 1704 Salae
1729 1652 1933 1702 flumini.
1973 1654 2093 1702 Cae-

258 1753 316 1804 75
341 1765 527 1797 saream
556 1743 896 1795 Mauretaniae
923 1742 1162 1807 oppidum
1191 1740 1320 1790 Iuba
1348 1756 1429 1788 rex
1456 1740 1746 1787 Maurorum
1778 1735 1827 1784 in
1853 1737 2091 1784 honorem

340 1830 564 1882 Caesaris
581 1827 790 1891 Augusti
817 1825 1056 1884 condidit,
1079 1840 1227 1887 quam
1255 1839 1312 1871 ex
1339 1820 1443 1870 eius
1469 1818 1672 1868 nomine
1693 1818 1986 1868 Caesaream
2012 1833 2092 1880 ap-
2117 1835 2176 1863 20¹

339 1912 537 1977 pellavit
548 1930 561 1973 3
592 1910 717 1959 sicut
734 1909 966 1958 Herodes
982 1908 1126 1955 aliam
1139 1907 1431 1955 Caesaream
1449 1901 1500 1950 in
1511 1899 1800 1959 Palaestina,
1814 1915 1940 1962 quae
1959 1914 2092 1946 nunc

241 1995 311 2054 76
336 1996 452 2044 urbs
470 2003 543 2044 est
563 1992 842 2042 clarissima.
890 1988 1106 2038 Icosium
1125 1984 1459 2038 Caesariensis
1478 1981 1818 2031 Mauretaniae
1834 1979 2088 2044 oppidum,

343 2078 561 2126 Hercule
596 2075 710 2123 illuc
750 2081 1048 2131 transeunte,
1075 2068 1248 2133 viginti
1278 2084 1306 2117 a
1343 2066 1582 2115 comitatu
1613 2063 1718 2113 eius
1752 2062 2092 2112 discindentes

342 2165 731 2208 construxerunt.
807 2157 958 2203 Hanc
997 2170 1058 2201 ne
1090 2151 1198 2215 quis
1236 2148 1452 2213 inposito
1485 2165 1515 2196 a
1550 2164 1601 2196 se
1634 2145 1837 2195 nomine
1867 2144 2089 2209 privatim

341 2240 638 2305 gloriaretur,
668 2240 731 2288 de
764 2235 1087 2287 condentium
1122 2248 1329 2282 numero
1355 2229 1463 2279 urbi
1490 2228 1655 2278 Icosio
1689 2244 1874 2276 nomen
1904 2229 2087 2275 datum.
2118 2243 2176 2284 25¹

256 2338 317 2389 77
345 2325 537 2387 Cyrene
563 2323 728 2385 regina
754 2319 844 2368 fuit
878 2318 1065 2380 Libyae
1095 2331 1222 2378 quae
1259 2329 1318 2363 ex
1355 2328 1444 2360 suo
1482 2311 1685 2359 nomine
1719 2308 1963 2358 civitatem
2000 2308 2092 2370 Cy-

343 2422 492 2455 renen
521 2402 758 2461 condidit,
789 2419 846 2450 ex
872 2417 969 2464 qua
994 2408 1041 2448 et
1067 2397 1275 2461 Libyam
1303 2396 1637 2458 Cyrenensem
1665 2390 1870 2440 vocavit.

403 2550 419 2575 1
454 2535 607 2574 iacinto
629 2531 786 2586 (meto)
808 2530 955 2570 BCT:
985 2543 1067 2568 om.
1090 2526 1187 2566 ΚΜ
1309 2538 1333 2563 2
1364 2524 1602 2574 hispaniam
1626 2522 1734 2574 (sp-)
1760 2519 1839 2560 BC
1943 2518 2089 2570 quam]

346 2593 443 2642 quia
464 2590 504 2628 Β
678 2590 704 2626 6
734 2586 842 2638 mik]
863 2599 887 2624 a
908 2585 1054 2624 militia
1074 2583 1117 2621 K
1247 2580 1480 2629 Olisepona
1500 2577 1587 2615 ΒΚ
1713 2577 1825 2615 olixe
1850 2573 1949 2614 CT:
1979 2573 2090 2612 olixa

346 2647 415 2686 K:
446 2645 572 2684 olexe
593 2643 633 2681 B
759 2656 779 2692 7
811 2640 957 2691 cond.]
981 2640 1092 2678 dicta
1113 2635 1199 2675 KP
1317 2636 1341 2672 8
1372 2633 1478 2674 cael.
1498 2637 1540 2671 et
1561 2637 1638 2670 ter.
1663 2630 1708 2668 K
1817 2629 2092 2680 distinguitur

353 2701 391 2739 T
496 2698 696 2749 Inspalim
720 2696 787 2738 B:
819 2695 903 2745 Isp.
930 2694 964 2733 C
1090 2707 1116 2744 9
1145 2689 1246 2742 Iul.]
1268 2688 1412 2728 tullius
1432 2687 1477 2725 K
1585 2685 1730 2738 quam]
1752 2685 1861 2735 quod
1884 2684 1925 2722 Β
2035 2696 2087 2721 ex

347 2769 425 2796 suo
445 2753 618 2794 nomine
640 2758 682 2791 et
709 2752 790 2791 Ro.
814 2764 874 2789 ur.
895 2748 930 2787 C
1011 2761 1129 2787 roma
1150 2745 1195 2784 K
1275 2743 1433 2783 tulliam
1455 2741 1580 2782 KOP
1718 2753 1766 2779 10
1795 2739 1960 2790 hispalo
1982 2737 2089 2788 (sp-5

347 2809 460 2851 codd.
632 2820 676 2846 11
709 2804 940 2857 paludestri
961 2803 1047 2842 ΒΚ
1155 2799 1319 2840 subfixa
1340 2798 1550 2849 profundo
1572 2795 1694 2835 BCK
1800 2795 1854 2833 sit
1873 2807 1922 2832 ex
1938 2805 2036 2832 corr.
2059 2791 2096 2829 T

353 2879 400 2904 12
432 2864 595 2904 caderit
629 2861 675 2900 K
794 2861 933 2899 Cades
965 2858 1031 2896 K:
1064 2856 1234 2896 Gaddes
1277 2853 1314 2891 T
1427 2852 1472 2904 a]
1506 2865 1530 2891 ο
1572 2850 1607 2890 C
1771 2861 1819 2898 13
1849 2853 1893 2887 et
1930 2860 2011 2887 om.
2046 2846 2093 2885 K

353 2933 402 2970 14
434 2920 608 2970 Septem
631 2915 740 2956 codd.
859 2928 906 2964 15
938 2914 1113 2952 inminet
1136 2910 1198 2949 T:
1227 2909 1416 2948 eminent
1437 2907 1482 2945 K
1573 2904 1720 2945 civitas
1739 2903 1787 2943 C¹
1881 2901 1946 2954 et]
1967 2914 1990 2940 e
2010 2900 2055 2939 K
2061 2900 2098 2938 T

351 2976 463 3014 lixae
497 2973 533 3013 C
693 2972 741 3010 18
771 2968 947 3020 Antaei]
970 2973 1096 3007 antea
1116 2965 1195 3004 BC
1330 2963 1501 3002 flumine
1522 2960 1608 2999 ΒΚ
1769 2971 1822 2997 2ο
1851 2956 1926 3008 ex]
1949 2969 2027 3006 pro
2046 2955 2093 2994 K

351 3043 398 3068 21
424 3028 632 3080 palestino
653 3025 739 3065 BT
841 3037 892 3062 22
915 3021 1135 3062 Hicosium
1148 3019 1259 3060 codd.
1371 3030 1422 3066 23
1444 3016 1526 3055 illic
1550 3015 1584 3054 C
1691 3012 2003 3051 descendentes
2018 3010 2060 3048 Β
2079 3023 2090 3049 2

351 3084 620 3124 discedentes
645 3080 720 3120 CT
856 3090 906 3127 25
936 3077 1099 3116 hicosio
1119 3074 1221 3114 BC:
1252 3073 1454 3112 hicosium
1478 3070 1520 3109 K
1647 3081 1696 3118 27
1730 3073 1771 3106 et
1792 3079 1873 3117 qua
1893 3079 1946 3105 ex
1965 3065 2034 3105 K:
2064 3078 2088 3103 a

352 3152 433 3189 qua
455 3144 496 3176 et
524 3138 560 3175 T
