2228 3444
1081 144 1354 193 ISIDORI

299 272 475 331 ‘que0‚
504 268 626 331 quis,
658 267 793 330 quit,'
821 276 866 316 et
906 269 954 314 in
991 266 1337 330 conpositione
1366 271 1606 330 ‘nequeo‚
1636 268 1825 331 nequis,
1847 266 2047 330 nequit.'

210 361 275 396 22
303 355 313 376 ‘
334 351 519 412 Quod,'
538 351 742 412 quando
759 365 1036 413 pronomen
1057 357 1143 409 est,
1167 365 1253 412 per
1274 351 1320 397 D
1344 347 1458 415 [est]
1476 349 1793 399 scribendum
1804 369 1818 412 ;
1843 350 2047 413 quando

298 445 547 489 numeruS,
564 445 650 491 per
669 431 728 489 T,
747 428 863 491 quia
883 427 1119 477 ‘totidem
1139 430 1149 450 '
1170 445 1256 491 per
1271 430 1316 476 Τ
1337 427 1576 478 scribitur.
1642 432 1652 454 ‘
1674 428 1912 487 Quotidie
1932 430 1941 450 ⁷
1962 443 2048 490 per

209 521 274 567 23
298 513 347 574 Q
371 511 703 571 scribendum,
733 527 835 559 non
856 527 941 574 per
961 510 1019 569 C,
1039 519 1092 559 ut
1117 509 1177 558 sit
1207 513 1358 573 ‘quot
1383 511 1590 559 diebus.'
1661 513 1709 558 R
1732 510 1890 560 littera
1915 525 2048 558 com-

297 594 588 643 munionem
609 593 760 642 habet
784 609 898 641 curn
925 594 956 642 S
982 593 1154 641 littera.
1224 594 1400 656 Itaque
1425 594 1561 656 apud
1596 594 1787 641 anticos
1824 596 1835 618 ‘
1853 593 2046 651 honos,'
2072 607 2094 648 5

205 686 271 733 24
298 679 309 701 ‘
325 677 496 736 labos,'
517 679 527 701 ‘
545 676 718 724 arbos'
739 674 1009 735 dicebatur,
1032 691 1166 723 nunc
1190 676 1411 735 ‘honor,'
1431 678 1441 700 ⁴
1460 675 1628 736 labor,'
1652 676 1852 724 ‘arbon'
1909 679 1920 701 ‘
1936 677 2019 725 Sat
2037 677 2047 697 ²

294 775 382 822 per
401 761 445 806 T
471 757 617 807 scribi
643 765 852 820 oportet,
881 756 996 820 quia
1012 756 1256 820 integrum
1278 756 1382 806 eius
1403 757 1518 805 facit
1547 760 1558 782 ‘
1576 757 1723 806 satis.'
1779 761 1790 782 ‘
1807 758 1934 806 Sed'
1961 773 2047 820 per

298 844 344 889 D
371 850 566 904 oportet
592 839 752 888 scribi.
826 841 978 902 Apud
1004 837 1195 888 anticos
1222 838 1355 888 enim
1382 841 1471 888 sed
1500 842 1511 863 ‘
1528 841 1704 888 sedum
1725 841 1735 862 '
1756 838 2013 888 dicebatur
2034 857 2047 900 3

206 929 271 979 25
295 940 386 972 nos
407 924 577 972 finales
604 924 726 971 duas
747 921 929 970 litteras
956 920 1273 970 abscidimus.
1350 923 1616 981 ‘Tamtus,'
1636 921 1759 970 sicut
1776 931 1824 971 et
1847 926 1858 947 ‘
1878 937 2047 984 quam-

293 1014 371 1053 tus
393 1006 402 1023 ’
424 1005 473 1053 in
513 1006 679 1053 medio
714 1006 770 1052 M
805 1003 1074 1053 habebant.
1153 1005 1381 1065 ‘Quam'
1408 1005 1541 1053 enim
1568 1014 1614 1052 et
1643 1005 1804 1064 ‘tam,⁷
1831 1004 1965 1052 unde
1998 1012 2046 1051 et
2072 1015 2123 1042 10

199 1091 268 1138 26
295 1090 306 1112 ‘
323 1089 620 1150 quamtitas,'
641 1091 651 1113 ‘
671 1089 933 1150 quamtus,⁷
958 1089 968 1110 ‘
987 1089 1200 1135 tamtus.’
1275 1089 1408 1135 ‘Vae
1423 1088 1432 1108 ⁹
1450 1085 1723 1135 interiectio
1743 1102 1858 1134 cum
1874 1088 1921 1133 A
1938 1083 2048 1133 scri-

208 1183 269 1232 27
294 1170 517 1218 bendum
542 1189 554 1230 3
592 1173 603 1195 ‘
624 1187 682 1218 ve
703 1170 712 1190 '
732 1167 1018 1218 coniunctio
1040 1168 1145 1217 sine
1164 1171 1221 1217 A.
1286 1171 1406 1231 Xps‚
1430 1168 1547 1231 quia
1574 1170 1820 1217 Graecum
1846 1176 1932 1226 est,
1961 1182 2047 1229 per

206 1256 272 1303 28
295 1254 341 1299 X
359 1251 694 1301 scribendum.
758 1254 834 1300 Ita
849 1260 896 1300 et
920 1250 1172 1300 ‘Xrisma.’
1232 1253 1275 1298 Y
1302 1260 1349 1299 et
1369 1253 1406 1299 Z
1426 1250 1596 1300 litteris
1622 1252 1725 1299 sola
1750 1252 1940 1299 Graeca
1965 1265 2050 1297 no-

297 1336 431 1383 mina
466 1335 759 1383 scribuntur.
835 1336 964 1383 Nam
1002 1349 1117 1381 cum
1147 1332 1386 1381 ‘iustitia'
1421 1350 1599 1381 sonum
1634 1335 1670 1380 Z
1702 1333 1862 1381 littera
1897 1330 2048 1394 expri-

298 1426 410 1477 mat,
456 1426 638 1477 tamen,
678 1416 793 1479 quia
837 1415 1069 1464 Latinum
1114 1425 1201 1475 est,
1241 1432 1327 1479 per
1365 1414 1410 1464 T
1447 1415 1765 1464 scribendum
1806 1423 1895 1464 est.
1966 1414 2046 1463 Sic
2075 1427 2119 1466 15

198 1507 270 1554 29
299 1499 523 1560 ‘militia‚⁷
543 1498 778 1558 ‘malitia,⁷
803 1498 1132 1561 ‘nequitia,⁷et
1148 1507 1309 1547 cetera
1329 1497 1518 1547 similia.
1581 1500 1642 1545 In
1662 1497 1826 1547 dubiis
1847 1513 2046 1560 quoque

292 1581 452 1630 verbis
489 1583 802 1630 consuetudo
839 1589 1058 1630 veterum
1098 1590 1199 1629 erat
1237 1589 1303 1640 ut,
1337 1597 1451 1629 curn
1487 1582 1663 1629 eadem
1700 1579 1859 1629 littera
1894 1579 2043 1629 alium

293 1664 599 1712 intellectum
638 1672 874 1726 correpta,
910 1662 1061 1710 aliurn
1095 1663 1336 1725 producta
1374 1662 1592 1722 haberet,
1620 1664 1796 1726 longae
1832 1662 2046 1725 syllabae

292 1746 485 1810 apicem
506 1747 829 1809 adponebant
850 1764 862 1806 3
898 1754 1072 1809 utputa
1100 1747 1373 1808 ‘populus'
1400 1745 1627 1794 arborem
1653 1744 1962 1808 significaret,
1982 1762 2042 1794 an

293 1829 554 1876 hominum
593 1826 975 1886 multitudinem,
1005 1827 1147 1891 apice
1184 1826 1593 1891 distinguebatur.
1669 1826 1749 1876 Sic
1781 1837 1829 1875 et
1862 1827 1948 1876 ubi
1973 1829 2043 1876 lit·
2073 1835 2123 1863 20

291 1918 423 1958 terae
460 1918 794 1958 consonantes
827 1908 1220 1972 geminabantur,
1262 1907 1502 1957 sicilicum
1540 1909 1956 1972 superponebant,
1993 1919 2047 1958 ut

296 1995 306 2016 ‘
327 1993 480 2052 cella,'
501 1993 681 2051 ‘serra,'
702 1993 943 2040 ‘asseres'
1015 1994 1221 2040 Veteres
1238 1989 1370 2040 enim
1390 2008 1492 2039 non
1509 1991 1831 2054 duplicabant
1847 1990 2043 2050 litteras,

295 2075 383 2122 sed
415 2090 561 2136 supra
597 2073 808 2122 sicilicos
838 2072 1162 2136 adponebant
1186 2092 1198 2133 3
1237 2089 1336 2135 qua
1360 2082 1478 2121 nota
1502 2073 1865 2122 admonebatur
1894 2074 2046 2121 lector

294 2155 646 2218 geminandam
673 2172 779 2204 esse
804 2156 1029 2204 litteram.

73 2240 267 2280 XXVIII
432 2239 516 2285 DE
541 2252 824 2286 ANALOGIA.
900 2236 1146 2300 Analogia
1172 2237 1375 2295 Graece,
1406 2236 1582 2285 Latine
1608 2236 1840 2285 similium
1868 2254 2044 2300 conpa—
2072 2248 2120 2290 25

292 2318 416 2368 ratio
453 2319 554 2368 sive
588 2319 841 2383 proportio
878 2318 1175 2367 nominatur.
1250 2317 1406 2368 Cuius
1440 2319 1562 2367 haec
1595 2318 1666 2366 vis
1697 2328 1769 2367 est
1805 2327 1872 2378 ut,
1909 2321 2045 2381 quod

293 2400 502 2449 dubium
541 2410 627 2465 est,
667 2402 731 2449 ad
767 2400 955 2463 aliquid
993 2400 1165 2461 simile,
1205 2402 1341 2464 quod
1378 2417 1480 2448 non
1513 2409 1587 2449 est
1622 2400 1845 2460 dubium,
1878 2402 2048 2450 refera-

349 2543 367 2568 1
400 2536 442 2569 et
476 2530 519 2567 in
541 2560 550 2569 .
577 2560 586 2569 .
611 2559 618 2568 .
640 2530 789 2580 nequit
815 2543 898 2568 om.
925 2529 971 2567 K
1135 2543 1159 2568 2
1189 2535 1256 2569 est
1276 2529 1373 2569 lzah.
1394 2529 1475 2568 KL
1496 2544 1504 2569 ε
1528 2543 1609 2571 om.
1630 2529 1750 2570 BCT
1879 2532 2046 2580 quando

294 2597 494 2624 numerus
524 2584 781 2624 A1BCTU:
824 2585 996 2634 quando
1031 2584 1275 2624 adverbium
1305 2585 1470 2623 numeri
1498 2585 1579 2624 KL
1791 2597 1816 2634 3
1846 2586 1944 2635 quia
1964 2617 1973 2626 .
2002 2602 2012 2626 .-
2037 2618 2045 2626 .

291 2641 489 2679 scribitur
504 2653 586 2679 om.
604 2639 685 2678 KL
809 2654 833 2689 4
866 2652 1131 2678 communem
1155 2639 1193 2677 T
1306 2651 1330 2688 5
1362 2653 1455 2678 cum
1471 2652 1554 2679 om.
1570 2640 1611 2678 Β
1700 2651 1792 2679 cum
1809 2652 1830 2679 s
1845 2641 2061 2691 idemque-

291 2700 393 2745 aput
407 2695 559 2733 latinos
575 2694 621 2732 K
782 2695 808 2732 6
837 2695 964 2733 arbos
985 2695 1102 2734 labos
1122 2694 1167 2732 K
1303 2694 1430 2733 arbor
1449 2695 1570 2734 labor
1589 2695 1636 2733 K
1801 2707 1849 2733 10
1878 2695 1939 2748 m]
1958 2709 1985 2734 n
2015 2696 2053 2734 T

291 2752 344 2788 de
367 2763 448 2800 qua
468 2749 582 2788 enim
604 2754 646 2787 et
666 2755 750 2787 tam
772 2749 947 2788 veniunt
980 2748 1037 2788 T:
1068 2762 1193 2798 quam
1217 2754 1259 2788 et
1285 2754 1370 2788 tam
1396 2749 1494 2797 (om.
1522 2748 1655 2800 enim)
1677 2748 1723 2787 K
1997 2763 2041 2789 11

290 2806 507 2854 quantitas
553 2809 595 2842 et
639 2810 821 2853 quantus
865 2809 907 2842 et
946 2809 1090 2843 tantus
1137 2803 1173 2841 T
1386 2804 1654 2844 scribendum
1697 2803 1740 2842 A
1762 2818 1770 2843 :
1822 2804 2045 2844 scribenda

293 2859 373 2898 BC
380 2859 436 2898 T:
483 2859 682 2898 scribitur
715 2857 757 2895 K
946 2870 994 2895 12
1036 2860 1102 2899 zze,
1137 2859 1332 2897 Christus
1521 2872 1568 2908 13
1604 2859 1876 2899 scribendum
1911 2865 1976 2898 est
2014 2860 2051 2898 T

294 2914 445 2953 litteris
472 2927 556 2954 om.
578 2912 624 2951 K
794 2926 841 2961 14
873 2926 893 2951 z
915 2913 1081 2953 litterae
1102 2913 1143 2951 Β
1271 2913 1523 2963 exprimitur
1551 2913 1588 2952 T
1746 2925 1794 2962 15
1824 2913 1883 2952 sic
1897 2913 2043 2954 BCT:

292 2969 400 3007 sicut
423 2968 469 3007 K
582 2969 632 3006 16
661 2967 817 3006 malitia
838 2981 918 3007 om.
943 2967 996 3006 Tl
1104 2968 1294 3017 nequitia
1310 2981 1394 3008 om.
1415 2968 1460 3006 K
1568 2967 1686 3007 dubis
1701 2968 1764 3006 Α1
1785 2983 1794 3008 :
1821 2968 1984 3008 duobus
1999 2969 2046 3007 K

296 3036 343 3072 17
376 3023 490 3074 cum]
513 3024 592 3062 hec
614 3022 660 3060 K
787 3035 839 3060 22
870 3023 1032 3061 litteras
1052 3035 1134 3062 om.
1163 3023 1201 3060 T
1331 3037 1382 3072 24
1413 3023 1667 3072 geminatam
1690 3022 1737 3061 K
1862 3025 1915 3062 26
1944 3037 2042 3074 pro-

291 3078 431 3126 portio
454 3078 526 3117 131:
557 3077 792 3128 propositio
814 3077 871 3115 K1
897 3082 943 3116 ut
961 3077 1042 3117 vid.
1073 3077 1130 3116 T:
1159 3078 1420 3128 praepositio
1446 3079 1482 3118 C
1680 3091 1731 3128 27
1762 3077 1932 3118 dubium
1955 3092 2040 3118 non

290 3138 355 3170 est
378 3133 452 3170 ref.
474 3132 520 3170 K
