2176 3424
407 134 1039 182 ETYMOLOGIARVM
1079 136 1208 181 LIB.
1249 136 1416 182 XVII.
1457 153 1499 194 x,
1538 135 1583 182 xi

118 280 287 311 eorum
306 264 492 311 Latinis
518 265 714 313 incerta.
767 266 891 314 Olus
918 267 1079 315 molle.
1132 265 1365 329 Atriplex.
1419 267 1656 315 Brassica.
1709 267 1866 315 Olisa-

116 355 258 393 trum.
334 347 381 394 N
385 345 649 394 asturcium
672 364 815 410 sapor
832 347 1107 410 appellavit,
1137 349 1274 410 quod
1295 348 1565 396 acrimonia
1591 348 1666 396 sui
1687 364 1862 397 nasum
1887 356 1941 405 17

116 435 354 489 torqueat.
430 429 599 490 Fungi‚
628 430 765 491 quod
789 427 911 477 aridi
937 428 1102 492 ignem
1128 437 1388 493 acceptum
1413 429 1698 492 concipiant
1718 448 1730 490 3
1767 435 1866 492 φῶς
1888 432 1943 479 18

117 507 249 556 enirn
286 507 410 570 ignis
447 518 519 557 est
539 526 550 568 ;
595 511 728 558 unde
771 519 818 559 et
861 527 972 559 esca
1009 513 1154 574 vulgo
1197 511 1388 571 dicitur,
1435 512 1572 575 quod
1610 511 1670 560 sit
1707 513 1864 561 fomes

68 603 90 642 5
116 589 239 653 ignis
282 599 329 639 et
366 590 734 640 nutrimentum.
808 591 907 640 Alii
937 594 1110 641 dicunt
1146 595 1322 657 fungos
1356 603 1556 643 vocatos
1594 595 1730 657 quod
1768 592 1864 642 sint

116 688 174 719 ex
216 688 386 720 eorum
426 689 604 736 genere
651 673 854 736 quidam
904 673 1290 739 interemptorii3
1350 677 1483 724 unde
1527 685 1575 725 et
1623 677 1859 725 defuncti.

115 753 371 802 Tuberum
405 763 568 802 tumor
601 764 754 804 terrae
787 755 951 818 prodit
972 774 986 818 3
1022 774 1179 821 eaque
1213 773 1360 806 causa
1394 775 1578 807 nomen
1613 757 1682 806 illi
1708 758 1860 808 dedit.
1887 767 1946 814 19

115 834 261 883 Volvi
299 835 528 898 appellati
571 838 707 899 quod
750 836 847 886 sint
888 838 1129 889 volubiles
1178 849 1227 888 et
1275 839 1489 889 rotundi.
1566 842 1860 905 Asparagus,

115 918 250 979 quod
283 916 481 978 spinosa
515 926 562 965 et
586 934 758 982 aspera
792 919 852 968 sit
890 921 1046 969 frutex
1071 920 1189 980 eius,
1219 938 1278 970 ex
1311 938 1409 984 qua
1433 920 1662 985 gignitur.
1739 923 1864 986 Cap-
1887 934 1955 968 20

43 1012 91 1041 10
115 999 240 1060 paris
288 1014 317 1045 a
358 999 558 1047 Graecis
602 1016 785 1048 nomen
829 1002 1095 1065 sumpsisse
1143 1001 1349 1062 videtur,
1397 1004 1535 1066 quod
1584 1004 1764 1052 habeat
1813 1003 1863 1052 in

115 1078 479 1128 summitatibus
513 1083 725 1132 rotunda
757 1083 1003 1132 seminum
1037 1085 1262 1147 capitula.
1337 1084 1638 1146 Armoracia‚
1667 1087 1765 1134 hoc
1791 1095 1864 1135 est

114 1162 329 1224 lapsana.
386 1162 650 1225 Lapistrus.
676 1166 944 1228 Lapathia:
982 1167 1104 1215 haec
1126 1166 1176 1214 in
1196 1166 1311 1216 cibo
1331 1176 1530 1231 sumpta
1549 1168 1862 1217 stomachum

114 1243 369 1303 confortat,
409 1246 657 1294 Venerem
688 1246 918 1309 reprimit.
992 1249 1234 1297 Carduus.
1310 1250 1485 1309 Eruca,
1526 1248 1666 1312 quasi
1696 1266 1860 1309 uruca,
1887 1258 1943 1293 21

114 1326 250 1387 quod
298 1324 477 1388 ignitae
525 1325 584 1374 sit
633 1326 820 1376 virtutis
870 1338 918 1377 et
966 1328 1016 1377 in
1065 1329 1179 1379 cibo
1227 1347 1373 1393 saepe
1417 1340 1614 1394 sumpta
1655 1331 1862 1381 Veneris

45 1423 90 1464 15
114 1404 398 1455 incendium
457 1417 665 1457 moveat.
763 1409 929 1458 Huius
990 1410 1179 1474 species
1243 1414 1384 1474 duae,
1448 1430 1656 1477 quarum
1713 1415 1864 1463 altera

113 1487 307 1548 usualis,
334 1489 484 1537 altera
508 1489 722 1552 agrestis,
750 1491 947 1540 acrioris
973 1491 1161 1543 virtutis
1179 1512 1192 1555 ;
1229 1504 1436 1558 utraque
1462 1505 1628 1544 tamen
1654 1497 1863 1545 Veneris

113 1579 430 1618 commovent
456 1587 613 1619 usum.

250 1653 332 1699 DE
357 1666 615 1701 ODORATIS
642 1668 907 1703 OLERmvs.
971 1655 1156 1718 Apium
1182 1655 1371 1706 dictum
1398 1659 1535 1720 quod
1560 1675 1620 1707 eo
1646 1675 1783 1722 apex,
1811 1658 1862 1708 id
1886 1662 1951 1702 XI

114 1741 186 1781 est
218 1743 378 1795 caput,
405 1733 721 1796 antiquorum
748 1735 1158 1799 triumphantium
1194 1738 1537 1788 coronabatur.
1615 1741 1861 1790 Hercules

42 1831 91 1859 20
113 1823 278 1863 autem
322 1815 449 1862 hanc
493 1816 695 1863 herbam
744 1816 929 1879 primus
978 1818 1126 1881 capiti
1174 1819 1502 1870 circumtulit:
1563 1838 1679 1870 nam
1727 1838 1862 1870 nunc

115 1896 353 1957 populum
402 1897 561 1958 capite
608 1897 929 1960 praeferebat,
982 1916 1114 1948 nunc
1162 1903 1442 1961 oleastrum,
1495 1919 1627 1951 nunc
1675 1902 1859 1967 apium.

116 1977 269 2026 Cuius
310 1976 498 2026 radices
535 1978 795 2027 efficaciter
831 1991 1053 2043 pugnant
1091 1992 1263 2030 contra
1299 1982 1502 2032 insidias
1539 2000 1862 2033 venenorum.

115 2056 235 2105 Eius
277 2057 465 2120 generis
508 2068 621 2107 sunt
662 2061 1010 2122 petroselinon,
1053 2062 1402 2126 hipposelinon
1444 2074 1492 2114 et
1534 2065 1858 2116 oleoselinon.

115 2138 453 2188 Petroselinon
481 2150 709 2188 vocatum
735 2144 871 2204 quod
897 2143 958 2192 sit
982 2143 1152 2193 similis
1177 2145 1291 2208 apio
1317 2155 1365 2194 et
1385 2156 1611 2195 nascatur
1636 2147 1686 2196 in
1711 2149 1860 2212 petris
1884 2161 1914 2195 2

42 2237 89 2278 25
115 2219 466 2284 montibusque
484 2222 766 2285 praeruptis.
821 2226 973 2286 Quod
990 2243 1080 2275 nos
1097 2227 1374 2290 petrapium
1391 2228 1555 2278 dicere
1571 2246 1860 2293 possumus;

172 2361 190 2387 1
222 2349 326 2389 Olos
342 2351 493 2389 mollea
513 2350 551 2388 T
710 2352 907 2392 Brassica
921 2353 962 2392 id
979 2360 1043 2393 est
1056 2356 1193 2394 acanti
1211 2356 1254 2394 id
1269 2362 1334 2395 est
1349 2358 1424 2397 viti
1440 2358 1576 2400 balba.
1626 2359 1860 2399 Olisatrum

113 2417 249 2454 genus
265 2405 406 2444 erbale
422 2405 552 2444 latine
574 2405 722 2458 T(non
744 2406 801 2455 U)
887 2408 1140 2448 Olisandum
1157 2410 1226 2449 K:
1248 2411 1480 2452 Oliastrum
1502 2413 1544 2452 U
1621 2427 1646 2463 3
1668 2414 1861 2464 agridiD

113 2472 138 2507 4
169 2458 284 2509 esca]
307 2472 427 2499 cessa
446 2460 559 2499 KN:
589 2461 717 2499 cesda
737 2460 780 2498 D
973 2475 997 2512 5
1027 2464 1181 2513 fongos
1210 2466 1248 2505 T
1435 2481 1456 2516 7
1487 2469 1655 2518 prodite
1676 2483 1700 2508 a
1719 2482 1799 2519 qua
1828 2468 1866 2506 T

114 2513 138 2549 8
168 2513 290 2552 Volvi
306 2543 316 2552 .
334 2544 342 2552 .
358 2545 366 2554 .
385 2516 553 2554 rotundi
574 2529 656 2557 om.
673 2515 719 2553 K
733 2517 798 2566 (cf.
820 2529 879 2556 IX.
903 2518 954 2555 88
971 2518 1118 2569 supra)
1287 2521 1410 2560 Vulvi
1439 2522 1476 2560 T
1639 2525 1858 2573 Sparagus

121 2566 181 2606 T:
210 2568 452 2617 Asparacus
473 2569 520 2608 K
672 2583 716 2607 11
748 2571 992 2610 Arboracea
1012 2573 1056 2610 D
1179 2574 1281 2626 hoc]
1304 2576 1381 2615 hec
1403 2576 1450 2614 K
1605 2591 1653 2617 12
1683 2579 1856 2617 labsana

119 2621 174 2661 T:
206 2622 380 2672 laprana
398 2623 442 2661 D
614 2624 851 2674 lapatiaD:
885 2626 1130 2677 LapaciaK
1142 2643 1151 2667 ε
1185 2629 1389 2679 Lappatia
1416 2631 1476 2670 T:
1507 2631 1747 2683 Lapathum
1767 2633 1855 2673 edd.

117 2688 165 2725 13
195 2677 359 2716 Cardus
379 2685 442 2716 est
461 2678 559 2716 erbe
581 2679 754 2728 spinose
782 2679 820 2718 T
989 2695 1120 2732 eruga
1135 2683 1180 2720 D
1193 2689 1289 2724 ante
1307 2698 1406 2724 corr.
1581 2700 1651 2737 qu.
1673 2701 1799 2726 eruca
1812 2687 1855 2725 D

115 2742 163 2779 15
192 2731 298 2771 alter
317 2744 377 2770 us.
400 2733 509 2772 alter
527 2746 615 2782 agr.
649 2733 686 2770 T
818 2736 867 2772 16
895 2736 1125 2775 acrioribus
1152 2737 1190 2774 T
1325 2752 1371 2788 17
1404 2753 1552 2781 comm.
1579 2742 1622 2780 in
1643 2755 1763 2780 usum
1792 2740 1856 2781 T:

113 2797 382 2825 commovens
403 2800 440 2826 u.
462 2787 506 2825 D
622 2789 670 2825 18
700 2801 750 2827 eo
770 2802 852 2828 om.
877 2789 920 2827 D
1029 2804 1078 2829 21
1113 2792 1385 2841 preferebant
1411 2794 1450 2834 T
1546 2809 1598 2845 23
1630 2797 1722 2835 eius
1742 2810 1852 2846 quae

111 2840 204 2879 eius
223 2855 318 2890 gen.
341 2841 384 2879 D
616 2843 907 2891 petrosilenon
928 2844 1040 2885 codd.
1065 2846 1178 2897 (-lin-
1199 2848 1261 2899 D)
1496 2850 1766 2900 ipposilenon
1786 2849 1852 2889 K:

110 2895 363 2944 yposilenon
391 2895 448 2934 T:
477 2895 661 2946 inposile
682 2910 769 2936 non
789 2897 833 2936 D
1025 2906 1066 2938 et
1085 2901 1346 2942 oleosilenon
1366 2902 1458 2942 DK
1472 2917 1481 2943 ε
1511 2905 1800 2945 eoleosilenon
1823 2905 1860 2944 T

112 2961 162 2997 24
195 2949 483 2989 Petrosilenon
503 2951 613 2990 codd.
835 2954 890 2993 sit
909 2967 991 2995 om.
1014 2955 1073 2992 Dl
1292 2959 1420 3008 appio
1441 2960 1510 3010 (ex
1529 2959 1650 3012 -ium)
1672 2973 1785 3000 nasc.
1811 2959 1858 2999 K

111 3013 163 3050 25
193 3016 271 3042 nos
291 3018 370 3044 om.
394 3005 434 3042 D
542 3006 807 3056 petrappium
828 3006 874 3046 K
