2228 3444
1058 145 1331 192 ISIDORI

436 265 606 329 Iungit
646 282 802 329 equos
839 265 942 315 auri
978 265 1171 329 genitor
1208 266 1590 330 spumantiaque
1625 267 1765 317 addit

432 349 569 396 frena
605 348 732 397 feris.

301 429 619 494 ‘Spumantia
643 432 781 479 frena
800 432 810 452 ²
847 430 983 491 dixit,
1012 447 1127 479 cum
1153 429 1324 494 utique
1351 448 1452 479 non
1490 430 1595 495 ipsa
1632 431 1813 480 faciant
1838 447 2051 495 spumas,

227 526 272 559 11
297 514 384 562 sed
418 529 590 576 equus,
626 512 711 577 qui
748 530 805 562 ea
841 513 977 577 gerit,
1018 513 1206 576 spumis
1243 523 1536 577 conspargat
1574 513 1759 563 infusis.
1832 516 2055 563 Antono-

296 594 451 659 masia
493 605 567 644 est
606 613 695 659 pro
728 595 946 654 nomine,
984 595 1035 644 id
1073 606 1146 645 est
1181 595 1287 645 vice
1322 596 1538 645 nominis
1578 595 1751 660 posita,
1795 604 1848 644 ut
1891 595 2055 644 ‘Maia
2078 610 2100 649 5

294 677 489 742 genitus
510 680 519 699 '
545 695 634 741 pro
657 678 922 728 Mercurio.
998 678 1099 741 Qui
1120 688 1289 743 tropus
1310 680 1364 727 fit
1384 678 1545 728 modis
1567 678 1721 728 tribus
1745 700 1754 730 :
1788 678 1852 727 ab
1870 677 2053 738 animo,

295 770 349 809 ut
375 759 529 824 (Virg.
550 762 674 809 Aen.
698 775 741 823 5,
760 760 880 826 407)
906 782 914 810 :

637 842 1093 907 Magnanimusque
1129 842 1459 893 Anchisiades
1482 862 1494 904 3

295 943 324 974 a
350 941 569 989 corpore,
597 933 651 973 ut
678 924 831 990 (Virg.
850 927 976 974 Aen.
997 943 1038 988 3,
1064 925 1181 989 619)
1203 945 1212 974 :

638 1009 754 1072 Ipse
791 1009 974 1057 arduus
994 1027 1007 1069 3

298 1089 618 1151 extrinsecus,
641 1101 694 1139 ut
720 1090 876 1156 (Virg.
899 1093 1024 1139 Aen.
1051 1108 1089 1151 1,
1111 1089 1229 1154 475)
1253 1108 1261 1137 ι

505 1172 682 1222 Infelix
718 1189 840 1236 puer
875 1182 1026 1236 atque
1062 1171 1202 1234 inpar
1239 1187 1529 1235 congressus
1566 1170 1763 1219 Achilli.

219 1268 274 1303 12
299 1255 586 1320 Epitheton,
611 1272 757 1319 supra
772 1271 973 1304 nomen.
1048 1253 1373 1317 Praeponitur
1399 1253 1531 1303 enim
1557 1253 1755 1318 proprio
1781 1252 1986 1314 nomini,
2006 1262 2058 1300 ut

296 1343 309 1366 ‘
326 1340 457 1388 alma
482 1339 663 1398 Ceres,'
693 1336 845 1402 (Virg.
867 1339 1046 1400 Georg.
1072 1354 1111 1396 1,
1131 1336 1250 1401 470)
1273 1356 1281 1384 :

502 1418 827 1482 Obscenique
864 1435 1027 1478 canes,
1068 1420 1464 1482 inportunaeque
1500 1420 1736 1467 volucres.

304 1506 440 1552 Inter
473 1501 874 1552 antonomasiam
908 1510 1076 1550 autem
1110 1510 1158 1550 et
1193 1500 1451 1564 epitheton
1483 1502 1580 1549 hoc
1613 1500 1788 1560 differt,
1818 1501 1955 1564 quod
1978 1517 2060 1548 an-

298 1584 577 1634 tonomasia
598 1602 686 1648 pro
711 1584 817 1633 vice
843 1582 1059 1632 nominis
1077 1583 1289 1647 ponitur,
1312 1582 1568 1647 epitheton
1594 1592 1759 1632 autem
1787 1599 2059 1646 numquam

299 1667 502 1718 estsine
537 1666 754 1716 nomine.
844 1665 1041 1728 Quibus
1076 1666 1274 1716 duobus
1313 1665 1463 1730 tropis
1501 1667 1578 1715 vel
1612 1665 1944 1729 vituperamus
1979 1664 2060 1713 ali-

221 1762 276 1808 13
300 1768 464 1815 quem,
484 1751 562 1799 vel
577 1748 901 1809 ostendimus,
924 1751 1001 1799 vel
1021 1750 1294 1798 laudamus.
1346 1750 1671 1812 Synecdoche
1691 1758 1764 1797 est
1780 1746 2056 1811 conceptio,

2084 1025 2130 1053 10

2085 1431 2132 1475 Ι5

300 1850 414 1882 cum
440 1850 468 1881 a
493 1842 629 1897 parte
655 1842 829 1892 totum,
859 1833 934 1881 vel
950 1849 979 1880 a
999 1841 1104 1881 toto
1130 1848 1239 1895 pars
1265 1830 1574 1894 intellegitur.
1650 1833 1727 1879 Eo
1752 1830 1884 1880 enim
1906 1838 1953 1878 et
1973 1846 2059 1892 per
2086 1845 2136 1874 20

301 1914 518 1979 speciem
544 1932 713 1979 genus,
744 1924 791 1964 et
816 1931 902 1978 per
926 1930 1082 1978 genus
1117 1912 1305 1977 species
1340 1915 1706 1962 demonstratur
1731 1910 1844 1978 [sed
1870 1912 2059 1976 species

301 2015 411 2062 pars
442 2007 529 2058 est,
551 2014 707 2061 genus
731 2006 900 2046 autem
918 1994 1116 2062 totum}
1192 1999 1235 2044 A
1262 2006 1368 2045 toto
1394 1995 1526 2045 enim
1548 2012 1658 2059 pars
1675 1993 1989 2058 intellegitur,
2008 2004 2060 2043 ut

303 2080 458 2145 (Virg.
477 2083 602 2129 Aen.
624 2083 667 2140 6,
690 2098 746 2143 31
762 2079 808 2145 1)
833 2100 841 2129 z

440 2165 606 2224 Quam
645 2164 829 2211 multae
864 2164 1199 2225 glomerantur
1234 2178 1363 2220 aves,
1392 2160 1478 2209 ubi
1514 2160 1715 2224 frigidus
1751 2175 1910 2208 annus

440 2255 653 2309 pontum
690 2246 838 2308 fugat.

304 2331 421 2377 Non
450 2327 582 2375 enim
609 2335 741 2375 totus
768 2343 927 2375 annus
952 2325 1155 2389 frigidus
1181 2334 1268 2384 est,
1297 2325 1385 2373 sed
1410 2341 1520 2388 pars
1545 2325 1676 2384 anni,
1705 2323 1756 2373 id
1781 2331 1854 2372 est
1883 2321 2057 2372 hiems.

305 2413 371 2459 At
397 2418 569 2458 contra
594 2427 623 2458 a
647 2417 784 2472 parte
811 2417 985 2468 totum,
1015 2417 1068 2456 ut
1095 2406 1249 2474 (Virg.
1270 2409 1396 2456 Aen.
1418 2424 1457 2466 2,
1483 2425 1506 2454 2
1515 2407 1598 2472 56)
1620 2427 1627 2455 :

645 2492 895 2539 Flammas
931 2507 1045 2539 cum
1082 2489 1213 2553 regia
1248 2487 1427 2553 puppis

642 2574 891 2622 extulerat.

2085 2258 2136 2298 25

307 2655 408 2705 Vbi
433 2672 535 2703 non
562 2656 722 2704 solum
750 2654 942 2718 puppis,
967 2655 1055 2703 sed
1082 2653 1233 2713 navis,
1261 2662 1310 2702 et
1327 2669 1428 2702 non
1448 2654 1599 2712 navis,
1623 2655 1711 2703 sed
1736 2651 1822 2717 qui
1846 2651 1897 2700 in
1922 2669 1992 2712 ea,
2012 2661 2060 2701 et
2085 2671 2139 2712 30

229 2750 284 2797 14
309 2755 411 2787 non
438 2754 627 2797 omnes,
657 2738 745 2786 sed
779 2752 907 2784 unus
945 2738 1169 2784 flammas
1194 2734 1378 2785 extulit.
1453 2735 1854 2799 Onomatopoeia
1878 2743 1952 2784 est
1975 2750 2062 2782 no-

366 2880 384 2905 1
417 2867 506 2906 auri
523 2866 690 2917 genitor
709 2866 824 2905 BCG
835 2865 994 2906 TMon.
1015 2880 1023 2903 :
1052 2866 1144 2904 auri
1158 2867 1254 2915 (seq.
1274 2864 1458 2916 ras.)A1
1481 2879 1489 2904 :
1513 2865 1728 2915 aurigator
1751 2864 1794 2903 U
1842 2863 2006 2903 addidit
2033 2863 2070 2902 T

308 2934 332 2972 5
365 2923 474 2962 maie
496 2921 624 2973 (male
646 2920 678 2972 2)
702 2920 812 2959 A1T
955 2934 1001 2970 13
1034 2920 1112 2970 Ep.
1135 2925 1200 2959 est
1220 2932 1348 2969 supra
1372 2920 1433 2958 T:
1464 2920 1543 2971 Ep.
1563 2919 1832 2970 supraposito
1851 2917 1915 2956 Al
1936 2919 2063 2969 (-tum

308 2977 392 3029 A2)
506 2975 761 3028 proponitur
802 2974 839 3014 T
1000 2988 1053 3014 20
1081 2975 1151 3014 vel
1172 2980 1260 3015 toto
1288 2974 1327 3013 T
1487 2987 1535 3014 21
1566 2975 1643 3014 sed
1664 3003 1675 3013 .
1699 3003 1709 3014 .
1735 3004 1745 3013 .
1767 2979 1900 3014 totum
1922 2987 2003 3013 om.
2029 2973 2068 3012 T

310 3046 362 3071 22
393 3045 417 3070 a
448 3045 532 3072 om.
566 3032 602 3071 C
721 3044 772 3080 24
802 3043 935 3070 annus
961 3043 1044 3070 om.
1078 3029 1140 3067 Al
1267 3031 1321 3068 26
1350 3029 1444 3080 frig.
1476 3030 1553 3069 sed
1585 3042 1682 3080 pars
1709 3042 1773 3069 an.
1811 3028 1982 3080 hiemps
2021 3027 2064 3067 A

310 3100 364 3138 29
394 3085 626 3138 extulerat]
649 3092 692 3126 et
713 3086 834 3126 exsul
855 3090 944 3124 erat
973 3085 1009 3124 T
1169 3098 1222 3134 30
1251 3097 1291 3135 p.
1316 3090 1359 3123 et
1379 3085 1500 3124 navis
1527 3084 1564 3124 T
