2176 3424
402 129 1030 178 ETYMOLOGIARVM
1072 130 1198 177 LIB.
1240 131 1377 176 XIV.
1418 128 1476 188 iv,
1512 147 1538 176 v

96 280 299 328 gnarum
326 261 519 311 urbium
542 281 550 310 :
590 262 744 322 Oeae,
763 261 1009 321 Sabratae,
1035 261 1202 325 Leptis
1229 278 1449 325 magnae.
1525 262 1666 310 Haec
1693 262 1842 311 habet

92 346 155 394 ab
185 344 372 393 oriente
404 345 565 407 Syrtes
602 343 811 393 maiores
848 353 895 392 et
920 345 1243 408 Trogodytas,
1279 361 1308 392 a
1338 343 1672 407 septentrione
1709 362 1842 395 mare

93 426 414 485 Adriaticum,
442 426 505 475 ab
539 442 718 474 occasu
745 425 1020 489 Byzacium,
1050 442 1078 475 a
1111 425 1316 474 meridie
1342 427 1581 475 Gaetulos
1615 435 1663 475 et
1689 427 1841 476 Gara-

93 517 282 557 mantas
313 519 470 570 usque
499 509 563 556 ad
590 508 848 557 Oceanum
875 507 1226 571 Aethiopicum
1257 509 1621 571 pertendentes.
1696 511 1842 572 Byza-
1867 518 1896 567 7

46 610 68 651 5
92 608 214 640 cena
238 589 370 654 regio
397 607 455 638 ex
480 589 676 639 duobus
702 588 1020 639 nobilissimis
1047 588 1240 652 oppidis
1266 605 1451 637 nomen
1476 589 1645 638 sortita
1670 598 1756 649 est,
1785 607 1842 639 ex

91 673 271 736 quibus
292 689 390 721 una
410 673 777 721 Hadrumetum
798 681 1012 720 vocatur.
1075 673 1218 719 Haec
1239 670 1330 718 sub
1351 670 1540 734 Tripoli
1560 680 1645 730 est,
1668 679 1841 734 patens

92 771 325 818 passuum
352 756 564 803 ducenta
589 755 665 802 vel
694 752 904 816 amplius
940 752 1086 812 milia,
1115 754 1327 801 fecunda
1354 751 1489 812 oleis,
1519 760 1567 800 et
1591 752 1748 816 glebis
1775 754 1842 800 ita

91 836 401 900 praepinguis
417 845 470 884 ut
485 836 611 884 iacta
626 835 695 884 ibi
712 834 900 883 semina
916 836 1222 884 incremento
1237 851 1363 898 pene
1379 834 1678 883 centesimae
1695 834 1841 897 frugis

93 923 419 964 renascantur.
493 913 681 977 Zeugis,
719 914 803 962 ubi
836 915 1084 976 Carthago
1121 930 1311 977 magna.
1388 900 1504 976 Ipsa
1540 922 1614 961 est
1650 922 1698 961 et
1730 929 1842 962 vera
1869 917 1897 962 8

10 1011 69 1040 110
93 996 257 1045 Africa
290 996 414 1045 inter
446 997 709 1060 Byzacium
744 1005 791 1044 et
823 995 1113 1044 Numidiam
1151 995 1254 1055 sita,
1288 1012 1316 1043 a
1350 994 1685 1058 septentrione
1722 994 1842 1043 mari

92 1078 256 1127 Siculo
282 1078 459 1138 iuncta,
489 1087 536 1126 et
561 1094 589 1126 a
615 1077 818 1127 meridie
844 1094 999 1142 usque
1025 1079 1088 1127 ad
1110 1078 1433 1127 Gaetulorum
1460 1076 1711 1140 regionem
1737 1093 1845 1139 por-

91 1170 252 1222 recta,
288 1160 425 1209 cuius
463 1159 684 1223 proxima
721 1177 947 1223 quaeque
984 1160 1209 1223 frugifera
1247 1168 1372 1218 sunt,
1411 1161 1641 1208 ulteriora
1676 1168 1842 1208 autem

94 1242 260 1292 bestiis
295 1251 342 1292 et
377 1242 685 1306 serpentibus
724 1244 881 1306 plena,
918 1251 1066 1305 atque
1104 1243 1297 1305 onagris
1335 1241 1525 1305 magnis
1564 1241 1613 1290 in
1647 1242 1843 1290 deserto

91 1325 391 1389 vagantibus.
478 1323 706 1373 Gaetulia
752 1332 918 1373 autem
958 1325 1153 1373 Africae
1201 1341 1310 1387 pars
1353 1324 1712 1373 mediterranea
1754 1332 1841 1372 est.

12 1432 67 1473 115
95 1407 331 1457 Numidia
355 1408 417 1456 ab
443 1406 617 1456 incolis
651 1408 833 1470 passim
860 1406 1149 1470 vagantibus
1185 1405 1253 1454 sic
1278 1415 1465 1465 vocata,
1494 1407 1631 1468 quod
1657 1407 1843 1454 nullam
1870 1418 1904 1465 9

93 1499 274 1538 certam
302 1489 539 1538 haberent
565 1489 748 1537 sedem.
825 1490 955 1538 Nam
985 1490 1150 1551 lingua
1177 1503 1347 1537 eorum
1382 1487 1597 1536 incertae
1628 1489 1770 1537 sedes
1797 1496 1844 1536 et

94 1587 243 1634 vagae
272 1569 546 1619 ‘numidia’
573 1569 814 1618 dicuntur.
876 1569 1056 1634 Incipit
1079 1579 1245 1619 autem
1270 1586 1299 1618 a
1325 1568 1527 1618 flumine
1548 1568 1765 1632 Amsiga,
1794 1568 1844 1617 in

97 1653 419 1716 Zeugitanum
453 1651 659 1700 limitem
690 1650 876 1711 definit,
905 1652 1094 1700 habens
1128 1651 1190 1700 ab
1218 1660 1326 1699 ortu
1361 1653 1523 1715 Syrtes
1559 1650 1788 1711 minores,
1817 1668 1845 1699 a

97 1734 429 1797 septentrione
462 1749 595 1782 mare
621 1734 757 1796 quod
784 1731 995 1781 intendit
1021 1731 1310 1793 Sardiniam,
1336 1733 1399 1782 ab
1436 1749 1615 1782 occasu
1651 1735 1845 1782 Maure-

25 1842 75 1870 20
99 1817 281 1865 taniam
317 1815 612 1876 Sitifensem,
640 1831 668 1863 a
694 1814 898 1864 meridie
923 1814 1229 1878 Aethiopum
1262 1823 1461 1877 gentes:
1499 1816 1632 1878 regio
1658 1813 1844 1878 campis

98 1898 420 1963 praepinguis.
495 1897 594 1945 Vbi
627 1905 793 1946 autem
828 1896 1057 1947 silvestris
1092 1907 1178 1957 est,
1208 1899 1331 1946 feras
1364 1898 1542 1946 educat
1560 1915 1572 1957 3
1610 1897 1693 1945 ubi
1721 1896 1844 1959 iugis

95 1982 260 2040 ardua,
289 1996 442 2043 equos
468 1988 515 2028 et
541 1996 747 2043 onagros
773 1988 995 2042 procreat
1013 1998 1026 2040 ;
1064 1979 1243 2028 eximio
1269 1978 1417 2028 etiam
1443 1995 1687 2027 marmore
1713 1995 1845 2041 prae·
1908 1981 1911 1987 '

96 2064 298 2122 dicatur,
328 2063 464 2125 quod
494 2060 819 2110 Numidicum
857 2060 1046 2109 dicitur.
1123 2061 1292 2109 Habet
1329 2070 1494 2110 autem
1533 2061 1678 2110 urbes
1712 2077 1845 2125 prae·

97 2146 266 2210 cipuas
285 2164 294 2193 ι
334 2145 643 2207 Hipponem,
664 2142 875 2206 Regium
897 2152 944 2191 et
966 2144 1281 2192 Rusicadam.
1341 2143 1652 2192 Mauretania
1671 2152 1844 2192 vocata
1869 2158 1927 2192 10

26 2247 74 2288 25
98 2245 126 2277 a
145 2229 309 2277 colore
334 2227 629 2290 populorum
648 2244 660 2286 3
698 2225 874 2274 Graeci
900 2225 1031 2274 enim
1059 2225 1249 2288 nigrum
1270 2229 1445 2290 μαῦρον
1465 2235 1656 2275 vocant.
1708 2225 1844 2275 Sicut

99 2309 230 2360 enim
257 2308 416 2359 Gallia
440 2325 468 2356 a
493 2308 707 2356 candore
738 2308 922 2370 populi,
955 2306 1021 2355 ita
1048 2306 1359 2356 Mauretania
1382 2324 1411 2355 a
1436 2309 1626 2370 nigrore
1660 2324 1844 2355 nomen

158 2446 175 2472 1
208 2445 287 2471 oea
317 2432 484 2471 sabrete
511 2431 579 2470 B:
608 2443 711 2470 oesa
738 2430 857 2469 brete
886 2430 955 2468 K:
986 2430 1208 2469 cetabrece
1245 2429 1306 2470 T:
1335 2443 1435 2469 oeas
1456 2431 1576 2470 brete
1596 2431 1793 2469 atabrace
1817 2430 1851 2469 C

101 2501 253 2537 magna
273 2486 376 2526 BC:
405 2500 485 2524 om.
507 2484 552 2523 K
678 2499 701 2524 2
733 2486 920 2524 orientes
950 2483 987 2522 T
1091 2485 1326 2534 trogoditas
1346 2484 1488 2526 BCT:
1520 2485 1786 2524 trochoditas
1803 2485 1850 2523 K

101 2555 125 2592 3
153 2541 375 2580 biazicium
395 2540 478 2578 B1:
513 2540 729 2579 bezacium
747 2539 822 2579 K:
851 2539 1053 2578 bizacium
1082 2539 1137 2578 T:
1169 2540 1398 2579 bizantium
1423 2539 1458 2578 C
1581 2554 1605 2589 4
1637 2539 1846 2578 Bizacena

101 2596 212 2639 codd.
354 2597 380 2634 6
410 2608 535 2633 unum
555 2594 601 2632 K
709 2595 954 2633 adrometus
974 2592 1126 2633 BKT:
1157 2595 1401 2633 adrumetus
1424 2594 1458 2633 C
1567 2595 1739 2646 patens]
1762 2595 1846 2633 late

102 2651 147 2690 K
284 2663 304 2699 7
337 2649 492 2688 milium
514 2662 624 2699 amp.
647 2647 693 2686 K
836 2650 861 2687 8
893 2649 1062 2699 pinguis
1082 2648 1176 2686 KM
1285 2650 1340 2688 ita
1361 2662 1425 2699 pr.
1445 2650 1501 2688 ita
1523 2655 1566 2688 ut
1588 2650 1665 2688 iac.
1690 2662 1792 2688 sem.
1817 2648 1851 2687 C

104 2706 366 2744 incrementa
393 2703 624 2743 B¹CMTU
639 2704 743 2753 sort.
774 2708 870 2742 recle
1033 2715 1141 2753 pena
1184 2702 1244 2742 T:
1275 2717 1385 2753 panc
1425 2704 1466 2742 U
1627 2703 1845 2742 centesimi

103 2758 329 2799 BKMTU
487 2771 514 2807 9
545 2764 768 2797 nascantur
787 2757 856 2797 K:
887 2763 1119 2796 nascuntur
1149 2756 1198 2795 M
1322 2759 1474 2809 Zeogis
1495 2757 1608 2796 BK:
1638 2757 1788 2797 Zeucis
1815 2756 1853 2795 T

106 2827 155 2854 10
183 2814 384 2852 bizacium
422 2812 536 2851 BT:
589 2813 804 2851 bezacium
844 2811 920 2851 K:
968 2812 1194 2850 bizantium
1241 2812 1275 2851 C
1469 2826 1516 2850 12
1548 2813 1766 2861 proximas
1803 2811 1850 2850 K

104 2881 269 2919 quoque
310 2866 468 2906 BKN:
518 2870 571 2918 ἦῆ
613 2867 726 2907 Ovet.
761 2871 856 2906 extr.
1035 2867 1237 2916 frugifere
1276 2866 1334 2904 Β1
1499 2866 1676 2905 ulterior
1722 2865 1853 2903 BKT

107 2936 155 2972 14
183 2922 427 2962 vacantibus
447 2921 492 2959 K
658 2933 704 2970 15
733 2921 979 2961 vacantibus
1012 2921 1057 2959 K
1165 2921 1262 2971 quia
1292 2921 1331 2960 Β
1499 2923 1546 2959 16
1576 2921 1776 2959 haberem
1803 2919 1850 2958 K

103 2978 274 3027 linguae
291 2977 336 3015 K
475 2989 521 3026 17
554 2976 767 3015 numidiae
788 2974 910 3014 BCK
1029 2975 1205 3025 amisiga
1227 2975 1287 3014 C:
1316 2976 1472 3014 amsica
1494 2975 1536 3012 K
1678 2976 1727 3012 18
1757 2975 1847 3014 finit

104 3030 173 3071 K:
202 3031 357 3070 desinit
394 3030 434 3068 Β
563 3030 690 3069 habet
733 3030 770 3067 T
941 3043 988 3069 21
1019 3030 1104 3080 iugi
1142 3029 1188 3068 K
1378 3043 1428 3068 22
1459 3030 1570 3069 exim
1612 3035 1751 3068 autem
1789 3029 1846 3067 Β1

105 3098 157 3134 24
185 3086 345 3135 ippone
364 3084 465 3124 BC:
494 3084 622 3135 ipone
658 3083 721 3123 T:
750 3085 876 3134 oponi
901 3084 945 3122 K
1107 3084 1342 3124 susicadam
1364 3084 1449 3122 ΒΚ
1611 3090 1785 3123 vocatur
1816 3083 1851 3121 C

103 3141 156 3178 26
185 3139 351 3190 populi]
374 3139 565 3190 corporis
586 3138 631 3176 K
