2176 3424
775 270 988 316 LIBER
1024 270 1208 316 XVIII

554 400 661 451 DE
716 375 972 451 BEL‘Lo
1027 398 1129 450 ET
1188 396 1424 449 LVD1s

259 548 340 594 DE
376 547 577 593 BELLls.
653 543 843 592 Primus
877 543 1006 591 bella
1039 541 1203 591 intulit
1237 541 1399 590 Ninus
1434 540 1744 603 Assyriorum
1771 557 1866 589 rex.
1893 541 1910 581 1

125 630 239 689 Ipse
278 626 409 675 enim
444 626 625 674 finibus
662 625 761 673 suis
786 639 1101 687 nequaquam
1137 631 1414 682 contentus,
1442 624 1690 670 humanae
1720 621 1868 670 socie-

123 707 234 756 tatis
260 710 434 757 foedus
469 707 754 770 inrumpens
787 705 1026 755 exercitus
1051 706 1246 764 ducere,
1275 703 1434 753 aliena
1460 714 1660 763 vastare,
1688 703 1870 752 liberos

123 792 333 853 populos
358 799 441 838 aut
466 788 706 838 trucidare
731 798 814 836 aut
839 788 1062 836 subicere
1087 786 1265 850 coepit,
1294 785 1672 848 universamque
1698 784 1868 834 Asiam

76 891 97 930 5
122 889 279 935 usque
315 873 378 921 ad
415 870 599 934 Libyae
636 872 758 919 fines
794 886 923 918 nova
958 868 1190 918 servitute
1226 869 1519 931 perdomuit.
1594 867 1732 915 Hinc
1771 866 1868 915 iam

123 952 310 1002 studuit
366 952 496 1002 orbis
549 951 596 1000 in
655 961 829 1000 mutuo
886 949 1123 1014 sanguine
1181 951 1369 998 alterna
1427 966 1639 998 crassare
1698 951 1865 998 caede.

123 1037 370 1097 Quattuor
393 1044 558 1083 autem
585 1042 699 1082 sunt
722 1049 902 1096 genera
921 1033 1161 1081 bellorum
1183 1051 1192 1080 :
1230 1031 1281 1080 id
1300 1040 1374 1080 est
1395 1033 1592 1090 iustum,
1614 1029 1866 1088 iniustum,
1891 1037 1922 1071 2

122 1116 276 1178 civile,
304 1126 352 1165 et
385 1118 494 1180 plus
529 1132 677 1178 quarn
711 1114 864 1163 civile.
941 1116 1134 1162 Iustum
1169 1113 1353 1162 bellum
1388 1122 1459 1161 est
1493 1113 1630 1175 quod
1656 1129 1713 1160 ex
1738 1128 1871 1174 prae-

123 1197 258 1247 dicto
293 1197 473 1262 geritur
509 1199 572 1246 de
609 1197 753 1245 rebus
791 1195 1008 1258 repetitis
1045 1204 1130 1244 aut
1166 1195 1613 1258 propulsandorum
1650 1192 1867 1241 hostium

52 1301 100 1328 10
124 1296 283 1328 causa.
360 1279 606 1327 Iniustum
634 1279 818 1326 bellum
845 1287 918 1326 est
944 1278 1079 1339 quod
1113 1278 1176 1325 de
1210 1278 1387 1336 furore,
1421 1293 1523 1324 non
1556 1277 1620 1324 de
1652 1273 1870 1338 legitima

124 1361 310 1410 ratione
355 1361 514 1409 initur.
592 1363 669 1409 De
712 1377 812 1423 quo
855 1360 905 1407 in
955 1359 1234 1421 Republica
1282 1358 1460 1409 Cicero
1503 1357 1622 1406 dicit
1666 1356 1730 1421 (3,
1753 1357 1869 1420 35):

126 1445 246 1491 ‘Illa
272 1442 450 1491 iniusta
475 1443 604 1490 bella
641 1451 754 1489 sunt
789 1458 914 1504 quae
949 1451 1062 1489 sunt
1099 1439 1204 1489 sine
1241 1457 1387 1488 causa
1422 1448 1663 1502 suscepta.
1738 1441 1867 1487 Nam
1894 1445 1924 1491 3

123 1534 255 1573 extra
296 1524 565 1572 ulciscendi
612 1532 696 1571 aut
743 1523 1189 1586 propulsandorum
1233 1523 1450 1570 hostiurn
1493 1537 1642 1569 causa
1683 1520 1867 1569 bellum

121 1605 220 1669 geri
252 1605 435 1654 iustum
469 1606 656 1653 nullum
688 1606 880 1668 potest.’
953 1606 1017 1652 Et
1042 1605 1138 1653 hoc
1164 1603 1297 1653 idem
1324 1603 1517 1652 Tullius
1542 1602 1701 1666 parvis
1728 1604 1869 1652 inter-

50 1711 97 1752 15
122 1687 259 1736 iectis
319 1686 569 1736 subdidit:
631 1688 864 1735 ‘Nullum
915 1687 1101 1734 bellum
1151 1687 1334 1734 iustum
1384 1685 1593 1734 habetur
1640 1684 1734 1733 nisi
1781 1686 1867 1734 de·

122 1769 415 1829 nuntiatum,
443 1768 536 1816 nisi
562 1769 766 1827 dictum,
793 1767 886 1815 nisi
916 1768 978 1816 de
1008 1766 1224 1830 repetitis
1250 1767 1425 1816 rebus.⁷
1497 1766 1655 1817 Civile
1681 1767 1866 1816 bellum

124 1860 197 1900 est
233 1850 358 1900 inter
394 1852 524 1898 cives
562 1858 667 1898 orta
705 1849 883 1898 seditio
925 1858 973 1897 et
1014 1848 1246 1898 concitati
1283 1850 1537 1909 tumultus,
1582 1847 1708 1897 sicut
1745 1850 1869 1898 inter

125 1934 305 1996 Syllam
344 1941 392 1981 et
432 1931 661 1991 Marium,
706 1930 790 1993 qui
833 1931 1015 1979 bellum
1056 1930 1198 1980 civile
1240 1930 1451 1980 invicem
1491 1932 1541 1978 in
1584 1947 1682 1979 una
1722 1939 1869 1994 gente

123 2023 392 2077 gesserunt.
467 2015 581 2061 Plus
616 2030 763 2075 quam
798 2013 939 2060 civile
972 2012 1157 2059 bellum
1190 2021 1262 2060 est
1296 2012 1381 2060 ubi
1414 2022 1515 2060 non
1550 2014 1710 2061 solum
1736 2011 1867 2061 cives
1890 2019 1923 2066 4

52 2117 101 2146 20
124 2105 324 2154 certant,
370 2096 457 2144 sed
496 2105 544 2144 et
585 2093 811 2157 cognati3
865 2096 1008 2156 quale
1044 2102 1209 2142 actum
1247 2103 1320 2141 est
1356 2093 1481 2142 inter
1518 2094 1780 2143 Caesarem
1820 2104 1868 2142 et

126 2177 434 2239 Pompeium,
484 2177 685 2238 quando
731 2191 880 2238 gener
928 2183 976 2224 et
1034 2190 1172 2223 socer
1226 2173 1438 2223 invicem
1493 2174 1863 2224 dimicaverunt.

125 2257 379 2321 Siquidem
423 2259 473 2305 in
515 2260 607 2306 hac
643 2273 808 2320 pugna
843 2259 987 2305 frater
1023 2273 1135 2305 cum
1174 2257 1317 2304 fratre
1353 2255 1619 2316 dimicavit,
1648 2265 1695 2305 et
1732 2266 1868 2320 pater

123 2341 355 2388 adversus
380 2339 534 2388 filium
558 2356 692 2388 arma
717 2337 941 2402 portavit.
1013 2340 1245 2385 Lucanus
1272 2336 1338 2402 (2,
1363 2338 1506 2402 151):

181 2478 204 2504 2
233 2470 469 2505 contemtus
494 2464 573 2505 le
604 2468 874 2513 contemptus
893 2462 934 2500 Β
1075 2474 1100 2510 3
1131 2461 1209 2502 inr.
1229 2468 1270 2501 et
1291 2476 1357 2502 eX.
1379 2462 1426 2501 Κ
1559 2474 1584 2512 5
1616 2462 1717 2514 iam]
1740 2463 1866 2502 etiam

129 2519 249 2559 BCK
435 2521 461 2557 6
490 2519 615 2558 urbes
635 2518 682 2556 K
829 2516 1010 2557 crassari
1030 2515 1140 2554 B2C²
1159 2531 1168 2555 :
1197 2518 1381 2566 grassari
1401 2517 1491 2557 dett.
1635 2518 1788 2557 cedere
1808 2517 1867 2555 Β1

127 2590 148 2626 7
180 2581 321 2614 autem
341 2587 424 2614 om.
454 2573 492 2612 T
648 2586 807 2623 genera
827 2577 923 2611 sunt
943 2570 984 2609 Β
1094 2573 1120 2609 8
1149 2578 1214 2610 est
1234 2585 1284 2611 eo
1306 2573 1419 2622 quod
1438 2571 1493 2610 B¹
1662 2572 1737 2624 ex]
1761 2572 1802 2610 in
1825 2571 1871 2610 K

125 2644 151 2680 9
180 2629 382 2679 repeditis
402 2628 472 2667 K:
502 2628 644 2679 petitis
666 2627 723 2666 Cl
893 2640 942 2664 10
971 2639 1061 2666 cau.
1086 2625 1163 2666 Ini.
1186 2639 1312 2676 usque
1330 2627 1389 2666 ad
1403 2633 1554 2676 postea
1574 2633 1735 2665 mutata
1759 2628 1800 2675 (ξ
1821 2631 1866 2676 9)

125 2684 274 2723 desunt
291 2683 332 2722 in
358 2681 414 2720 W
559 2696 644 2721 non
666 2683 748 2732 leg.
772 2681 807 2720 C
1010 2694 1057 2718 12
1087 2680 1157 2729 qui
1177 2687 1275 2720 sunt
1303 2681 1359 2720 T:
1388 2695 1470 2722 om.
1492 2681 1595 2720 DE1
1759 2681 1866 2719 Nam

125 2737 390 2777 BCDETU:
423 2738 512 2776 Nec
532 2736 708 2775 KMNP
925 2748 972 2785 13
1003 2735 1144 2786 extra]
1167 2735 1277 2774 ultra
1297 2735 1349 2772 M
1365 2735 1469 2786 (non
1488 2735 1588 2788 NP)
1770 2747 1867 2785 pro-

125 2789 744 2886 pdtzgnrlxagganqufffflegndem
761 2789 1124 2885 Ktisgnldgnlfssp
1131 2789 1614 2895 ζίἓίἓιῗιῗῗῗιωῗξξζονν.
1636 2790 1871 2893 ead1e4ml)¹0)g

128 2901 264 2952 parvis
284 2901 364 2940 BC
368 2900 406 2939 T
407 2901 448 2940 U
460 2915 468 2940 ι
501 2900 643 2951 paucis
662 2899 748 2939 KP
898 2911 945 2948 15
976 2899 1252 2938 denuntiatur
1280 2899 1315 2938 C
1469 2902 1517 2938 16
1546 2899 1751 2938 indictum
1771 2898 1864 2940 dett.

130 2957 231 3007 (non
268 2955 453 3004 DEPU)
646 2955 850 3006 repeditis
888 2953 974 2992 KP
1195 2966 1241 3003 17
1271 2955 1379 2993 sicut
1419 2955 1493 3004 Sy.
1536 2953 1627 2992 ΚΝ
1661 2954 1764 3005 (non
1808 2954 1866 3005 U)

128 3023 181 3049 20
210 3010 406 3061 cognatio
428 3009 484 3048 Β1
