2228 3444
1085 170 1359 218 ISIDORI

260 303 321 341 ΙΙΙ
485 299 627 358 QVID
645 312 725 346 slT
742 312 1006 346 NVMERVS.
1059 300 1310 347 Numerus
1328 307 1493 348 autem
1512 308 1584 348 est
1596 300 1863 350 multitudo
1874 318 1931 349 ex
1947 300 2102 349 unita-

347 378 478 427 tibus
495 379 777 429 constituta.
843 382 974 429 Nam
992 396 1148 428 unum
1166 397 1335 429 semen
1354 380 1545 431 numeri
1562 398 1686 443 esse,
1704 400 1805 432 non
1822 399 2099 432 numerum.

346 462 569 510 Numero
594 479 829 510 nummus
855 479 1039 511 nomen
1066 462 1218 522 dedit,
1244 472 1292 512 et
1317 480 1346 511 a
1371 463 1445 512 sui
1471 465 1866 528 frequentatione
1890 465 2101 515 vocabu-

345 545 447 592 lum
474 543 670 593 indidit.
730 547 871 593 Vnus
897 561 925 593 a
946 545 1139 595 Graeco
1163 562 1349 595 nomen
1370 546 1516 595 trahit
1535 565 1547 607 3
1585 547 1761 597 Graeci
1787 547 1918 597 enim
1946 565 2100 596 unum

292 646 323 680 2
347 628 425 676 ἕνα
449 628 623 675 dicunt
643 646 651 676 ι
691 626 760 675 sic
781 628 882 676 duo
903 636 950 676 et
967 636 1081 690 tres,
1100 645 1226 692 quos
1248 628 1315 676 illi
1337 629 1417 678 δύο
1437 639 1485 678 et
1501 631 1604 693 τρία
1623 631 1886 693 appellant.
1950 632 2102 692 Quat·
2126 646 2148 686 5

346 717 458 759 tuor
473 726 587 757 vero
613 726 642 757 a
662 710 814 772 figura
831 710 1070 772 quadrata
1090 727 1273 760 nomen
1296 721 1627 774 sumpserunt.
1680 711 1916 775 Quinque
1934 720 2100 760 autem

347 809 450 840 non
467 793 743 840 seeundum
762 801 1005 853 naturam,
1023 794 1110 842 sed
1131 795 1408 842 secundum
1426 794 1661 858 placitum
1680 794 1946 844 voluntatis
1963 811 2102 844 voca-

348 875 521 923 bulum
559 884 857 937 acceperunt
894 874 957 923 ab
1001 892 1075 934 eo,
1117 875 1201 938 qui
1241 876 1457 925 numeris
1500 878 1704 926 nomina
1742 876 1936 926 indidit.
2008 878 2102 925 Sex

294 973 324 1019 3
348 966 514 1006 autem
541 966 589 1006 et
616 966 806 1020 septem
832 974 860 1005 a
880 958 1073 1006 Graeco
1094 957 1311 1006 veniunt.
1375 960 1436 1006 In
1462 959 1627 1008 multis
1653 959 1786 1008 enim
1812 958 2100 1007 nominibus

348 1056 475 1102 quae
495 1038 545 1087 in
563 1040 756 1088 Graeco
775 1039 1126 1102 aspirationem
1147 1040 1346 1101 habent,
1371 1057 1462 1089 nos
1482 1058 1570 1105 pro
1590 1040 1886 1105 aspiratione
1907 1043 1938 1090 S
1965 1040 2101 1104 poni·
2130 1055 2178 1084 10

347 1138 471 1169 mus.
548 1122 675 1170 Inde
701 1131 774 1170 est
799 1138 887 1185 pro
915 1123 966 1181 ἕξ
988 1139 1084 1182 sex,
1117 1120 1208 1188 [et]
1234 1139 1323 1186 pro
1351 1125 1467 1172 ἑπτά
1492 1133 1696 1188 septem,
1726 1123 1852 1172 sicut
1885 1140 1973 1187 pro
2001 1125 2104 1172 her-

347 1202 465 1266 pillo
500 1204 653 1253 herba
689 1203 958 1268 serpillum.
1032 1206 1164 1255 Octo
1190 1220 1305 1254 vero
1338 1223 1425 1269 per
1459 1206 1845 1266 translationem,
1876 1207 2001 1254 sicut
2034 1205 2103 1254 illi

291 1303 323 1349 4
349 1295 396 1334 et
422 1303 542 1334 nos:
581 1286 648 1335 ita
683 1286 750 1334 illi
782 1289 924 1348 ἐννέα,
954 1305 1045 1336 nos
1080 1304 1291 1337 novem:
1330 1288 1398 1336 illi
1434 1291 1554 1349 δέκα,
1584 1307 1675 1338 nos
1701 1291 1891 1339 decem.
1969 1288 2103 1337 Dicti

346 1377 514 1416 autem
536 1369 711 1418 decem
731 1386 760 1417 a
781 1371 971 1420 Graeca
991 1370 1302 1434 etymologia,
1323 1388 1382 1420 eo
1402 1373 1539 1435 quod
1559 1371 1709 1436 ligent
1731 1383 1778 1421 et
1800 1371 2103 1435 coniungant

348 1450 473 1498 infra
498 1450 715 1500 iacentes
736 1469 983 1502 numeros.
1048 1455 1180 1502 Nam
1198 1454 1370 1518 δεσμός
1386 1453 1686 1518 coniungere
1705 1456 1781 1503 vel
1802 1456 1950 1518 ligare
1968 1454 2103 1517 apud
2130 1465 2178 1507 15

348 1549 434 1582 eos
462 1532 655 1582 dicitur.
721 1537 873 1583 Porro
900 1534 1068 1598 viginti
1100 1535 1219 1584 dicti
1250 1538 1386 1599 quod
1421 1535 1518 1585 sint
1543 1538 1718 1586 decem
1750 1536 1824 1586 bis
1858 1536 2024 1600 geniti,
2054 1538 2103 1586 U

350 1632 438 1677 pro
465 1618 504 1662 B
533 1615 692 1664 littera
715 1617 890 1680 posita.
964 1617 1202 1681 Triginta,
1229 1620 1365 1681 quod
1390 1635 1418 1667 a
1443 1618 1655 1668 ternario
1681 1617 1885 1668 denario
1909 1617 2108 1681 gignan-

296 1715 327 1763 5
351 1706 456 1746 tur:
500 1698 569 1745 sic
607 1715 765 1761 usque
799 1700 862 1748 ad
897 1698 1181 1762 nonaginta.
1259 1701 1475 1750 Centum
1501 1716 1618 1750 vero
1652 1700 1810 1750 vocati
1844 1717 1873 1748 a
1905 1701 2103 1759 cantho,

351 1782 488 1843 quod
515 1790 588 1829 est
609 1780 846 1829 circulum
865 1800 878 1843 3
905 1781 1107 1831 ducenti
1132 1799 1161 1830 a
1186 1783 1287 1831 duo
1308 1792 1520 1832 centum.
1586 1782 1666 1832 Sic
1687 1793 1735 1832 et
1755 1781 1929 1846 reliqui
1949 1799 2107 1845 usque

350 1865 414 1912 ad
453 1865 600 1912 mille.
678 1863 817 1912 Mille
850 1874 1017 1913 autem
1054 1882 1083 1913 a
1121 1864 1452 1925 multitudine,
1494 1867 1628 1914 unde
1665 1875 1713 1914 et
1746 1864 1932 1924 militia,
1967 1862 2106 1927 quasi
2133 1879 2183 1907 20

355 1944 595 1994 multitia:
648 1947 764 1995 inde
803 1956 851 1995 et
890 1945 1037 2006 milia,
1078 1963 1206 2010 quae
1247 1946 1424 1996 Graeci
1465 1957 1653 1996 mutata
1691 1946 1851 1996 littera
1890 1945 2108 2009 myriada

354 2037 549 2076 vocant.

272 2114 330 2154 IV
491 2113 633 2172 QVID
683 2126 989 2160 PRAESTENT
1032 2127 1257 2160 NVMERI.
1333 2113 1482 2161 Ratio
1524 2128 1842 2160 numerorum
1886 2119 2107 2159 contem-

354 2193 520 2241 nenda
546 2209 649 2242 non
685 2202 772 2241 est.
847 2195 909 2242 In
935 2193 1102 2243 multis
1137 2193 1270 2243 enim
1302 2203 1583 2242 sanctarum
1614 2193 1961 2258 scripturarum
1987 2191 2106 2241 locis

355 2284 598 2338 quantum
624 2275 910 2339 mysterium
942 2275 1128 2324 habent
1159 2278 1335 2325 elucet.
1408 2278 1526 2325 Non
1560 2277 1692 2324 enim
1723 2277 1899 2323 frustra
1928 2274 1978 2322 in
2011 2276 2110 2322 lau·
2135 2290 2182 2330 25

357 2357 504 2407 dibus
544 2357 640 2406 Dei
680 2358 870 2407 dictum
910 2367 983 2407 est
1021 2358 1155 2423 (Sap.
1183 2377 1255 2418 11,
1279 2359 1393 2424 21):
1445 2359 1659 2408 ‘Omnia
1701 2357 1751 2406 in
1795 2373 2026 2406 mensura
2062 2366 2110 2405 et

303 2456 333 2492 2
358 2457 566 2489 numero
599 2449 647 2489 et
679 2442 902 2504 pondere
937 2440 1126 2490 fecisti.'
1197 2440 1426 2490 Senarius
1459 2457 1676 2504 namque
1714 2436 1990 2506 [numerus]
2026 2437 2110 2501 qui

415 2583 440 2609 2
469 2585 565 2610 nam
588 2584 718 2611 unum
739 2584 960 2611 numerum
983 2573 1084 2624 (om.
1107 2572 1213 2624 rell.)
1234 2569 1315 2609 KL
1452 2583 1599 2610 semen
1620 2570 1783 2610 numeri
1806 2569 1940 2609 CDB1
1963 2574 2008 2609 ut
2026 2569 2108 2608 vid.

368 2626 418 2665 T1
441 2631 487 2664 ut
504 2625 586 2666 vid.
605 2642 612 2666 ε
643 2628 776 2666 semel
799 2628 961 2666 numeri
983 2625 1112 2667 AB2:
1144 2627 1277 2666 semel
1298 2639 1518 2665 numerum
1550 2626 1602 2664 T2
1750 2639 1834 2664 non
1858 2624 2021 2663 numeri
2051 2624 2109 2663 T:

361 2693 581 2720 numerum
603 2681 645 2719 Β
754 2696 779 2732 3
811 2682 1026 2735 nummus]
1049 2695 1250 2721 numerus
1270 2680 1316 2719 K
1396 2694 1472 2720 sua
1500 2681 1538 2719 T
1644 2695 1668 2730 4
1700 2693 1826 2719 unum
1846 2692 1974 2718 mono
1996 2679 2050 2718 di.
2066 2679 2113 2717 K

362 2750 385 2787 5
417 2736 544 2788 quos]
565 2737 676 2785 quod
697 2735 738 2774 Β
864 2737 953 2787 δύο]
977 2737 1044 2776 dia
1066 2736 1177 2776 codd.
1345 2737 1371 2773 6
1400 2749 1500 2775 vero
1523 2737 1593 2785 fig.
1614 2735 1656 2774 Β
1824 2746 1869 2773 11
1902 2734 2000 2772 inde
2021 2733 2105 2784 est]

361 2792 402 2831 id
421 2797 486 2830 est
507 2791 560 2830 T2
571 2798 670 2842 (om.
696 2792 751 2842 T)
835 2798 877 2830 et
896 2792 987 2832 hab.
1008 2792 1071 2831 K:
1092 2806 1176 2831 om.
1195 2790 1318 2830 BCT
1428 2804 1477 2840 13
1498 2789 1632 2842 ἐννέα]
1647 2803 1729 2829 nea
1744 2788 1856 2828 codd.
1974 2801 2021 2836 14
2044 2787 2107 2839 et]

363 2861 409 2885 er
432 2845 480 2886 C1
641 2858 688 2895 15
717 2845 789 2885 inf.
811 2846 886 2886 iac.
908 2860 1021 2887 num.
1043 2860 1124 2886 om,
1148 2846 1219 2886 K:
1248 2859 1362 2886 num.
1383 2858 1465 2885 om.
1488 2845 1530 2883 A
1691 2857 1738 2893 17
1768 2858 1793 2882 a
1812 2843 2022 2882 ternarius
2051 2843 2109 2881 T:

363 2901 548 2940 ternario
567 2900 614 2939 K
694 2901 897 2950 gignatur
923 2901 961 2940 T
1081 2902 1130 2939 18
1159 2906 1351 2940 vocatum
1379 2901 1417 2940 T
1494 2905 1620 2939 canto
1643 2898 1701 2939 C:
1731 2903 1856 2937 cantu
1876 2897 2008 2936 ΒΚΤ
2020 2897 2103 2936 Col.

368 2969 416 3006 19
447 2956 626 2995 circulus
644 2955 686 2994 Β
708 2956 811 3007 (non
835 2956 938 3007 Col.)
1036 2956 1210 3006 reliquis
1231 2955 1269 2994 T
1284 2970 1293 2995 ε
1323 2955 1486 3005 reliqua
1501 2955 1542 2993 Β
1664 2966 1712 2992 21
1747 2952 1882 3004 milia]
1906 2952 2053 2990 militia
2068 2952 2113 2989 K

362 3024 470 3060 quae
486 3024 570 3052 om.
587 3010 632 3048 K
729 3012 921 3062 myriada
935 3010 981 3050 K
997 3025 1006 3050 ε
1031 3012 1125 3050 -des
1142 3011 1182 3048 Β
1190 3011 1246 3049 Τ;
1268 3011 1361 3049 -das
1380 3010 1463 3049 Col.
1484 3024 1493 3048 ε
1513 3009 1678 3048 miridia
1694 3006 1743 3047 C1
1837 3020 1888 3045 22
1908 3011 2111 3046 vocantur

371 3065 408 3104 T
514 3079 565 3116 23
597 3066 762 3105 numeri
784 3064 820 3104 C
927 3067 1188 3105 continenda
1203 3065 1297 3104 AK
1407 3077 1457 3114 24
1487 3062 1760 3103 sacrarumK
1868 3073 1920 3110 25
1951 3061 2110 3101 habent

363 3121 463 3159 licet
484 3122 595 3159 enim
610 3121 654 3159 Κ
818 3123 871 3159 26
899 3133 980 3160 om.
1002 3133 1134 3160 mens.
1157 3119 1204 3158 K
1367 3133 1417 3169 27
1449 3131 1651 3158 numerus
1669 3117 1762 3157 hab.
1787 3117 1857 3156 K:
1889 3129 1971 3155 om.
1994 3115 2117 3155 BCT
