2176 3424
1071 125 1344 174 ISIDORI

336 255 434 303 Alii
458 255 674 304 radicem
699 272 728 303 a
752 254 1074 304 similitudine
1099 254 1347 304 radiorum
1373 253 1557 303 dictam
1583 263 1772 317 putant,
1791 256 1867 302 vel
1892 255 2022 317 quia,
2045 253 2085 302 si

258 349 312 399 15
336 339 574 397 eradatur,
602 353 705 385 non
729 338 1003 400 repullulat.
1076 339 1305 386 Truncus
1331 345 1405 385 est
1429 345 1612 384 statura
1643 334 1829 385 arboris
1854 334 2084 385 insistens

336 421 500 468 radici.
589 420 838 469 Corticem
879 427 1066 467 veteres
1109 434 1339 467 corucem
1383 417 1655 466 vocabant:
1710 419 1871 467 dictus
1918 427 2083 467 autern

249 502 307 548 16
337 510 502 551 cortex
527 502 664 565 quod
690 500 824 550 corio
849 500 1036 564 lignum
1063 509 1207 563 tegat.
1262 500 1410 548 Liber
1435 509 1508 549 est
1525 499 1718 549 corticis
1739 517 1848 564 pars
1869 499 2082 561 interior,

336 584 497 633 dictus
522 601 550 632 a
575 583 782 632 liberato
808 582 1002 642 cortice,
1032 582 1083 631 id
1109 591 1182 631 est
1206 582 1402 631 ablato:
1441 591 1514 630 est
1539 581 1672 631 enirn
1700 581 1921 631 medium
1947 581 2086 646 quid·
2109 603 2132 644 5

260 681 312 731 17
336 668 452 715 darn
473 665 598 714 inter
617 665 804 729 lignum
825 674 873 714 et
892 664 1140 714 corticem.
1195 664 1342 712 Rami
1359 674 1472 713 sunt
1489 664 1574 727 qui
1594 665 1656 714 de
1677 673 1851 713 trunco
1868 673 2084 724 manant,

293 748 298 752 '
336 747 461 796 sicut
486 765 515 796 a
539 746 828 796 ramusculis
861 755 1036 796 cetera.
1108 745 1296 795 Surculi
1323 763 1352 794 a
1377 745 1681 808 praecisione
1711 761 1869 795 serrae
1902 762 2086 794 nuncu-

254 835 311 880 18
338 830 450 892 pati.
524 828 803 892 Virgultum
840 837 914 877 est
951 829 1087 890 quod
1123 829 1186 876 de
1218 827 1382 877 radice
1411 829 1650 891 pullulat,
1686 844 1862 887 ramus,
1903 826 1987 890 qui
2023 828 2087 876 de

336 912 444 975 ipso
484 910 660 959 robore
702 909 887 959 arboris
907 928 920 970 ,-
970 911 1114 973 virga,
1161 926 1287 971 quae
1330 910 1392 958 de
1431 908 1590 957 ramis.
1678 908 1878 972 Proprie
1919 917 2084 957 autem

337 994 598 1056 virgultum
624 994 896 1055 appellatur
922 993 1059 1055 quod
1083 992 1147 1040 ad
1177 990 1392 1040 radicem
1421 989 1607 1040 arboris
1633 990 1850 1039 nascitur
1874 999 1923 1039 et
1947 990 2087 1054 quasi
2114 1010 2164 1039 ιο

337 1075 509 1124 inutile
533 1076 597 1124 ab
623 1074 846 1138 agricolis
871 1082 1166 1137 amputatur.
1231 1075 1295 1121 Et
1321 1074 1437 1121 hinc
1462 1072 1651 1122 dictum
1677 1072 1952 1136 virgultum,
1973 1071 2089 1134 quia

337 1174 395 1206 ex
420 1156 553 1221 virga
577 1155 774 1205 tollitur.
833 1155 982 1219 Virga
1011 1152 1198 1220 [autem
1224 1171 1252 1203 a
1277 1152 1346 1220 vi]
1374 1156 1451 1203 vel
1477 1170 1505 1202 a
1529 1154 1706 1203 virtute
1731 1153 1923 1213 dicitur,
1952 1155 2088 1217 quod

336 1239 435 1287 vim
466 1238 516 1287 in
550 1255 602 1287 se
631 1240 838 1286 multam
876 1238 1070 1298 habeat,
1097 1238 1174 1286 vel
1199 1253 1228 1285 a
1252 1236 1510 1296 viriditate,
1539 1237 1615 1285 vel
1651 1235 1766 1299 quia
1797 1235 1932 1299 pacis
1966 1235 2089 1284 indi-

336 1322 467 1369 cium
506 1329 590 1379 est,
625 1320 762 1383 quod
798 1318 897 1368 vim
931 1328 1079 1382 regat.
1152 1319 1301 1368 Vnde
1333 1320 1462 1366 hanc
1495 1325 1698 1366 utuntur
1732 1317 1862 1380 magi
1894 1318 1958 1365 ad
1991 1319 2090 1379 pla-

336 1403 522 1452 candos
542 1401 668 1451 inter
683 1419 735 1451 se
755 1411 1021 1464 serpentes,
1039 1410 1087 1450 et
1106 1400 1291 1450 idcirco
1311 1399 1361 1448 in
1382 1417 1440 1448 ea
1465 1401 1555 1448 hos
1582 1397 1824 1447 sustinent
1844 1397 2083 1461 inligatos.
2113 1421 2162 1462 15

339 1487 488 1533 Hanc
522 1484 670 1533 etiarn
707 1483 991 1546 philosophi
1023 1500 1082 1531 ac
1112 1500 1249 1547 reges
1283 1492 1331 1532 et
1365 1481 1580 1545 magistri
1606 1490 1653 1530 et
1678 1480 1838 1529 nuntii
1869 1489 1917 1529 et
1942 1479 2089 1543 legati

253 1585 312 1631 19
338 1575 554 1615 utuntur.
613 1566 828 1628 Flagella
847 1564 1091 1624 dicuntur,
1116 1573 1168 1613 ut
1187 1562 1519 1627 praediximus
1539 1563 1603 1626 (v,
1624 1562 1689 1627 8),
1709 1578 1932 1611 summae
1951 1561 2092 1610 arbo-

245 1666 314 1700 2o
339 1665 446 1697 rum
463 1656 639 1711 partes,
651 1647 714 1695 ab
732 1663 792 1695 eo
812 1647 948 1709 quod
965 1647 1162 1695 crebros
1172 1654 1433 1695 ventorum
1450 1643 1694 1693 sustinent
1711 1645 1868 1693 flatus.
1908 1643 2090 1707 Cyrnas

340 1740 536 1779 vocatas
562 1730 700 1792 quasi
725 1745 908 1777 comas.
984 1727 1122 1776 Folia
1159 1728 1348 1778 Graece
1374 1729 1540 1790 φύλλα
1572 1725 1831 1776 dicuntur:
1870 1724 1987 1774 inde
2017 1733 2090 1774 est

260 1831 316 1864 21
339 1814 403 1862 ad
428 1829 520 1861 nos
546 1813 642 1859 hoc
667 1827 852 1859 nomen
870 1826 956 1873 per
982 1809 1337 1859 derivationem
1364 1811 1668 1857 translatum.
1740 1809 1908 1856 Flores
1934 1805 2091 1856 nomi·
2115 1828 2176 1857 20·

341 1894 442 1943 nati
468 1894 604 1957 quod
633 1894 732 1941 cito
769 1893 989 1941 defluant
1021 1893 1085 1941 de
1113 1890 1385 1950 arboribus,
1425 1890 1564 1954 quasi
1598 1891 1790 1948 fluores,
1820 1890 1955 1952 quod
1993 1888 2092 1938 cito

341 1978 604 2025 solvantur.
679 1977 740 2024 In
779 1973 853 2022 his
897 1975 1078 2037 duplex
1121 1973 1274 2037 gratia
1297 1992 1305 2021 :
1349 1972 1526 2021 coloris
1569 1980 1618 2021 et
1655 1972 1836 2020 odoris.
1909 1973 2093 2019 Austro

257 2076 319 2110 22
342 2058 473 2107 enirn
494 2059 638 2106 flores
655 2057 924 2115 solvuntur,
943 2057 1168 2119 Zephyro
1185 2057 1322 2103 fiunt.
1379 2056 1598 2104 Germen
1615 2052 1826 2102 dicimus
1843 2054 2092 2101 surculum

255 2156 318 2203 23
342 2148 708 2204 praegnantem,
735 2155 765 2186 a
788 2139 1006 2200 gerendo
1023 2155 1036 2198 3
1072 2138 1207 2186 unde
1232 2146 1279 2186 et
1304 2135 1609 2199 germinatio.
1676 2136 1882 2183 Fructus
1907 2150 2093 2182 nomen

343 2219 533 2284 accepit
558 2237 587 2269 a
612 2219 836 2280 frumine,
862 2219 913 2268 id
940 2228 1012 2268 est
1037 2218 1287 2268 eminente
1311 2219 1517 2281 gutturis
1551 2226 1687 2280 parte
1712 2232 1811 2279 qua
1834 2214 2089 2264 vescimur.
2117 2240 2176 2280 25’-

345 2305 472 2352 Inde
508 2311 556 2351 et
593 2304 767 2365 fruges.
842 2304 1050 2350 Fructus
1086 2310 1252 2350 autem
1290 2299 1485 2364 proprie
1521 2298 1754 2348 dicuntur
1788 2314 2015 2361 agrorum
2046 2305 2094 2345 et

342 2385 587 2443 arborum,
617 2383 797 2447 quibus
828 2383 998 2446 utique
1023 2383 1206 2432 utimur
1225 2402 1238 2444 ,-
1273 2383 1324 2430 in
1352 2381 1650 2430 animalibus
1674 2397 1789 2430 vero
1818 2378 2021 2429 abusive
2047 2388 2095 2429 et

254 2488 321 2536 24
344 2465 623 2516 translative
664 2465 828 2514 vocari
874 2466 1100 2514 fructum.
1176 2468 1333 2513 Poma
1374 2463 1506 2512 dicta
1547 2462 1612 2511 ab
1651 2462 1833 2525 opimo,
1870 2460 1920 2510 id
1957 2469 2031 2509 est
2065 2476 2094 2508 a

345 2548 488 2612 copia
517 2548 765 2596 ubertatis
827 2549 1025 2596 Matura
1054 2548 1300 2607 dicuntur,
1328 2544 1444 2609 quia
1472 2553 1588 2608 apta
1623 2552 1739 2593 sunt
1769 2544 1835 2592 ad
1860 2543 2095 2591 manden—

401 2694 426 2730 4
455 2691 523 2729 qu.
543 2679 661 2728 quasi
683 2691 744 2718 co·
770 2678 815 2716 K
931 2691 1101 2717 coreum
1122 2677 1166 2716 D
1288 2681 1406 2726 teget
1433 2674 1492 2714 T:
1523 2674 1629 2724 tegit
1650 2674 1694 2713 D
1837 2685 1861 2723 5
1891 2686 1916 2711 a
1934 2686 2016 2712 om.
2041 2670 2094 2710 T1

347 2737 373 2775 8
403 2740 469 2774 est
489 2747 575 2773 om.
596 2731 643 2771 K
754 2746 781 2783 9
809 2733 937 2784 quae]
960 2735 1028 2783 qui
1055 2733 1094 2771 T
1205 2744 1254 2772 10
1282 2730 1540 2782 appellatum
1559 2728 1646 2769 ΚΗ
1678 2735 1768 2768 -tur
1792 2728 1831 2781 (r
1850 2742 1899 2766 ex
1915 2725 2032 2776 corr.)
2052 2726 2095 2764 D
2169 2752 2176 2753 κ

346 2803 371 2829 a
392 2789 535 2830 radice
563 2787 601 2828 T
741 2801 786 2826 11
819 2788 954 2838 amp.]
977 2788 1212 2838 cappilatur
1231 2786 1277 2824 K
1416 2798 1465 2824 12
1495 2798 1561 2824 au.
1582 2797 1608 2823 a
1627 2784 1668 2822 vi
1689 2783 1784 2822 hab.
1811 2782 1883 2821 K:
1912 2794 1993 2821 om.
2013 2780 2102 2819 DT
2161 2794 2176 2798 ’·

350 2857 399 2895 13
429 2844 559 2884 multa
577 2841 649 2882 K:
677 2842 854 2881 multum
874 2841 964 2881 DT
1069 2855 1117 2891 14
1147 2855 1220 2881 un.
1244 2845 1287 2880 et
1306 2841 1383 2879 hac
1404 2840 1450 2878 K
1531 2838 1760 2889 placendos
1781 2837 1826 2875 D
1938 2837 1988 2874 16
2018 2836 2095 2875 hac

347 2901 473 2940 etiam
501 2898 539 2937 T
633 2898 741 2936 hanc
763 2909 851 2947 reg.
870 2897 916 2936 K
1010 2896 1190 2937 ministri
1211 2895 1269 2934 D1
1386 2896 1435 2934 18
1465 2895 1610 2934 Cimas
1629 2891 1741 2932 codd.
1855 2903 1908 2939 23
1936 2890 2039 2930 fiant
2053 2890 2097 2929 D
2167 2898 2176 2945 ξ

347 2968 398 3005 24
429 2953 666 3004 germinato
685 2951 730 2990 D
957 2964 1009 3002 25
1039 2965 1079 3003 p.
1101 2964 1186 3002 quo
1203 2950 1412 2989 vescimus
1441 2949 1503 2988 T:
1533 2953 1676 2998 partes
1696 2958 1803 2996 quas
1821 2943 2031 2984 vescimus
2051 2943 2097 2982 D
2174 2971 2176 2974 ι

349 3022 399 3059 27
430 3009 545 3048 abus.
568 3014 698 3047 trans.
729 3006 767 3045 T
863 3008 916 3046 28
945 3019 1098 3047 vocare
1121 3006 1164 3045 D
1266 3019 1319 3056 29
1349 3004 1499 3054 copiae
1522 3003 1712 3041 ubertate
1733 2999 1822 3039 DT
1906 3000 1958 3039 ad
1981 3012 2095 3039 man·

349 3063 588 3102 ducandum
609 3092 619 3102 .
645 3089 654 3099 .
675 3091 684 3101 .
706 3060 759 3100 ad
781 3062 1119 3102 manducandum
1141 3059 1184 3099 D

2109 3170 2176 3424 l
