2176 3424
486 106 1117 154 ETYMOLOGIARVM
1160 107 1288 154 LIB.
1333 107 1419 154 IX.
1462 124 1490 154 v

113 239 314 296 Natura,
336 234 485 284 veluti
511 252 665 297 quum
687 234 918 283 dicuntur
939 234 1022 282 filii
1041 235 1271 283 Abrahae
1293 236 1481 284 Iudaei.
1559 236 1856 297 Imitatione,

110 328 162 366 ut
187 318 340 380 ipsius
372 316 603 365 Abrahae
637 318 788 365 fidem
823 316 1070 365 imitantes
1105 333 1164 364 ex
1195 316 1440 380 gentibUS‚
1469 317 1667 367 dicente
1702 321 1859 367 Evan-

106 398 234 461 gelio
262 398 403 461 (Luc.
421 415 465 460 3,
487 397 537 460 8)
560 417 569 446 :
611 401 622 422 ‘
639 400 822 446 Potens
847 406 921 446 est
947 399 1086 446 Deus
1111 399 1174 446 de
1200 398 1448 461 lapidibus
1484 398 1587 447 istis
1625 398 1859 447 suscitare

108 480 233 529 filios
266 479 560 539 Abrahae';
601 479 751 527 veluti
786 479 912 528 sicut
949 481 1153 528 eosdem
1191 481 1406 529 Iudaeos
1445 481 1693 529 Dominus
1731 482 1857 528 filios

61 577 83 616 5
107 577 214 609 esse
249 560 368 609 dicit
405 560 591 609 diaboli
609 578 622 621 3
657 578 686 609 a
717 577 816 623 quo
846 577 948 609 non
982 560 1097 620 nati,
1135 563 1223 610 sed
1256 578 1405 624 quem
1435 564 1627 611 fuerant
1663 561 1852 610 imitati.

106 644 393 706 Adoptione
430 659 644 705 quoque,
670 644 806 705 quod
831 644 1050 691 humana
1078 643 1440 693 consuetudine
1469 644 1591 692 nulli
1627 644 1740 693 licet
1777 660 1857 692 ne—
1877 651 1938 697 16

105 722 240 783 scire,
269 726 346 772 vel
382 723 507 772 sicut
542 741 633 772 nos
672 727 783 773 Deo
819 741 922 773 non
958 734 1146 782 natura,
1173 727 1262 773 sed
1302 725 1574 788 adoptione
1610 725 1855 775 dicimus:

105 810 115 828 ‘
138 806 281 853 Pater
306 815 484 866 noster,
513 807 597 868 qui
623 823 674 855 es
700 806 750 854 in
775 807 953 855 caelis.'
1006 806 1258 866 Doctrina,
1280 806 1406 855 sicut
1431 810 1703 870 Apostolus
1729 807 1853 856 filios

103 902 218 934 suos
254 888 467 950 appellat
497 903 582 935 eos
607 887 787 950 quibus
815 889 1138 951 Evangelium
1165 888 1476 951 praedicavit.
1551 889 1661 937 Filii
1686 898 1851 938 autem
1875 899 1928 947 17

33 985 82 1013 10
104 967 217 1015 ideo
242 966 292 1014 in
317 967 506 1031 legibus
531 968 671 1017 liberi
697 971 1018 1032 appellantur,
1048 979 1102 1018 ut
1132 970 1226 1019 isto
1259 970 1502 1018 vocabulo
1536 980 1853 1019 secernantur

101 1064 130 1095 a
155 1047 303 1096 servis
322 1067 335 1108 ,-
371 1048 485 1111 quia
511 1049 636 1098 sicut
662 1067 829 1099 servus
862 1050 912 1098 in
945 1061 1190 1114 potestate
1217 1062 1290 1100 est
1314 1052 1520 1110 domini,
1546 1052 1615 1100 sic
1647 1053 1775 1101 filius
1802 1052 1852 1099 in

102 1138 342 1191 potestate
380 1140 452 1179 est
487 1131 651 1194 patris.
727 1134 855 1181 Inde
899 1133 1046 1181 etiam
1090 1132 1190 1181 filio
1228 1136 1280 1182 fit
1317 1134 1660 1198 emancipatio,
1701 1144 1754 1182 ut
1792 1134 1852 1182 sit

100 1210 222 1259 liber
237 1229 265 1259 a
280 1221 428 1274 patre,
449 1212 575 1261 sicut
591 1215 645 1261 fit
666 1231 804 1263 servo
825 1215 1162 1273 manumissio,
1184 1225 1238 1263 ut
1257 1215 1318 1264 sit
1335 1216 1568 1265 liberatus
1582 1234 1611 1265 a
1627 1218 1849 1265 domino.

101 1293 228 1340 Item
266 1292 405 1342 liberi
438 1294 569 1353 dicti,
608 1296 723 1357 quia
755 1313 814 1345 ex
850 1297 1005 1345 libero
1042 1308 1156 1346 sunt
1194 1298 1509 1347 matrimonio
1538 1300 1643 1347 orti.
1717 1301 1849 1347 Nam
1871 1306 1923 1352 18

29 1395 74 1435 15
99 1372 183 1421 filii
209 1390 267 1422 ex
291 1374 445 1424 libero
469 1385 517 1424 et
541 1376 719 1425 ancilla
744 1378 928 1427 servilis
953 1379 1261 1428 condicionis
1288 1389 1414 1428 sunt.
1487 1383 1692 1444 Semper
1716 1380 1848 1429 enirn

99 1456 183 1518 qui
198 1456 414 1505 nascitur
427 1458 720 1508 deteriorem
736 1460 950 1523 parentis
967 1470 1147 1510 statum
1166 1461 1329 1510 sumit.
1403 1464 1663 1511 Naturales
1679 1472 1845 1511 autern
1869 1483 1928 1530 19

98 1537 328 1586 dicuntur
343 1538 665 1602 ingenuarum
685 1542 1074 1591 concubinarum
1091 1543 1191 1602 filii,
1212 1560 1337 1606 quos
1355 1545 1458 1592 sola
1474 1554 1648 1592 natura
1661 1544 1844 1607 genuit,

98 1635 198 1667 non
236 1620 468 1669 honestas
507 1621 736 1685 coniugii.
813 1625 955 1673 Idem
1004 1635 1052 1673 et
1093 1625 1231 1688 pueri
1278 1642 1305 1673 a
1346 1626 1493 1689 pube.
1566 1626 1845 1689 Adoptivus
1869 1643 1936 1677 20

99 1699 225 1749 filius
259 1710 344 1761 est,
374 1702 458 1764 qui
487 1712 571 1751 aut
601 1712 737 1767 patre
772 1704 915 1766 iusto,
942 1715 1027 1754 aut
1059 1723 1166 1765 avo,
1203 1717 1286 1755 aut
1320 1724 1521 1770 proavo,
1547 1710 1686 1757 cuius
1712 1718 1846 1771 pote-

25 1807 73 1834 20
96 1792 219 1831 state
243 1799 330 1846 per
346 1784 763 1847 mancipationem
791 1797 863 1835 est
889 1787 1095 1837 traditus
1121 1788 1171 1836 in
1196 1788 1409 1838 alienam
1426 1798 1739 1852 potestatem,
1761 1790 1844 1852 qui

95 1864 348 1927 utriusque
375 1867 463 1914 fert
490 1882 688 1927 nomen,
717 1878 770 1916 ut
795 1869 979 1918 Fabius
1008 1870 1262 1930 Aemilius,
1290 1873 1367 1921 vel
1397 1871 1564 1934 Scipio
1591 1872 1840 1920 Paulinus.

95 1946 295 1994 Gemini
321 1956 435 1996 sunt
461 1964 561 1996 non
587 1950 689 1998 duo
715 1959 907 1999 tanturn
934 1951 1079 2000 simul
1105 1953 1221 2010 nati,
1248 1955 1335 2002 sed
1361 1953 1508 2002 etiam
1533 1956 1711 2017 plures.
1763 1959 1842 2005 De
1865 1970 1919 2004 21

94 2027 303 2089 geminis
328 2038 492 2078 autern
515 2047 616 2078 uno
635 2032 828 2090 aborto,
844 2034 978 2091 alter,
1006 2034 1090 2096 qui
1115 2034 1330 2097 legitime
1349 2044 1494 2083 natus
1513 2036 1671 2096 fuerit,
1694 2038 1844 2100 Vopi-

94 2125 205 2157 scus
231 2110 524 2159 nominatur.
599 2114 900 2162 Posthumus
917 2125 1117 2163 vocatur
1137 2133 1196 2164 eo
1216 2118 1353 2179 quod
1369 2127 1481 2180 post
1501 2119 1841 2169 humationem
1866 2136 1931 2170 22

12 2214 70 2254 ,25
94 2191 241 2253 patris
277 2193 504 2253 nascitur,
543 2193 594 2242 id
630 2204 702 2243 est
744 2205 855 2258 post
898 2196 1104 2246 obitum.
1180 2200 1281 2247 Iste
1318 2209 1364 2247 et
1401 2199 1623 2248 defuncti
1658 2218 1842 2251 nornen

94 2273 297 2336 accepit.
339 2274 418 2323 Sic
438 2275 571 2324 enim
589 2277 664 2325 lex
683 2277 851 2336 voluit,
864 2287 917 2326 ut
934 2279 1019 2341 qui
1035 2281 1098 2328 de
1114 2281 1352 2329 defuncto
1373 2281 1600 2340 nascitur,
1620 2284 1841 2333 defuncti

93 2354 295 2403 nomine
311 2358 598 2419 appelletur.
625 2361 674 2407 N
677 2361 823 2407 othus
841 2360 1032 2421 dicitur,
1044 2362 1129 2423 qui
1145 2363 1208 2410 de
1217 2371 1354 2424 patre
1371 2362 1526 2411 nobili
1542 2372 1590 2411 et
1605 2365 1669 2412 de
1687 2375 1840 2414 matre
1863 2386 1929 2437 23

151 2495 169 2522 1
202 2497 327 2534 quum
350 2498 429 2523 om.
453 2485 549 2524 KC1
661 2487 836 2526 dicimus
863 2488 902 2526 T
1044 2501 1068 2526 2
1098 2489 1178 2538 ipsi
1205 2489 1243 2528 T
1374 2503 1400 2541 3
1431 2493 1602 2544 potens]
1626 2499 1767 2543 potest
1789 2496 1839 2534 Cl

93 2551 117 2587 4
148 2538 213 2576 vel
235 2539 295 2577 uti
318 2540 402 2591 (ut)
427 2569 436 2579 .
459 2571 467 2580 .
490 2570 500 2579 .
523 2540 673 2580 imitati
694 2554 778 2581 om.
806 2541 852 2580 K
976 2544 1147 2582 eosdem
1169 2557 1251 2583 om.
1275 2545 1336 2582 Al
1476 2559 1499 2596 5
1530 2561 1625 2586 esse
1645 2562 1727 2589 om.
1748 2550 1808 2587 Al
1829 2566 1837 2590 :

87 2598 185 2642 post
202 2593 302 2631 dicit
322 2593 384 2630 A²
532 2595 717 2647 fuerant]
741 2602 915 2646 sperant
936 2597 976 2635 Β
1194 2601 1221 2636 6
1249 2599 1380 2650 quod]
1405 2614 1527 2650 quam
1548 2601 1588 2640 Β
1699 2604 1837 2643 nullus

99 2646 159 2686 T:
189 2647 342 2687 nullius
364 2648 410 2685 K
533 2649 630 2690 licet
651 2663 730 2689 om.
756 2650 807 2690 Cl
988 2665 1010 2700 7
1040 2653 1114 2691 sed
1135 2654 1225 2692 sola
1245 2654 1386 2704 adopt.
1410 2654 1478 2694 K:
1509 2658 1585 2695 sed
1608 2658 1781 2707 optione
1805 2660 1840 2697 C

96 2713 141 2739 11
175 2703 285 2740 dom.
310 2703 373 2740 sui
394 2703 454 2741 sic
472 2703 528 2741 B1
644 2717 692 2742 12
723 2706 944 2745 finmanc.
972 2706 1033 2744 Κ1
1149 2719 1197 2755 14
1227 2708 1326 2747 dicti
1347 2723 1428 2748 om.
1450 2710 1512 2748 Al
1624 2713 1739 2764 quia]
1763 2715 1834 2763 qui

92 2754 134 2793 A
156 2769 205 2794 ex
223 2769 323 2797 corr.
351 2758 417 2808 (ex
434 2758 578 2810 quia2)
746 2760 864 2812 narn]
886 2762 1073 2800 libertini
1096 2761 1223 2800 A1K:
1258 2775 1355 2801 narn
1377 2764 1445 2803 lib.
1468 2765 1532 2803 Α2
1700 2779 1747 2816 15
1778 2781 1833 2806 ex

93 2809 134 2848 li.
158 2815 199 2848 et
219 2823 302 2849 om.
326 2812 388 2849 Al
559 2814 608 2851 16
629 2814 840 2854 deteriore
860 2821 1038 2865 parente
1059 2815 1106 2853 K
1237 2830 1291 2856 20
1320 2830 1397 2867 per
1417 2819 1730 2870 mancipatione
1751 2820 1840 2861 ΚΤ

93 2863 189 2912 quia
208 2870 287 2904 utr.
318 2865 356 2903 T
527 2880 575 2905 21
607 2867 754 2919 Aem.]
776 2871 973 2909 eusebius
991 2870 1031 2908 B
1051 2885 1060 2909 z
1089 2871 1352 2910 Aemilianus
1371 2872 1499 2913 Arev.
1630 2876 1782 2923 paulus
1803 2877 1839 2916 C

93 2930 145 2954 22
175 2931 241 2957 na.
264 2920 357 2959 sim.
381 2920 458 2959 BC
591 2935 643 2971 23
673 2936 803 2962 unum
823 2925 890 2963 ab.
911 2925 973 2962 B:
1007 2938 1090 2963 uno
1112 2926 1261 2963 abortu
1284 2925 1384 2965 C1K
1515 2940 1567 2976 25
1599 2929 1697 2968 istet
1717 2930 1755 2968 d.
1783 2930 1834 2970 C1

93 2974 148 3009 26
176 2972 228 3010 de
241 2985 320 3013 om.
345 2974 380 3013 C
485 2975 539 3014 de
555 2976 639 3015 def.
658 2990 727 3017 no.
751 2978 806 3018 T:
826 2979 909 3017 des.
928 2992 1083 3018 nomen
1100 2978 1148 3017 K
1251 2993 1302 3030 27
1333 2982 1428 3020 nob.
1450 2987 1490 3020 et
1507 2983 1559 3020 de
1575 2987 1696 3031 patre
1712 2986 1828 3033 (corr.

92 3024 196 3076 ma-)
221 3025 305 3074 ign.
327 3027 374 3066 K
387 3042 397 3066 ε
426 3029 522 3068 nob.
549 3035 590 3069 et
610 3031 741 3070 nobili
765 3032 881 3085 (corr.
907 3033 1019 3084 ign-)
1042 3038 1171 3072 matre
1190 3033 1253 3075 B:
1285 3035 1383 3074 nob.
1409 3041 1451 3074 et
1471 3042 1606 3075 matre
1626 3038 1710 3086 ign.
1737 3038 1772 3077 C
