2176 3424
468 130 1099 181 ETYMOLOGIARVM
1141 129 1270 174 LIB.
1309 127 1426 172 XII.
1465 123 1529 172 vii

129 283 157 314 a
182 282 305 314 sono
330 262 463 313 vocis
497 262 666 320 dictas,
696 276 817 323 quas
843 258 1018 307 Graeci
1053 258 1250 323 ὄρτυγας
1273 263 1466 312 vocant,
1495 268 1555 303 eo
1581 254 1718 316 quod
1743 251 1875 300 visae

128 346 306 395 fuerint
342 346 554 409 primum
592 342 642 390 in
681 340 881 404 Ortygia
916 339 1088 388 insula.
1164 340 1307 386 Haec
1348 333 1647 385 adveniendi
1689 333 1876 381 habent
1925 355 1928 358 ⁴

129 437 350 491 tempora
369 445 381 487 3
416 443 532 474 nam
551 433 736 473 aestate
756 423 962 485 depulsa
982 420 1133 469 maria
1152 427 1469 468 transmeant.
1532 418 1876 479 Ortygometra
1900 415 1970 473 65

128 510 305 560 dicitur
320 519 447 573 quae
465 524 661 572 gregem
683 504 831 554 ducit.
891 506 1016 552 Eam
1035 513 1190 552 terrae
1209 501 1626 566 propinquantem
1646 496 1879 560 accipiter

44 629 51 643 ,
80 606 103 646 5
128 591 299 641 videns
332 590 487 654 rapit3
522 606 580 638 ac
605 597 863 652 propterea
896 603 1011 634 cura
1041 594 1114 634 est
1140 583 1377 632 universis
1403 583 1584 631 ducem
1619 578 1880 628 sollicitare

125 673 316 738 generis
354 672 552 732 externi,
592 688 678 735 per
714 687 862 733 quam
906 678 1111 717 caveant
1152 667 1310 731 prima
1352 664 1650 715 discrimina.
1725 662 1880 712 Cibos

127 756 425 819 gratissimos
462 756 648 803 habent
685 751 876 801 semina
900 767 1205 799 venenorum
1223 769 1236 810 3
1274 765 1423 812 quam
1461 746 1526 795 ob
1562 762 1760 794 causam
1799 760 1881 792 eas

127 848 314 887 veteres
339 837 470 887 vesci
503 835 868 884 interdixerunt.
944 835 1115 883 Solum
1150 831 1281 881 enim
1317 832 1412 878 hoc
1449 828 1645 888 animal,
1676 827 1802 876 sicut
1836 835 1883 873 et

127 922 294 979 homo,
331 921 576 968 caducum
614 916 794 980 patitur
831 915 1076 964 morbum.
1151 916 1385 976 Vpupam
1419 908 1595 960 Graeci
1633 909 1883 972 appellant
1906 910 1978 956 66

56 1024 106 1052 10
129 1020 187 1052 eo
208 1004 343 1065 quod
370 1010 583 1050 stercora
609 1001 826 1047 humana
852 997 1145 1055 consideret,
1175 1004 1223 1044 et
1249 993 1454 1043 foetenti
1479 1000 1707 1055 pascatur
1732 991 1853 1037 fimo
1873 1007 1885 1048 3

126 1083 227 1132 avis
262 1082 587 1146 spurcissima,
618 1079 773 1129 cristis
805 1079 1084 1128 extantibus
1118 1078 1320 1141 galeata,
1351 1090 1544 1138 semper
1570 1073 1620 1121 in
1647 1070 1907 1134 sepulcris·

128 1176 176 1215 et
211 1167 431 1213 humano
469 1174 681 1212 stercore
716 1177 1045 1210 commorans.
1120 1158 1276 1209 Cuius
1311 1156 1550 1220 sanguine
1575 1152 1798 1218 quisquis
1832 1169 1887 1201 se

128 1246 384 1307 inunxerit,
413 1245 682 1295 dormitum
720 1260 927 1307 pergens
962 1245 1233 1292 daemones
1268 1242 1567 1288 suffocantes
1602 1253 1654 1285 se
1679 1233 1885 1284 videbit.

128 1332 308 1388 Tucos,
338 1345 462 1391 quos
490 1326 706 1390 Hispani
733 1326 916 1375 ciculos
944 1334 1134 1385 vocant,
1164 1341 1192 1372 a
1219 1340 1339 1372 voce
1366 1320 1561 1385 propria
1587 1318 1884 1368 nominatos.
1910 1317 1978 1376 67

7 1407 106 1478 ⁴215
131 1410 202 1459 Hi
222 1410 452 1459 veniendi
478 1410 665 1458 habent
690 1418 898 1472 tempus,
923 1406 1182 1455 milvorum
1211 1404 1421 1467 scapulis
1448 1401 1663 1465 suscepti
1687 1408 1887 1464 propter

131 1493 301 1541 breves
327 1501 374 1541 et
400 1509 574 1556 parvos
601 1492 805 1549 volatus,
833 1506 896 1538 ne
930 1506 1015 1552 per
1040 1490 1187 1551 longa
1220 1486 1343 1535 aeris
1377 1484 1534 1549 spatia
1558 1482 1744 1546 fatigati
1769 1483 1887 1531 defi-

130 1574 275 1623 ciant.
347 1577 545 1623 Horum
571 1573 751 1622 salivae
777 1571 971 1621 cicadas
1006 1570 1225 1634 gignunt.
1301 1571 1529 1616 Passeres
1555 1575 1668 1615 sunt
1693 1564 1885 1613 minuta
1909 1557 1980 1604 68

131 1655 358 1715 volatilia,
399 1673 428 1704 a
466 1655 701 1718 parvitate
743 1663 946 1714 vocata3
1001 1654 1135 1701 unde
1178 1660 1226 1700 et
1265 1649 1427 1714 pusilli
1467 1647 1615 1713 parvi.
1690 1648 1885 1695 Merula
1907 1645 1982 1703 69

132 1736 399 1799 antiquitus
426 1738 624 1785 medula
648 1736 928 1794 vocabatur,
959 1751 1018 1783 eo
1044 1735 1180 1797 quod
1207 1733 1444 1781 modulet.
1518 1730 1618 1779 Alii
1648 1731 1886 1778 merulam

62 1834 113 1862 ²0
133 1818 271 1867 aiunt
291 1828 515 1868 vocatam
536 1818 651 1881 quia
676 1819 779 1866 sola
799 1818 943 1875 volat,
968 1815 1107 1879 quasi
1134 1832 1268 1863 mera
1288 1815 1473 1863 volans.
1530 1814 1674 1861 Haec
1695 1828 1808 1859 cum
1835 1810 1884 1858 in

134 1900 365 1949 omnibus
391 1900 510 1950 locis
538 1900 672 1962 nigra
698 1899 770 1959 sit,
800 1899 850 1946 in
877 1897 1067 1946 Achaia
1092 1906 1258 1945 autem
1284 1894 1498 1944 candida
1524 1904 1609 1942 est.
1678 1893 1885 1941 Erundo
1908 1904 1975 1953 70

133 1982 278 2042 dicta,
307 1983 440 2045 quod
468 1981 606 2030 cibos
639 1999 742 2029 non
777 1989 937 2029 sumat
964 1979 1198 2038 residenS,
1227 1980 1314 2027 sed
1348 1976 1398 2025 in
1427 1993 1538 2025 aere
1564 1974 1724 2039 capiat
1750 1990 1887 2023 escas

134 2074 182 2112 et
207 2065 321 2112 edat
339 2081 352 2123 3
387 2065 577 2126 garrula
600 2064 716 2122 avis,
745 2079 830 2125 per
856 2070 1103 2110 tortuosos
1130 2060 1274 2108 orbes
1308 2069 1356 2108 et
1382 2060 1627 2107 flexuosos
1658 2056 1888 2105 circuitus

0 2155 12 2219 l
35 2172 44 2199 2
135 2146 407 2208 pervolans,
425 2153 473 2193 et
492 2145 543 2192 in
564 2143 691 2192 nidis
709 2141 1053 2192 construendis
1074 2141 1448 2203 educandisque
1467 2139 1647 2188 fetibus
1665 2137 1891 2188 sollertis-

63 2245 113 2284 25
137 2226 290 2287 sima3
327 2227 514 2275 habens
545 2226 691 2275 etiam
719 2225 959 2289 quiddam
994 2223 1283 2287 praescium,
1311 2223 1448 2286 quod
1478 2224 1671 2285 lapsura
1697 2223 1890 2270 deserat

136 2325 228 2357 nec
254 2318 452 2371 appetat
479 2308 708 2356 culmina.
768 2310 814 2355 A
833 2306 949 2355 diris
976 2323 1175 2368 quoque
1200 2305 1372 2354 avibus
1399 2321 1500 2352 non
1526 2303 1774 2367 inpetitur,
1798 2320 1890 2351 nec

194 2449 210 2474 1
244 2437 316 2488 eo]
342 2443 384 2476 et
404 2437 446 2474 Β
611 2450 634 2485 4
663 2436 792 2486 quae]
822 2437 918 2485 quia
943 2435 978 2473 C
1104 2437 1171 2473 du.
1200 2435 1346 2473 dicunt
1374 2448 1410 2473 e.
1446 2434 1491 2471 K
1653 2445 1676 2481 5
1709 2434 1821 2482 capit
1847 2432 1894 2470 K

135 2494 161 2529 6
192 2505 269 2542 per
288 2505 370 2541 qua
391 2492 430 2529 Β
559 2505 579 2540 7
611 2492 663 2530 ob
685 2505 754 2541 qu.
775 2505 866 2529 cau.
892 2491 931 2528 Β
1058 2493 1083 2528 8
1114 2491 1228 2528 enim
1249 2503 1331 2529 om.
1361 2489 1399 2527 T
1514 2502 1540 2538 9
1571 2489 1627 2526 ho
1648 2487 1694 2525 K
1803 2493 1887 2537 pat.

135 2548 227 2588 cad.
250 2560 332 2585 mo.
359 2546 395 2585 C
515 2547 682 2596 capitur
706 2546 752 2584 K
862 2545 1061 2595 Opupam
1082 2545 1155 2583 K:
1187 2544 1381 2595 Opopam
1402 2543 1507 2581 BT:
1526 2543 1633 2591 fort.
1656 2542 1736 2591 Vp.
1760 2540 1883 2580 ἔποπα

3 2656 10 2659 -
141 2614 191 2639 10
221 2602 464 2639 desiderant
485 2601 558 2640 K:
589 2601 861 2640 considerant
880 2601 921 2638 Β
1033 2599 1096 2650 et]
1121 2605 1166 2638 ut
1182 2599 1228 2637 K
1339 2599 1488 2637 fatenti
1512 2597 1562 2637 C1
1699 2610 1746 2635 12
1778 2597 1888 2646 quis-

43 2658 55 2741 δ
138 2669 220 2705 que
243 2656 291 2695 C1
481 2669 528 2704 14
559 2657 728 2695 Tuchos
755 2655 793 2694 T
810 2656 911 2703 (non
937 2654 998 2704 U)
1023 2669 1031 2692 :
1060 2654 1201 2704 Togos
1222 2653 1318 2692 KM
1457 2652 1614 2691 cicolos
1636 2652 1682 2689 K
1702 2654 1806 2702 <non
1832 2651 1890 2695 U)

3 2726 8 2728 “
139 2710 380 2749 nominatus
401 2710 440 2748 Β
461 2725 469 2748 :
501 2711 550 2748 -ti
573 2710 608 2749 C
746 2712 795 2748 16
824 2723 900 2759 per
921 2723 1003 2750 om.
1028 2709 1068 2747 Β
1199 2721 1245 2757 17
1279 2708 1459 2747 cicladas
1480 2707 1521 2744 Β
1630 2712 1728 2745 sunt
1748 2719 1829 2745 om.
1856 2705 1891 2744 C

143 2766 191 2803 18
220 2765 325 2817 vol.]
348 2764 544 2804 animalia
563 2765 604 2803 Β
727 2770 905 2803 vocatae
926 2764 971 2801 K
1096 2769 1138 2801 et
1159 2775 1228 2812 pu.
1254 2769 1295 2802 et
1316 2776 1381 2813 pa.
1407 2762 1507 2801 CT:
1538 2767 1580 2800 et
1602 2775 1671 2811 pu.
1695 2766 1736 2799 et
1763 2766 1889 2799 vocat

142 2819 285 2871 (delet.)
319 2832 384 2869 pa.
416 2819 456 2857 B
625 2832 674 2870 19
704 2833 773 2869 qu.
806 2819 990 2857 medulet
1021 2817 1159 2855 BKM
1334 2830 1387 2856 20
1417 2817 1514 2866 quia
1542 2830 1605 2856 so.
1636 2830 1704 2854 vo.
1736 2827 1818 2854 om.
1856 2814 1894 2853 T

97 2890 103 2899 ·
138 2873 254 2913 volet
281 2874 315 2913 C
440 2887 489 2912 21
523 2880 663 2914 autem
685 2887 769 2913 om.
792 2874 827 2913 C
936 2873 983 2913 E.
1010 2879 1148 2911 autem
1173 2873 1252 2912 dic.
1281 2872 1319 2910 T
1442 2885 1494 2910 22
1524 2876 1660 2910 sumet
1690 2870 1747 2908 T:
1780 2870 1835 2908 -it
1857 2869 1891 2908 C

141 2940 222 2968 res.
249 2930 328 2968 sed
349 2942 432 2968 om.
456 2928 513 2966 Β1
696 2941 748 2976 23
779 2934 822 2967 et
853 2929 919 2969 ed.
952 2942 1019 2978 ga.
1052 2941 1117 2966 av.
1155 2941 1238 2967 om.
1274 2925 1359 2965 ΚΟ
1469 2925 1587 2977 edat]
1621 2924 1816 2963 comedat
1846 2925 1888 2963 Β

141 2995 204 3022 av.
226 2989 269 3021 et
288 2997 365 3034 per
393 2983 430 3021 T
536 2989 578 3023 et
599 2997 682 3022 om.
698 2983 744 3021 K
763 2998 770 3021 :
801 2997 879 3033 per
902 2983 939 3021 O
1089 2995 1140 3030 24
1171 2983 1213 3020 in
1235 2995 1317 3020 om.
1341 2981 1387 3019 K
1495 2979 1810 3028 educendisque
1835 2978 1885 3018 C¹

141 3050 191 3102 325
221 3039 387 3130 quixssssm
410 3038 451 3076 Β
560 3039 729 3076 desinat
750 3038 796 3075 K
938 3040 989 3075 26
1018 3051 1041 3075 a
1063 3036 1184 3087 diris]
1207 3035 1298 3076 aliis
1319 3035 1445 3074 ΒΚΟ
1556 3034 1786 3084 impeditur
1805 3033 1889 3072 ΒΟ

144 3105 244 3142 gnon
358 3108 371 3143 )
