2176 3424
469 135 1099 184 ETYMOLOGIARVM
1140 136 1266 183 LIB.
1308 137 1444 183 XIV.
1485 137 1530 183 vi

131 265 356 316 ordinem
383 265 477 315 sint
503 267 705 328 positae.
779 265 959 314 Sardus
987 266 1204 314 Hercule
1234 273 1515 330 procreatus
1549 281 1663 314 cum
1690 281 1867 328 magna
1889 268 1957 316 39

128 347 443 398 multitudine
467 364 496 396 a
522 346 676 410 Libya
709 347 958 410 profectus
994 346 1269 399 Sardiniam
1303 346 1575 410 occupavit,
1604 356 1652 397 et
1685 363 1743 396 ex
1776 363 1867 397 suo

126 429 368 478 vocabulo
418 428 606 478 insulae
653 445 840 479 nomen
887 427 1040 479 dedit.
1116 431 1259 479 Haec
1295 428 1345 478 in
1383 428 1551 478 Africo
1587 428 1708 478 mari
1744 429 1868 479 facie

125 510 314 574 vestigii
338 510 556 571 humani,
586 509 636 559 in
667 510 906 560 orientem
938 526 1087 573 quam
1113 509 1164 559 in
1189 511 1499 560 occidentem
1526 509 1667 561 latior
1690 510 1868 573 promi-

75 605 97 647 5
123 600 218 651 net,
247 593 398 642 ferme
422 591 620 656 paribus
645 591 877 642 lateribus
903 607 1029 654 quae
1049 590 1099 640 in
1126 591 1380 642 meridiem
1407 600 1454 641 et
1479 591 1865 655 septentrionem

121 682 344 735 vertunt;
384 691 441 723 ex
467 691 567 738 quo
597 683 711 724 ante
737 672 1090 723 commercium
1123 691 1152 722 a
1183 673 1526 737 navigantibus
1564 676 1865 724 Graecorum

111 754 267 821 Ἴχνος
298 758 541 820 appellata
574 765 658 806 est.
731 758 883 804 Terra
918 763 1053 818 patet
1078 755 1128 804 in
1154 757 1464 819 longitudine
1498 756 1632 806 milia
1664 765 1864 806 centum
1887 766 1957 814 40

122 837 456 901 quadraginta,
495 837 545 886 in
579 836 837 887 latitudine
870 836 1205 900 quadraginta.
1280 839 1340 886 In
1377 854 1435 887 ea
1467 855 1630 902 neque
1664 855 1864 902 serpens

121 918 332 983 gignitur
374 936 535 983 neque
580 921 737 982 lupus,
783 920 871 968 sed
914 920 1120 982 solifuga
1159 928 1366 980 tantum,
1410 920 1593 970 animal
1635 921 1864 985 exiguum

51 1017 98 1047 10
123 1000 408 1050 hominibus
442 1000 788 1065 perniciosum.
862 1002 1127 1050 Venenum
1163 1018 1363 1065 quoque
1396 1001 1465 1050 ibi
1498 1019 1601 1051 non
1634 1003 1861 1065 nascitur,

122 1082 215 1133 nisi
241 1082 393 1132 herba
418 1099 503 1147 per
530 1082 788 1145 scriptores
806 1082 1043 1146 plurimos
1070 1092 1117 1132 et
1143 1091 1313 1147 poetas
1340 1094 1624 1145 memorata,
1651 1084 1863 1148 apiastro

121 1163 304 1225 similis,
333 1181 461 1228 quae
486 1164 770 1214 hominibus
796 1164 944 1214 rictus
971 1164 1215 1214 contrahit
1235 1174 1282 1214 et
1303 1165 1443 1229 quasi
1464 1166 1678 1216 ridentes
1704 1167 1865 1216 interi-

122 1247 223 1297 mit.
297 1248 480 1296 Fontes
521 1246 670 1296 habet
705 1245 927 1296 Sardinia
961 1246 1160 1307 calidos,
1195 1247 1400 1296 infirmis
1436 1250 1698 1298 medellam
1732 1266 1865 1312 prae-

120 1329 308 1389 benteS‚
328 1328 515 1378 furibus
541 1328 841 1388 caecitatem,
866 1328 905 1377 si
930 1338 1238 1378 sacramento
1258 1331 1375 1379 dato
1396 1332 1567 1379 oculos
1592 1332 1732 1394 aquis
1759 1331 1863 1380 eius

51 1423 96 1465 15
120 1409 378 1474 tetigerint.
451 1409 682 1460 Corsicae
698 1409 885 1460 insulae
902 1410 1157 1460 exordium
1175 1410 1366 1460 incolae
1385 1411 1586 1475 Ligures
1603 1413 1847 1462 dederunt
1885 1425 1942 1472 41

120 1493 424 1556 appellantes
458 1508 568 1542 eam
598 1509 656 1542 ex
686 1491 888 1541 nomine
922 1492 1075 1542 ducis,
1150 1495 1278 1543 Nam
1311 1495 1556 1557 quaedam
1592 1494 1747 1544 Corsa
1779 1512 1861 1543 no-

121 1573 253 1624 mine
284 1573 433 1638 Ligus
467 1573 655 1635 mulier,
692 1589 805 1623 cum
835 1583 1029 1625 taurum
1068 1591 1127 1624 ex
1164 1591 1321 1638 grege,
1358 1592 1507 1638 quem
1537 1593 1690 1640 prope
1723 1576 1863 1626 litora

119 1655 329 1719 regebat,
351 1665 651 1707 transnatare
672 1655 870 1706 solitum
890 1666 1039 1720 atque
1059 1674 1143 1720 per
1163 1656 1470 1706 intervallum
1493 1674 1697 1721 corpore
1716 1668 1862 1708 aucto

118 1753 334 1787 remeare
370 1737 570 1798 videret,
609 1739 813 1801 cupiens
858 1738 979 1788 scire
1017 1738 1267 1802 incognita
1304 1738 1396 1788 sibi
1433 1740 1628 1803 pabula,
1668 1749 1862 1790 taurum

49 1835 97 1864 20
117 1836 146 1869 a
172 1818 343 1870 ceteris
370 1818 726 1882 digredientem
754 1835 910 1882 usque
940 1821 1004 1870 ad
1029 1819 1239 1870 insulam
1267 1820 1461 1884 navigio
1487 1831 1748 1885 prosecuta
1772 1832 1860 1872 est.

120 1901 273 1952 Cuius
294 1918 511 1965 regressu
532 1902 718 1951 insulae
744 1900 1044 1951 fertilitatem
1070 1911 1426 1967 cognoscentes
1450 1902 1650 1967 Ligures
1676 1904 1861 1954 ratibus

120 1983 186 2033 ibi
213 1984 415 2046 profecti
442 1993 570 2044 sunt,
599 1998 808 2046 eamque
835 1982 1037 2033 nomine
1063 1984 1278 2033 mulieris
1303 1984 1515 2034 auctoris
1543 1994 1590 2034 et
1615 1985 1755 2035 ducis
1780 2003 1860 2050 ap-

119 2065 433 2127 pellaverunt,
492 2067 635 2114 Haec
660 2073 826 2113 autem
854 2064 1013 2114 insula
1034 2067 1222 2115 Graece
1249 2067 1407 2130 Κύρνη
1427 2066 1617 2127 dicitur,
1637 2084 1666 2116 a
1692 2068 1858 2131 Cyrno
1879 2081 1945 2128 42

122 2145 351 2195 Herculis
379 2146 478 2195 filio
504 2146 735 2195 habitata.
815 2148 894 2196 De
914 2163 1011 2209 qua
1038 2147 1280 2211 Vergilius
1309 2147 1434 2213 (Ecl.
1456 2166 1500 2209 9,
1522 2148 1631 2213 3o):

45 2243 69 2288 ,α
75 2244 95 2283 5
790 2229 983 2292 Cyrnea
1019 2237 1169 2279 taxos.

120 2309 367 2359 Dividitur
405 2319 568 2358 autem
604 2327 632 2359 a
667 2310 891 2359 Sardinia
925 2310 1094 2373 viginti
1122 2311 1311 2360 milium
1346 2313 1483 2372 freto,
1529 2312 1690 2361 cincta
1722 2313 1864 2375 Ligu-

118 2391 225 2440 stici
260 2393 486 2455 aequoris
524 2391 632 2440 sinu
671 2393 735 2441 ad
773 2402 1091 2455 prospectum
1131 2393 1316 2442 Italiae.
1373 2396 1462 2443 Est
1494 2404 1661 2443 autem
1696 2395 1861 2443 multis

118 2469 465 2532 promuntoriis
502 2472 750 2534 angulosa,
793 2469 998 2534 gignens
1042 2471 1306 2521 laetissima
1342 2473 1522 2536 pabula
1558 2483 1606 2522 et
1642 2473 1858 2536 lapidem

118 2567 265 2615 quem
302 2551 581 2602 catochiten
633 2552 810 2602 Graeci
859 2562 1054 2603 vocant.
1132 2553 1328 2603 Ebosus
1381 2553 1540 2603 insula
1584 2554 1858 2618 Hispaniae
1879 2568 1944 2614 43

176 2697 194 2723 1
226 2684 376 2724 ordine
400 2684 478 2724 CK
586 2685 742 2725 Sardes
763 2686 809 2724 K
961 2698 985 2736 5
1017 2686 1237 2726 furmaeK
1397 2688 1424 2725 6
1454 2701 1508 2726 ex
1528 2700 1610 2738 qua
1630 2687 1676 2726 K
1784 2688 1856 2727 Gr.

119 2739 260 2779 icchos
290 2739 360 2779 K:
391 2740 466 2780 Gr.
492 2740 581 2779 icos
614 2740 673 2780 C:
703 2740 777 2782 Gr.
809 2740 957 2780 hicnus
994 2740 1054 2780 T:
1088 2742 1369 2791 grecorachus
1404 2741 1445 2780 B
1556 2756 1577 2792 7
1610 2751 1675 2782 est
1705 2755 1786 2782 om.
1816 2742 1863 2781 K

117 2794 144 2832 8
171 2795 214 2832 in
246 2794 318 2835 lat.
342 2795 488 2844 quadr.
513 2807 597 2834 om.
623 2794 660 2833 C
824 2808 869 2834 11
904 2802 946 2834 et
976 2795 1069 2847 po.]
1101 2795 1317 2846 appellata
1351 2796 1394 2835 K
1505 2803 1756 2837 memoratas
1789 2796 1860 2835 B:

121 2854 302 2888 memota
330 2849 366 2887 T
504 2862 551 2888 12
581 2849 652 2898 qui
680 2848 740 2889 T:
769 2850 867 2900 quia
889 2850 924 2890 C
1064 2863 1112 2900 14
1141 2850 1245 2902 fun]
1267 2851 1425 2900 peiuris
1451 2851 1598 2890 KNXl
1622 2867 1630 2891 :
1661 2851 1860 2901 periuriis

118 2903 236 2955 (·ris)
261 2901 402 2942 OPX2
425 2905 527 2956 (non
542 2903 685 2952 DGU)
800 2917 846 2953 17
877 2904 986 2954 ligus
1000 2906 1098 2945 mul.
1125 2904 1182 2943 C:
1211 2905 1361 2955 liguris
1376 2907 1474 2946 mul.
1491 2905 1538 2944 K
1648 2906 1696 2944 18
1726 2912 1860 2945 trans-

117 2963 266 2996 natura
287 2957 325 2996 T
399 2959 620 2998 intervallo
633 2956 721 2997 BT
794 2966 960 2999 auctum
977 2959 1022 2997 K
1129 2973 1182 2998 :20
1203 2960 1379 3013 ceteris]
1397 2974 1445 3000 ce
1460 2961 1507 2998 K
1587 2961 1639 2999 ad
1653 2959 1788 3000 sulam
1812 2959 1861 3000 O

118 3023 166 3050 21
191 3025 411 3062 regressus
426 3012 513 3051 ΒΚ
621 3025 672 3051 22
692 3019 790 3052 sunt
805 3027 886 3054 om.
908 3013 954 3052 K
1063 3019 1174 3054 auct.
1193 3014 1291 3054 mul.
1315 3015 1352 3053 T
1456 3028 1508 3065 23
1530 3015 1684 3054 dicitur
1696 3015 1814 3053 cirne
1830 3015 1866 3054 C

118 3077 168 3115 25
200 3078 290 3104 ·eas
310 3066 420 3119 Virg.
534 3070 587 3106 26
617 3067 725 3120 div.]
748 3068 958 3108 dicitur-K
1049 3069 1155 3108 freta
1177 3067 1212 3107 C
1229 3070 1325 3122 (pro
1347 3076 1408 3110 -tu
1424 3071 1457 3109 ΖΝ
1573 3082 1624 3118 27
1656 3069 1809 3109 multus
1823 3069 1861 3110 Β

197 3145 297 3184 1182
327 3157 359 3185 11
692 3204 694 3206 Ι
968 3148 1001 3185 1<
