2176 3424
1022 119 1293 169 ISIDORI

281 263 338 295 ac
364 246 547 296 dubius
573 245 705 297 istud
730 265 794 296 an
821 247 943 297 illud
969 248 1143 312 capiat,
1173 258 1221 298 et
1247 250 1296 298 in
1323 267 1420 313 qua
1439 259 1575 314 parte
1602 251 1818 300 declinet
1842 252 2027 301 anxius.

282 331 451 389 Atrox,
484 331 621 392 quod
659 329 718 379 sit
756 329 891 379 tetris
931 330 1166 380 moribus.
1241 332 1544 393 Abstemius‚
1576 350 1605 382 a
1638 342 1837 394 temeto,
1871 335 1921 384 id
1959 345 2031 384 est

283 410 412 471 vino,
460 410 601 474 quasi
648 411 903 461 abstinens
945 429 975 460 a
1011 412 1142 461 vino.
1216 410 1474 480 [Adfinis.]
1546 414 1853 477 Ablactatus,
1895 418 2030 480 quod

203 510 257 545 12
283 491 342 541 sit
367 510 396 540 a
425 494 551 542 lacte
581 494 788 543 ablatus.
864 497 1037 557 Aeger,
1067 497 1203 558 quod
1228 506 1399 559 agatur
1428 495 1711 547 infirmitate
1739 500 1816 548 vel
1841 498 2032 548 tristitia

280 575 344 623 ad
371 583 579 638 tempus.
655 578 914 639 Aegrotus,
949 578 1085 639 quod
1118 577 1178 625 sit
1208 594 1350 641 aeger
1381 578 1696 641 frequentius,
1725 579 1850 630 sicut
1884 580 2031 629 iratus
2056 594 2077 635 5

281 665 328 705 et
354 656 635 706 iracundus.
709 661 1052 707 Aerumnosus
1073 677 1101 708 a
1126 659 1317 708 rumine
1343 660 1522 722 dictus,
1541 663 1678 724 quod
1703 678 1789 725 per
1813 662 2030 727 inopiam

202 749 256 795 13
281 738 428 788 miser
452 740 609 788 factus
635 739 815 788 esuriat
842 750 889 788 et
916 740 1057 790 sitiat.
1134 743 1350 805 Auspex,
1380 759 1439 791 eo
1463 744 1601 806 quod
1625 742 1789 792 avium
1814 744 2033 808 auspicia

282 820 525 881 intendat,
562 820 689 870 sicut
726 839 908 885 auceps
946 824 1083 885 quod
1125 840 1239 872 aves
1283 823 1457 887 capiat.
1530 826 1765 874 Astrosus
1801 827 1865 875 ab
1901 835 2032 877 astro

202 925 257 974 14
282 903 458 964 dictus,
488 903 627 966 quasi
654 906 786 953 malo
818 904 977 954 sidere
1007 915 1165 954 natus.
1239 906 1517 966 Aenormis‚
1547 924 1606 956 eo
1637 909 1774 970 quod
1805 924 2030 958 normam

282 995 329 1035 et
373 1002 655 1035 mensuram
696 988 914 1036 excedat.
991 988 1211 1036 Abactor
1244 997 1316 1037 est
1347 990 1422 1036 fur
1453 988 1787 1038 iumentorum
1818 999 1866 1040 et
1891 1008 2033 1054 peco·
2059 1006 2108 1034 10

206 1092 260 1141 15
281 1085 403 1127 rum,
433 1085 583 1131 quern
610 1070 756 1132 vulgo
781 1068 1031 1132 abigeium
1052 1080 1243 1130 vocant,
1271 1070 1336 1119 ab
1361 1070 1610 1134 abigendo
1636 1071 1835 1121 scilicet.
1896 1076 2032 1122 Atra·

281 1159 359 1198 tus
397 1159 445 1198 et
481 1150 709 1199 albatus:
748 1150 828 1199 ille
864 1168 893 1199 a
930 1160 1065 1200 veste
1102 1151 1253 1215 nigra,
1286 1151 1376 1201 iste
1412 1152 1477 1201 ab
1514 1153 1641 1201 alba,
1713 1156 1936 1215 Advena,
1973 1172 2032 1204 eo

281 1234 418 1295 quod
454 1231 656 1281 aliunde
692 1232 936 1281 adveniat.
1014 1233 1319 1297 Alienigena,
1365 1236 1502 1296 quod
1540 1234 1687 1283 alieni
1725 1236 1914 1299 generis
1955 1237 2029 1297 sit,

281 1324 329 1362 et
383 1330 483 1362 non
522 1314 626 1363 eius
664 1314 750 1363 ubi
788 1324 874 1363 est.
959 1313 1132 1381 [Item]
1171 1315 1478 1379 Alienigena,
1525 1316 1609 1379 qui
1651 1333 1710 1366 ex
1751 1318 1845 1367 alia
1886 1328 2031 1382 gente

197 1403 256 1450 16
280 1395 474 1459 genitus
500 1406 587 1457 est,
617 1406 663 1445 et
690 1413 792 1445 non
828 1414 885 1445 ex
921 1414 978 1445 ea
1004 1397 1090 1447 ubi
1116 1407 1207 1448 est.
1278 1399 1479 1458 Accola,
1509 1416 1568 1447 eo
1600 1401 1736 1462 quod
1762 1400 2031 1450 adveniens
2059 1419 2104 1456 15

280 1487 456 1527 terram
492 1480 635 1526 colat.
712 1478 956 1541 Agricola,
985 1496 1014 1527 a
1047 1481 1260 1528 colendo
1298 1496 1427 1543 agro,
1465 1479 1590 1528 sicut
1628 1480 1859 1530 silvicola.
1933 1484 2031 1531 Ad-

202 1578 254 1627 17
281 1561 461 1620 secula,
489 1577 548 1608 eo
575 1560 712 1622 quod
739 1569 972 1622 sequatur
997 1559 1213 1623 aliquem
1242 1560 1364 1609 lucri
1391 1578 1552 1610 causa.
1626 1562 1872 1612 Assiduus
1906 1563 2033 1612 dice-

279 1641 423 1690 batur
453 1642 587 1704 apud
624 1640 856 1704 antiquos
887 1641 972 1704 qui
1009 1642 1201 1691 assibus
1237 1644 1302 1691 ad
1336 1642 1576 1691 aerarium
1611 1661 1881 1708 expensum
1919 1663 2033 1694 con·

279 1723 494 1772 ferendis
521 1732 636 1783 erat,
666 1732 713 1772 et
745 1723 794 1771 in
821 1723 1029 1786 negotiis
1061 1741 1263 1787 quoque
1293 1724 1503 1788 publicis
1529 1727 1788 1789 frequens;
1830 1729 1964 1777 unde
1984 1736 2033 1777 et

201 1806 255 1853 18
281 1820 366 1867 per
393 1805 437 1864 S,
468 1821 568 1853 non
594 1820 680 1867 per
712 1806 758 1851 D
792 1804 1083 1854 scribendus
1114 1816 1201 1854 est.
1276 1806 1543 1868 Adparitor
1568 1807 1866 1869 nominatus,
1895 1811 2031 1873 quod
2057 1832 2108 1859 20

279 1895 513 1949 appareat
543 1895 590 1934 et
628 1885 852 1935 videatur
886 1896 933 1935 et
963 1897 1159 1949 praesto
1194 1887 1254 1935 sit
1285 1889 1350 1936 ad
1385 1888 1696 1950 obsequium.
1768 1891 2028 1952 Adtentus,

193 1983 254 2029 19
279 1977 332 2015 ut
370 1967 558 2031 aliquid
594 1968 801 2017 audiens
839 1977 1018 2017 teneat.
1092 1968 1376 2029 Adtonitus,
1420 1969 1571 2018 veluti
1608 1972 1770 2020 furore
1809 1975 2029 2035 quodam

280 2049 542 2098 instinctus
581 2059 731 2113 atque
769 2051 1072 2113 stupefactus
1093 2068 1105 2111 3
1152 2050 1313 2099 dictus
1352 2060 1519 2100 autem
1556 2053 1809 2103 adtonitus
1845 2071 1874 2103 a
1909 2055 2032 2104 toni-

280 2140 443 2180 truum
489 2132 708 2195 strepitu,
754 2132 895 2195 quasi
934 2132 1117 2181 tonitru
1159 2133 1532 2196 obstupefactus
1575 2143 1622 2183 et
1659 2135 1821 2185 vicino
1858 2137 2031 2200 fulgori

339 2268 354 2293 1
391 2269 443 2294 an
466 2256 553 2295 illat
577 2256 624 2294 Cl
739 2257 849 2306 capit
870 2255 938 2294 K:
969 2256 1085 2306 cupit
1106 2255 1147 2293 Β
1289 2257 1471 2296 declinat
1493 2257 1539 2295 K
1682 2259 1834 2298 anxius
1854 2273 1936 2298 om.
1961 2259 2032 2301 K:

280 2323 372 2349 nov.
397 2311 549 2349 lemma
569 2309 754 2350 ACTW
858 2324 882 2348 2
913 2324 937 2349 a
958 2316 1118 2349 temoto
1138 2310 1206 2350 B:
1236 2317 1451 2350 antemeto
1473 2312 1520 2350 K
1625 2325 1650 2363 3
1670 2313 1766 2353 Adf.
1793 2314 1884 2355 hab.
1912 2315 2031 2356 C1T:

278 2378 362 2405 om.
387 2364 499 2404 ΒΙΚ
615 2366 749 2417 quod]
773 2366 870 2416 quia
892 2366 927 2405 C
1071 2379 1095 2415 4
1125 2366 1199 2418 sit]
1222 2372 1286 2406 est
1314 2366 1365 2405 T1
1483 2367 1720 2408 ablactatus
1743 2368 1794 2408 Cl
1914 2370 2032 2420 Ager

281 2419 332 2459 C1
441 2432 466 2470 5
498 2420 594 2470 quia
613 2420 667 2459 sit
680 2421 721 2458 Β
831 2423 856 2459 6
886 2421 1076 2460 iracundi
1096 2419 1138 2458 Β
1248 2436 1272 2460 a
1287 2434 1435 2461 rumen
1455 2435 1506 2460 eo
1525 2422 1602 2461 dic.
1621 2423 1663 2461 A
1777 2436 1799 2473 7
1828 2424 2031 2475 Aruspex

284 2476 352 2524 (ex
369 2473 524 2527 A1->A
714 2477 739 2513 8
768 2476 880 2525 quod
904 2475 1033 2527 (alt.)]
1058 2488 1140 2525 quo
1169 2476 1206 2514 T
1328 2476 1549 2516 Astrosius
1577 2477 1614 2515 T
1807 2491 1834 2528 9
1863 2480 1972 2518 male
1999 2481 2037 2520 T

285 2543 334 2568 10
364 2529 534 2568 excedit
555 2528 596 2566 Β
618 2530 720 2580 (non
740 2530 805 2580 A>
890 2530 1111 2569 Abauctor
1134 2529 1184 2569 C1
1273 2542 1318 2568 11
1335 2532 1574 2581 ambigeum
1601 2531 1655 2572 T:
1679 2532 1933 2572 abiciunium
1953 2534 1996 2572 A
2021 2549 2030 2574 :

279 2584 492 2623 abiiec***
515 2584 556 2622 Β
576 2598 584 2622 z
615 2584 842 2634 abilegium
866 2585 922 2624 C:
953 2584 1175 2624 abiiecium
1197 2589 1244 2624 ut
1260 2585 1341 2627 vid.
1361 2585 1408 2623 K
1595 2586 1742 2626 Atram
1766 2587 1847 2627 iste
1867 2588 2029 2629 albatus

287 2637 339 2676 T²
370 2637 447 2690 (Tl
476 2652 514 2677 n.
535 2638 574 2686 l.‚
607 2637 814 2678 Atromus
827 2642 889 2691 D:
927 2640 1132 2680 Atramus
1162 2645 1204 2678 et
1232 2640 1312 2679 alb.
1343 2640 1491 2680 BC1I:
1520 2640 1678 2680 Atraus
1706 2647 1748 2681 et
1776 2642 1925 2683 abatus
1952 2643 1995 2682 A
2019 2658 2029 2683 :

280 2693 442 2732 Atruus
462 2699 504 2732 et
524 2693 602 2732 alb.
629 2692 675 2731 K
774 2707 821 2732 12
852 2695 990 2746 veste]
1013 2708 1146 2734 verne
1169 2694 1220 2734 Cl
1313 2707 1361 2744 13
1381 2695 1522 2736 Alien.
1546 2725 1556 2734 .
1580 2724 1590 2735 .
1614 2724 1624 2734 .
1648 2702 1712 2736 est
1732 2709 1816 2736 om.
1842 2697 1891 2736 C1
1973 2698 2027 2738 al.

280 2761 380 2798 gen.
405 2747 483 2787 Tl:
512 2747 677 2787 alienae
698 2749 841 2798 gentis
861 2748 900 2787 Β
920 2763 929 2788 :
959 2749 1123 2788 alienae
1145 2748 1330 2799 regionis
1346 2748 1392 2787 K
1397 2750 1435 2789 T
1441 2749 1525 2788 2ID
1544 2750 1634 2802 (sed
1648 2751 1787 2790 aliene
1805 2764 1854 2790 ex
1871 2751 2026 2802 aliege)

286 2817 335 2853 14
365 2803 465 2842 item
486 2801 639 2842 BIT2:
670 2803 753 2841 iter
776 2804 854 2843 C1:
883 2816 966 2843 om.
989 2803 1139 2843 ΑΚΤ1
1342 2817 1390 2854 15
1419 2804 1580 2844 Accola
1599 2835 1608 2844 .
1633 2833 1644 2844 .
1663 2836 1672 2845 .
1699 2806 1810 2845 colat
1829 2819 1914 2845 om.
1937 2806 2031 2845 AK

282 2859 386 2908 (non
413 2857 455 2896 U
459 2859 474 2907 )
664 2859 713 2895 16
742 2857 844 2907 Agr.
865 2888 875 2898 .
901 2887 913 2898 .
940 2889 950 2900 .
970 2859 1064 2899 silv.
1079 2863 1182 2910 post
1195 2859 1441 2908 obsequium
1465 2861 1506 2910 (§
1533 2859 1599 2909 18)
1629 2858 1668 2897 T
1787 2860 1964 2900 sivicula
1982 2862 2024 2900 A

285 2914 334 2951 18
363 2911 551 2963 assibus]
575 2911 769 2951 assiduus
796 2912 848 2950 T2
1003 2914 1055 2952 ad
1076 2913 1275 2953 aestrium
1296 2926 1392 2964 exp.
1418 2914 1460 2952 A
1483 2928 1493 2953 ε
1529 2914 1583 2952 ad
1612 2914 1764 2952 aerarii
1792 2927 2027 2965 expensam

282 2981 370 3006 recc.
516 2967 779 3017 conpendies
800 2968 918 3020 (corr.
943 2969 1044 3019 -dis)
1067 2974 1159 3007 erat
1175 2968 1217 3007 A
1405 2982 1458 3008 20
1486 2968 1754 3008 scribendum
1773 2968 1816 3007 Β
1837 2971 1942 3022 (non
1959 2970 2003 3010 A
2010 2974 2024 3023 )

280 3022 395 3071 quod
424 3034 521 3072 app.
551 3035 636 3061 om.
665 3021 707 3060 A
875 3035 923 3060 21
964 3028 1158 3073 praestus
1187 3023 1241 3062 sit
1269 3022 1311 3060 A
1497 3036 1549 3062 22
1587 3023 1727 3063 audiat
1757 3022 1804 3061 K
1829 3025 1931 3076 (non
1959 3025 2026 3076 A)

283 3089 335 3126 23
364 3078 566 3115 tonitrum
587 3083 660 3116 str.
690 3077 727 3116 T
739 3090 747 3116 ε
778 3078 966 3116 tonitruo
987 3083 1059 3117 str.
1083 3077 1125 3116 B
1283 3091 1334 3127 24
1366 3077 1522 3118 tonitru
1543 3077 1651 3117 obst.
1671 3077 1767 3117 ΑΚ
1778 3093 1788 3118 :
1817 3079 2024 3120 tronitruo

285 3133 391 3171 obst.
411 3130 452 3170 Β
471 3145 479 3170 ;
510 3131 698 3171 tonitruo
718 3132 827 3172 obst.
851 3132 908 3171 C:
937 3132 1096 3172 tonitru
1117 3132 1222 3172 abst.
1255 3132 1292 3172 T
1398 3133 1460 3185 et]
1481 3138 1553 3172 aut
1573 3130 1621 3172 K
1636 3133 1736 3185 (non
1754 3132 1818 3185 A)
