2176 3424
1055 82 1328 131 ISIDORI

315 209 605 273 supplicant.
680 211 778 259 Sed
804 212 900 258 hoc
926 210 1119 272 poetice
1147 211 1373 275 fingitur3
1411 229 1511 260 non
1539 212 1670 261 enim
1700 213 1927 262 Minerva
1958 215 2066 262 ista-

317 308 424 339 rum
465 290 641 339 artium
683 291 912 355 princeps
953 302 1039 351 est,
1083 294 1170 342 sed
1214 293 1330 356 quia
1372 293 1611 357 sapientia
1652 293 1702 342 in
1751 295 1912 359 capite
1959 311 2067 344 esse

319 371 498 421 dicitur
534 372 762 432 hominis,
792 383 839 422 et
878 373 1105 423 Minerva
1138 376 1201 423 de
1238 374 1397 438 capite
1430 375 1562 424 Iovis
1596 386 1710 425 nata
1735 376 1945 439 fingitur,
1973 378 2069 424 hoc

323 463 397 503 est
422 453 707 518 ingenium3
745 454 960 519 ideoque
993 473 1165 505 sensus
1200 456 1447 520 sapientis,
1477 459 1558 520 qui
1594 457 1780 507 invenit
1812 459 1993 518 omnia,
2021 457 2071 506 in

325 535 486 600 capite
512 545 597 585 est.
675 539 799 586 Ideo
833 547 881 587 et
919 540 1013 587 dea
1045 538 1223 587 artium
1251 538 1477 588 Minerva
1503 539 1681 589 dicitur
1706 541 1821 603 quia
1851 540 1972 588 nihil
1999 557 2073 589 ex·
2099 549 2120 588 5

327 618 582 668 cellentius
609 628 681 667 est
706 618 919 682 ingenio,
949 637 1049 683 quo
1074 629 1306 684 reguntur
1330 622 1569 670 universa.

196 700 302 740 XXI
464 703 545 748 DE
584 716 744 749 VESTE
781 717 1142 750 SACERDOTALI
1183 718 1237 749 IN
1277 718 1425 753 LEGE,
1499 704 1630 752 Octo
1655 712 1769 751 sunt
1794 705 1844 751 in
1868 705 1974 767 lege
1999 720 2074 767 ge-

326 799 442 831 nera
479 783 858 832 sacerdotalium
897 783 1318 833 vestimentorum.
1404 786 1607 834 Poderis
1647 795 1719 834 est
1759 784 2074 834 sacerdotalis

324 864 466 924 linea,
496 864 688 928 corpori
715 865 947 914 adstricta
974 876 1021 914 et
1046 883 1204 929 usque
1229 868 1290 914 ad
1318 868 1470 930 pedes
1491 868 1801 916 descendens
1822 885 1832 927 3
1868 868 2001 916 unde
2027 875 2075 914 et

271 956 301 990 2
325 956 609 1010 nuncupata
628 965 639 1007 3
677 963 825 1010 quam
852 949 999 1011 vulgo
1034 947 1285 996 camisiam
1322 958 1514 996 vocant.
1589 949 1786 997 Abanet
1823 948 2071 1012 cingulum
2100 958 2148 987 10

325 1030 628 1078 sacerdotale
666 1031 950 1090 rotundum,
980 1031 1218 1093 polymita
1253 1039 1354 1079 arte
1389 1047 1445 1078 ex
1477 1047 1642 1090 cocco,
1675 1047 1900 1094 purpura,
1930 1030 2072 1079 iacin-

324 1111 510 1172 thoque
537 1120 839 1172 contextum,
870 1113 935 1160 ita
962 1123 1014 1160 ut
1046 1114 1189 1161 flores
1219 1123 1368 1175 atque
1402 1129 1627 1176 gemmae
1653 1112 1702 1160 in
1729 1129 1788 1162 eo
1814 1130 1920 1161 esse
1945 1112 2074 1161 vide--

271 1201 300 1248 3
325 1203 491 1241 rentur
512 1193 786 1243 distinctae.
852 1196 1062 1244 Pilleum
1081 1205 1154 1244 est
1176 1214 1232 1244 ex
1251 1196 1397 1259 bysso
1418 1197 1687 1245 rotundum
1709 1195 1847 1258 quasi
1869 1197 2075 1259 sphaera

325 1274 503 1335 media,
526 1286 673 1339 caput
694 1286 863 1340 tegens
885 1279 1186 1326 sacerdotale
1207 1287 1254 1326 et
1275 1277 1325 1325 in
1347 1277 1578 1341 occipitio
1598 1277 1715 1326 vitta
1737 1277 2071 1326 constrictum.

268 1366 300 1412 4
328 1358 444 1405 Hoc
473 1359 647 1406 Graeci
675 1367 722 1407 et
748 1360 899 1407 nostri
927 1361 1097 1408 tiaram
1125 1362 1199 1409 vel
1225 1362 1441 1422 galerum
1469 1370 1661 1408 vocant.
1735 1359 1907 1419 Mahil‚
1938 1360 2073 1422 quod
2099 1371 2144 1413 15

327 1448 398 1486 est
425 1439 590 1487 tunica
617 1439 791 1500 talaris,
821 1450 922 1489 tota
953 1440 1234 1501 iacinthina‚
1263 1442 1452 1490 habens
1481 1443 1544 1490 ad
1579 1443 1731 1505 pedes
1766 1440 2075 1504 septuaginta

327 1522 428 1569 duo
454 1521 787 1570 tintinnabula
811 1522 1121 1586 totidemque
1147 1523 1426 1571 intermixta
1450 1540 1507 1572 ac
1538 1522 1873 1587 dependentia
1896 1522 2077 1586 punica

273 1612 303 1660 5
327 1604 467 1650 mala.
545 1604 740 1666 Ephod,
778 1606 914 1667 quod
951 1604 1296 1669 interpretatur
1335 1605 1509 1654 Latine
1547 1605 2043 1669 superindumentum
2063 1623 2076 1665 3

325 1693 426 1733 erat
452 1684 585 1733 enim
610 1685 814 1749 pallium
842 1688 1242 1749 superhumerale
1269 1704 1327 1736 ex
1353 1697 1584 1750 quattuor
1610 1686 1858 1736 coloribus
1883 1696 1931 1736 et
1956 1703 2075 1734 auro

326 1777 626 1827 contextum,
671 1768 860 1817 habens
903 1768 953 1816 in
994 1779 1203 1831 utroque
1237 1771 1444 1818 humero
1492 1768 1681 1832 lapides
1725 1771 1850 1818 duos
1899 1785 2075 1817 smara-
2103 1777 2152 1807 20

325 1847 503 1911 gdinos
545 1867 665 1897 auro
710 1852 988 1909 conclusos,
1029 1852 1078 1898 in
1122 1850 1304 1913 quibus
1345 1852 1535 1913 sculpta
1575 1861 1711 1899 erant
1754 1849 1959 1899 nomina
1997 1866 2076 1912 pa-

269 1930 303 1976 6
330 1931 661 1980 triarcharum.
738 1932 963 1995 Logium,
1002 1934 1138 1995 quod
1178 1932 1351 1981 Latine
1387 1931 1565 1981 dicitur
1601 1931 1850 1992 rationale,
1883 1948 2077 1995 pannus

329 2014 525 2075 duplex,
554 2030 673 2062 auro
711 2024 758 2062 et
796 2024 1028 2077 quattuor
1063 2023 1227 2063 textus
1265 2013 1527 2073 coloribus,
1561 2014 1750 2062 habens
1787 2013 2078 2076 magnitudi-

328 2112 443 2143 nem
487 2095 638 2158 palmi
678 2112 763 2158 per
800 2098 1058 2158 quadrum,
1099 2095 1178 2144 cui
1215 2095 1385 2144 intexti
1423 2104 1560 2149 erant
1597 2095 1862 2144 duodecim
1905 2094 2079 2159 pretio-

330 2177 507 2225 sissimi
556 2177 759 2240 lapides.
857 2178 959 2226 Hic
1007 2195 1201 2241 pannus
1250 2179 1639 2241 superhumerali
1687 2187 1859 2225 contra
1906 2186 2078 2240 pectus
2105 2187 2152 2228 25

277 2269 304 2318 7
330 2259 577 2321 pontificis
625 2260 1000 2309 adnectebatur.
1086 2262 1311 2309 Petalum
1363 2276 1510 2308 aurea
1547 2259 1783 2308 lammina
1826 2259 1877 2306 in
1918 2261 2078 2307 fronte

330 2341 590 2404 pontificis,
621 2359 747 2404 quae
783 2359 969 2391 nomen
1007 2342 1104 2391 Dei
1141 2351 1574 2405 tetragrammaton
1614 2340 1876 2390 Hebraicis
1908 2340 2078 2390 litteris

278 2423 308 2469 8
331 2423 548 2473 habebat
585 2425 836 2488 scriptum.
900 2424 1045 2473 Batin
1083 2423 1183 2473 sive
1219 2423 1481 2484 feminalia,
1510 2423 1561 2473 id
1598 2433 1672 2472 est
1707 2424 1884 2472 bracae
1920 2424 2079 2472 lineae

391 2566 407 2590 1
442 2554 660 2603 finguntur
678 2554 718 2592 B
842 2557 850 2565 “
900 2568 925 2604 3
955 2555 1026 2607 de]
1051 2556 1130 2594 dea
1157 2555 1193 2593 T
1369 2568 1392 2603 4
1424 2560 1488 2593 est
1509 2566 1591 2593 om.
1617 2554 1651 2593 C
1799 2553 2015 2603 ingenium
2037 2555 2081 2592 K

334 2621 355 2658 7
387 2609 428 2647 in
450 2609 651 2658 legenera
679 2609 731 2647 Tl
924 2622 973 2648 10
1004 2611 1200 2648 camisam
1232 2608 1269 2647 T
1425 2608 1550 2659 Apan
1572 2615 1636 2648 est
1655 2608 1763 2658 cing.
1788 2607 1878 2646 KN
1895 2609 1994 2658 (non
2020 2608 2080 2658 U)

337 2676 381 2702 11
414 2663 667 2702 sacerdotali
690 2664 736 2702 K
928 2665 1131 2714 polemita
1151 2665 1225 2703 K:
1255 2663 1456 2714 polimata
1494 2662 1531 2700 T
1715 2663 1953 2712 iacintoque
1975 2661 2078 2701 CK:

331 2717 597 2768 iacinctoque
616 2718 683 2756 B:
714 2719 994 2768 iacintumque
1021 2719 1060 2758 T
1290 2729 1336 2766 15
1365 2718 1517 2756 tiarum
1541 2717 1590 2756 C¹
1792 2717 1992 2766 galeriam
2021 2719 2078 2756 T:

332 2773 531 2821 galariam
558 2772 599 2810 U
611 2787 620 2810 ε
648 2773 811 2822 galeam
834 2772 923 2810 ΒΚ
1086 2773 1239 2813 Machil
1261 2772 1383 2811 BCK
1400 2772 1477 2823 <T1
1498 2786 1537 2811 n.
1558 2772 1603 2825 l.)
1802 2773 1850 2810 16
1879 2772 2079 2811 iacintina

336 2828 439 2866 CK:
467 2827 705 2877 iaquintina
733 2826 792 2866 T:
822 2828 1032 2867 iacentina
1051 2827 1106 2867 Β1
1235 2841 1282 2876 17
1315 2840 1394 2866 ma.
1418 2840 1485 2877 pu.
1512 2826 1554 2864 B
1682 2828 1730 2864 18
1761 2826 1902 2876 Ephot
1921 2826 2078 2866 BKT:

333 2881 506 2932 Ephoth
529 2882 565 2921 C
731 2882 802 2922 int.
825 2883 867 2921 in
890 2883 982 2922 Lat.
1013 2882 1050 2921 T
1253 2895 1305 2921 22
1335 2881 1539 2930 Logicum
1559 2880 1600 2918 Β
1620 2882 1723 2930 (non
1749 2879 1806 2931 U)
1979 2894 2079 2931 pan-

333 2949 431 2975 num
454 2937 500 2975 K
613 2950 666 2986 23
696 2943 922 2976 contextus
943 2937 984 2975 B
1102 2951 1152 2986 24
1183 2937 1357 2987 pretiosi
1383 2935 1418 2974 C
1538 2947 1589 2985 25
1618 2935 1934 2984 superumerale
1961 2935 2012 2974 Tl
2033 2940 2080 2974 ut

334 2991 432 3030 vica:
463 2992 770 3041 superhumera
785 2993 851 3033 K:
882 2993 1229 3043 suprahumerale
1250 2991 1290 3030 Β
1311 3005 1319 3030 :
1349 3003 1478 3041 supra
1497 2990 1704 3029 humerali
1728 2990 1762 3028 C
1860 2990 1912 3028 28
1941 2990 2076 3030 Badin

336 3045 371 3084 C
400 3048 501 3097 (non
527 3045 581 3097 U)
