2176 3424
503 125 1134 174 ETYMOLOGIARVM
1174 127 1303 173 LIB.
1345 127 1499 177 VIII.
1535 125 1581 173 xi

175 258 378 318 fingunt,
398 264 684 315 monstrum,
703 272 804 304 non
825 257 975 305 deum
995 254 1192 304 faciunt.
1244 257 1535 318 Neptunum
1560 273 1712 319 aquas
1737 254 1913 307 mundi
1935 260 2000 318 38

174 336 488 400 praedicant3
541 346 589 385 et
631 337 790 386 dictus
833 337 895 386 ab
939 336 1007 385 eis
1057 338 1335 400 Neptunus,
1364 337 1503 400 quasi
1541 337 1676 386 nube
1718 347 1911 387 tonans.

173 420 452 481 Vulcanum
478 420 650 466 volunt
674 417 866 481 ignem;
905 427 953 467 et
978 417 1138 467 dictus
1164 420 1417 467 Vulcanus
1443 419 1583 482 quasi
1606 421 1777 468 volans
1802 436 1913 467 can-
1936 431 2006 479 39

174 502 277 560 dor,
304 502 379 549 vel
412 500 552 563 quasi
577 500 844 560 volicanus,
873 502 1008 563 quod
1042 517 1128 563 per
1160 517 1323 549 aerem
1348 502 1491 550 volat.
1566 500 1701 564 Ignis
1727 500 1859 550 enim
1887 519 1914 549 e

127 596 149 636 5
174 582 388 630 nubibus
425 582 652 632 nascitur.
728 584 875 632 Vnde
910 581 1057 630 etiam
1094 585 1347 631 Homerus
1382 582 1502 632 dicit
1534 600 1647 632 eum
1682 581 1915 646 praecipi·
1937 596 2007 644 40

173 673 328 712 tatum
356 666 417 713 de
442 681 552 713 aere
578 664 628 712 in
653 674 816 724 terras,
845 666 979 727 quod
1006 681 1154 713 omne
1188 665 1375 713 fulmen
1400 666 1463 713 de
1488 681 1599 713 aere
1626 663 1771 713 cadit.
1836 665 1914 713 Id-

173 744 303 794 circo
328 755 492 795 autem
519 747 771 795 Vulcanus
805 747 867 795 de
900 748 1085 794 femore
1121 746 1328 794 Iunonis
1363 746 1559 809 fingitur
1591 755 1749 806 natus,
1778 747 1914 808 quod

174 827 379 876 fulmina
404 829 466 877 de
492 828 591 876 imo
617 845 726 876 aere
752 838 1028 876 nascantur.
1102 829 1322 878 Claudus
1347 838 1514 877 autem
1541 828 1719 877 dicitur
1737 829 1913 876 Vulca-
1936 843 1993 891 41

174 926 279 968 nus,
307 909 421 972 quia
453 926 537 972 per
570 919 794 957 naturam
827 927 1100 973 numquam
1135 920 1294 959 rectus
1331 908 1444 976 [est]
1480 910 1618 973 ignis,
1655 912 1742 959 sed
1777 909 1915 973 quasi

104 1014 151 1043 10
173 993 375 1040 claudus
410 990 652 1040 eiusmodi
686 991 901 1055 speciem
939 1002 1230 1055 motumque
1267 993 1430 1041 habet.
1505 994 1629 1041 Ideo
1665 1002 1831 1041 autem
1866 992 1916 1040 in

173 1074 419 1121 fabrorum
467 1075 664 1122 fornace
711 1076 926 1124 eundem
963 1076 1244 1123 Vulcanum
1293 1085 1545 1124 auctorem
1587 1074 1773 1134 dicunt,
1803 1074 1917 1137 quia

171 1154 275 1203 sine
300 1154 411 1218 igne
436 1157 625 1204 nullum
652 1158 835 1205 metalli
854 1174 1007 1220 genus
1028 1156 1168 1205 fundi
1188 1157 1485 1220 extendique
1501 1166 1676 1220 potest.
1734 1158 1916 1206 Pluton
1938 1172 2004 1220 42

172 1237 373 1296 Graece,
408 1237 582 1286 Latine
627 1237 874 1301 Diespiter
905 1241 981 1287 vel
1023 1238 1151 1287 Ditis
1200 1248 1366 1302 pater3
1416 1255 1564 1301 quem
1604 1238 1683 1286 alii
1728 1240 1914 1288 Orcum

172 1328 363 1378 vocant,
392 1319 529 1382 quasi
557 1329 860 1383 receptorem
888 1320 1134 1369 mortium.
1208 1322 1356 1369 Vnde
1383 1330 1430 1368 et
1457 1337 1570 1368 orca
1604 1330 1916 1384 nuncupatur

31 1412 36 1429 “
104 1423 147 1464 15
174 1417 256 1449 vas
296 1402 431 1463 quod
460 1401 631 1464 recipit
655 1419 826 1464 aquas.
901 1404 1015 1465 Ipse
1042 1413 1089 1451 et
1124 1405 1311 1452 Graece
1337 1402 1552 1452 Charon.
1629 1402 1862 1451 Liberum
1888 1420 1917 1450 a
1939 1417 2004 1465 43

174 1482 498 1532 liberamento
523 1486 825 1547 appellatum
851 1487 1037 1545 volunt,
1067 1487 1202 1548 quod
1236 1484 1375 1547 quasi
1410 1502 1567 1533 mares
1602 1486 1652 1532 in
1686 1487 1916 1535 coeundo

175 1581 260 1626 per
285 1564 388 1614 eius
418 1566 717 1614 beneficium
751 1566 940 1616 emissis
975 1566 1246 1615 seminibus
1279 1567 1546 1615 liberentur
1562 1586 1575 1627 3
1613 1569 1749 1630 quod
1782 1570 1915 1617 idem

178 1643 323 1693 Liber
348 1647 573 1696 muliebri
599 1658 646 1696 et
672 1648 884 1698 delicato
910 1666 1114 1712 corpore
1138 1648 1365 1712 pingitur.
1439 1648 1626 1697 Dicunt
1657 1651 1789 1698 enim
1815 1668 1917 1698 mu—

176 1725 314 1776 lieres
357 1728 399 1777 ei
441 1729 713 1778 adtributas
757 1740 804 1778 et
839 1729 1009 1778 vinum
1052 1740 1249 1794 propter
1292 1730 1601 1780 excitandam
1643 1730 1916 1780 libidinem.

102 1833 152 1862 20
175 1810 322 1858 Vnde
342 1821 390 1859 et
415 1813 548 1860 frons
569 1813 671 1859 eius
698 1814 934 1875 pampino
960 1813 1182 1876 cingitur.
1222 1815 1319 1862 Sed
1346 1813 1459 1862 ideo
1485 1830 1720 1861 coronam
1737 1812 1917 1863 viteam
1938 1829 2006 1877 44

175 1899 222 1938 et
270 1909 421 1940 cornu
464 1892 625 1952 habet,
655 1893 769 1956 quia
816 1911 929 1942 cum
972 1905 1106 1958 grate
1149 1905 1196 1943 et
1233 1897 1486 1944 moderate
1512 1894 1678 1943 vinum
1717 1894 1915 1956 bibitur,

175 1972 408 2021 laetitiam
436 1985 647 2037 praestat
666 1993 678 2035 3
713 1993 826 2023 cum
853 1979 977 2024 ultra
1003 1979 1223 2037 modurn,
1253 1977 1429 2026 excitat
1454 1976 1576 2037 lites,
1605 1977 1654 2026 id
1681 1986 1753 2026 est
1779 1978 1918 2041 quasi

175 2070 360 2102 cornua
384 2057 481 2103 dat.
557 2058 700 2104 Idem
725 2067 891 2106 autem
918 2068 965 2106 et
993 2060 1183 2120 Lyaeus
1210 2060 1300 2107 ἀπὸ
1325 2063 1406 2107 τοῦ
1430 2061 1571 2117 λύειν,
1597 2061 1732 2122 quod
1760 2062 1916 2109 multo

176 2135 290 2184 vino
341 2138 563 2185 membra
611 2140 871 2187 solvantur.
946 2141 1046 2188 Iste
1085 2149 1132 2188 et
1183 2142 1370 2190 Graece
1409 2142 1638 2192 Διόνυσος
1678 2160 1707 2189 a
1747 2153 1916 2191 monte

104 2240 150 2279 25
178 2217 351 2266 Indiae
376 2221 524 2281 Nysa,
552 2218 637 2267 ubi
666 2220 843 2268 dicitur
881 2237 987 2269 esse
1026 2221 1247 2271 nutritus.
1322 2225 1554 2273 Ceterum
1590 2233 1661 2273 est
1695 2234 1742 2273 et
1782 2226 1917 2287 Nysa

175 2298 357 2359 civitas,
400 2299 450 2348 in
486 2317 582 2363 qua
618 2301 792 2350 colitur
829 2302 960 2351 idem
1000 2303 1159 2363 Liber,
1197 2306 1330 2354 unde
1367 2307 1592 2368 Nysaeus
1629 2307 1789 2355 dictus
1827 2316 1913 2356 est.

232 2443 255 2469 2
285 2445 352 2481 qu.
376 2432 610 2472 subtonans
630 2433 676 2470 K
797 2448 822 2482 4
852 2447 920 2484 qu.
946 2435 1175 2475 volucanus
1199 2437 1244 2475 C¹
1390 2438 1504 2476 volet
1528 2436 1606 2476 CK
1739 2451 1764 2488 5
1794 2451 1914 2488 prae-

176 2486 342 2525 citatam
367 2488 414 2526 Cl
435 2500 442 2524 :
475 2487 762 2538 praecipatum
784 2488 830 2526 K
1009 2493 1035 2528 6
1062 2503 1134 2529 are
1162 2491 1213 2529 T1
1369 2492 1492 2530 terris
1512 2492 1552 2530 Β
1703 2493 1855 2531 flamen
1886 2494 1923 2531 T

175 2553 247 2579 are
277 2541 328 2580 Τ1
474 2543 618 2582 candit
642 2543 692 2582 Cl
857 2546 882 2582 8
912 2544 1086 2584 flumina
1112 2545 1149 2584 T
1306 2553 1538 2585 nascuntur
1556 2547 1640 2586 BT
1773 2554 1914 2586 autem

176 2609 261 2636 om.
281 2596 318 2635 T
459 2610 485 2645 9
507 2603 573 2636 est
593 2597 685 2637 hab.
709 2597 813 2638 BK:
835 2612 916 2639 om.
942 2599 1039 2638 C1T
1183 2613 1230 2639 10
1251 2601 1395 2648 specie
1416 2608 1645 2651 notumque
1674 2602 1725 2641 T:
1749 2604 1915 2652 species

176 2650 244 2688 vel
266 2656 404 2690 motus
424 2651 469 2689 K
488 2652 589 2702 (uon
610 2652 674 2704 A)
859 2666 902 2691 11
935 2654 1117 2693 eundern
1139 2668 1221 2696 om.
1245 2654 1290 2693 K
1308 2655 1410 2706 (non
1431 2657 1495 2707 A)
1643 2670 1846 2706 augurem
1869 2657 1910 2694 A

182 2716 229 2753 13
260 2705 335 2743 Dis
356 2711 479 2755 pater
498 2706 583 2745 edd.
606 2705 816 2745 Lactantii
831 2709 923 2748 inst.
951 2722 983 2759 1,
1013 2722 1073 2759 14,
1098 2712 1124 2747 6
1354 2711 1406 2750 al.
1433 2710 1559 2760 Orc]
1581 2712 1731 2750 melior
1749 2712 1794 2749 K
1811 2712 1915 2761 <non

175 2759 239 2809 A)
411 2773 457 2810 14
478 2767 631 2799 vocant
651 2774 734 2801 om.
757 2761 816 2799 K1
839 2762 940 2814 (non
959 2763 1022 2815 A)
1189 2771 1486 2814 preceptorem
1517 2766 1554 2804 T
1569 2767 1670 2817 (non
1697 2766 1758 2817 U)
1782 2780 1790 2803 :
1821 2779 1914 2816 rep-

177 2818 310 2853 torem
331 2814 372 2851 A
504 2815 624 2867 orca]
645 2828 743 2854 ossa
762 2816 807 2854 K
972 2830 1020 2867 15
1051 2819 1210 2868 recepit
1233 2818 1324 2858 CK1
1488 2835 1513 2859 a
1532 2821 1600 2860 lib.
1627 2821 1773 2859 dicunt
1794 2821 1911 2869 quasi

178 2866 223 2904 K
239 2869 342 2920 <non
363 2868 427 2920 A)
561 2872 611 2908 16
639 2870 681 2908 in
703 2883 788 2920 quo
809 2873 948 2911 eunde
971 2873 1022 2911 C1
1188 2886 1234 2922 17
1263 2887 1365 2914 sem.
1391 2875 1576 2914 libenter
1604 2875 1641 2912 T
1742 2874 1799 2914 id.
1822 2875 1914 2914 libri

178 2921 217 2959 Β
329 2937 378 2974 19
406 2924 618 2963 adtributa
640 2926 716 2964 sed
737 2925 880 2965 vinum
901 2927 1027 2967 excit.
1057 2927 1106 2966 C¹
1232 2941 1280 2966 21
1314 2943 1383 2978 qu.
1407 2935 1612 2980 congrate
1634 2927 1679 2966 K
1787 2942 1840 2967 22
1870 2931 1910 2968 id

179 2989 246 3025 qu.
263 2977 308 3015 K
415 2991 466 3028 23
487 2992 560 3017 cor
579 2980 749 3019 invadat
767 2980 866 3018 C1K
944 2980 1077 3033 λύειν]
1095 2982 1221 3021 ilieim
1246 2984 1371 3035 (-ein)
1394 2984 1507 3023 codd.
1621 2997 1671 3032 24
1692 2984 1914 3023 solvuntur

178 3030 223 3123 K
240 3033 490 3138 (noi-iSArlisa
508 3033 557 3072 Cl
576 3048 585 3073 ἶ
605 3035 723 3074 nisae
745 3034 851 3087 (·Se)
870 3035 916 3074 K
922 3034 959 3074 T
975 3051 982 3075 :
1004 3036 1096 3075 niso
1117 3037 1158 3075 B
1237 3043 1318 3078 cet.
1343 3044 1409 3078 est
1429 3039 1522 3078 nisa
1542 3036 1582 3077 Β
1691 3039 1744 3078 26
1764 3038 1914 3078 dicitur

242 3116 257 3135 x
