2228 3444
431 164 1064 214 ETYMOLOGIARVM
1104 165 1234 212 LIB.
1272 167 1372 212 ΙΙΙ.
1410 164 1503 226 xxi,
1528 164 1624 212 xxii

144 295 206 340 de
232 310 393 341 causa.
468 294 596 341 Nam
622 300 794 355 pectus
823 292 1005 341 Dorica
1030 293 1195 357 lingua
1221 294 1386 358 κιθάρα
1411 296 1587 343 vocari.
1651 293 1893 342 Paulatim
1918 306 1948 351 3

142 383 307 422 autem
333 375 494 437 plures
521 373 624 422 eius
650 375 839 436 species
860 374 1135 435 extiterunt,
1156 385 1208 424 ut
1233 375 1474 440 psalteria,
1494 378 1636 439 lyrae,
1657 376 1892 435 barbitae,

142 454 410 518 phoenices
447 464 494 504 et
527 454 762 518 pectideS,
791 464 838 503 et
872 472 998 518 quae
1032 456 1262 506 dicuntur
1289 457 1505 516 Indicae,
1534 467 1582 505 et
1607 456 1843 506 feriuntur
1867 475 1897 505 a

142 536 338 585 duobus
364 539 522 585 simul.
598 539 726 585 Item
763 536 886 586 aliae
923 547 1072 600 atque
1107 540 1246 600 aliae,
1274 549 1323 588 et
1361 541 1599 602 quadrata
1635 541 1792 587 forma
1817 540 1894 587 vel

96 642 118 682 5
142 617 381 680 trigonali.
455 618 766 668 Chordarum
793 618 941 667 etiam
967 637 1200 669 numerus
1226 620 1592 683 multiplicatus,
1621 628 1669 668 et
1693 636 1895 667 conmu-
1916 638 1949 684 4

142 708 298 747 tatum
333 717 502 762 genus.
575 701 780 748 Veteres
816 709 981 748 autem
1019 702 1257 749 citharam
1296 701 1544 750 fidiculam
1581 702 1658 750 vel
1695 700 1893 749 fidicem

141 780 533 841 nominaverunt,
563 780 677 843 quia
703 790 803 829 tam
833 784 1104 831 concinunt
1129 783 1254 831 inter
1280 800 1331 831 se
1356 785 1572 831 chordae
1598 783 1715 842 eius,
1744 800 1894 844 quam

142 862 270 910 bene
312 863 572 911 conveniat
613 862 739 911 inter
780 880 905 925 quos
947 865 1070 913 fides
1108 864 1182 913 sit.
1256 864 1476 927 Antiqua
1508 874 1674 913 autem
1711 863 1897 912 cithara

143 943 532 1006 septemchordis
567 953 682 992 erat.
754 946 902 993 Vnde
937 954 984 994 et
1010 946 1253 1009 Vergilius
1289 946 1436 1010 (Aen.
1461 949 1503 1006 6,
1526 944 1675 1010 646):

71 1048 122 1076 10
638 1028 838 1088 Septem
877 1026 1164 1075 discrimina
1200 1045 1394 1076 vocum.

145 1105 442 1154 Discrimina
501 1115 667 1155 autem
730 1108 856 1167 ideo,
908 1110 1044 1170 quod
1092 1111 1227 1157 nulla
1288 1110 1474 1158 chorda
1522 1108 1712 1156 vicinae
1761 1110 1894 1156 chor-
1921 1123 1951 1169 5

142 1190 234 1236 dae
283 1187 492 1236 similem
542 1204 721 1236 sonum
770 1190 958 1238 reddat.
1040 1192 1139 1239 Sed
1179 1190 1292 1239 ideo
1333 1200 1523 1253 septem
1563 1191 1791 1249 chordae,
1821 1192 1897 1238 vel

142 1269 257 1332 quia
299 1279 453 1317 totam
495 1287 670 1319 vocem
720 1270 942 1334 implent,
984 1274 1059 1321 vel
1096 1273 1212 1335 quia
1255 1281 1445 1336 septem
1488 1272 1707 1320 motibus
1756 1280 1898 1319 sonat

142 1353 349 1400 caelum.
421 1351 647 1401 Chordas
680 1362 845 1401 autern
880 1353 1036 1401 dictas
1066 1371 1095 1402 a
1129 1356 1291 1415 corde,
1315 1353 1430 1417 quia
1463 1353 1588 1402 sicut
1621 1356 1790 1417 pulsus
1826 1361 1898 1402 est
1923 1354 1957 1399 6

73 1462 118 1501 15
143 1432 303 1481 cordis
340 1432 390 1480 in
423 1443 635 1495 pectore,
665 1433 731 1482 ita
765 1436 934 1497 pulsus
969 1437 1186 1484 chordae
1217 1436 1268 1483 in
1302 1437 1500 1484 cithara.
1564 1438 1673 1483 Has
1713 1435 1899 1498 primus

144 1513 418 1562 Mercurius
445 1514 750 1577 excogitavit,
780 1515 1015 1579 idemque
1044 1518 1176 1580 prior
1202 1519 1252 1564 in
1286 1534 1462 1566 nervos
1489 1533 1667 1564 sonum
1695 1515 1896 1564 strinxit.

144 1595 447 1656 Psalterium‚
476 1598 613 1658 quod
638 1599 784 1660 vulgo
818 1598 1066 1646 canticum
1102 1598 1295 1659 dicitur,
1323 1616 1351 1647 a
1385 1599 1644 1661 psallendo
1679 1597 1900 1646 nomina·
1921 1612 1950 1660 7

143 1687 262 1735 tum,
292 1680 427 1740 quod
452 1680 516 1727 ad
542 1678 645 1727 eius
671 1695 845 1728 vocem
871 1681 1050 1729 chorus
1077 1682 1405 1729 consonando
1432 1681 1742 1743 respondeat.
1811 1682 1900 1728 Est

143 1769 308 1807 autem
340 1759 609 1808 similitudo
635 1761 850 1810 citharae
876 1761 1161 1811 barbaricae
1193 1761 1242 1810 in
1274 1764 1481 1811 modum
1509 1767 1550 1809 Δ
1576 1763 1744 1810 literae
1762 1779 1775 1821 ,·
1812 1763 1899 1810 sed

74 1869 125 1898 20
147 1840 360 1904 psalterii
386 1850 434 1889 et
459 1841 673 1891 citharae
699 1845 820 1892 haec
841 1843 1115 1892 differentia
1141 1853 1227 1904 est,
1248 1846 1383 1907 quod
1409 1843 1693 1907 psalterium
1714 1842 1896 1905 lignum

145 1922 266 1972 illud
291 1940 579 1983 concavum,
599 1926 732 1974 unde
752 1942 902 1974 sonus
923 1925 1156 1985 redditur,
1177 1925 1399 1989 superius
1419 1925 1570 1974 habet
1596 1934 1642 1973 et
1667 1925 1898 1973 deorsum

145 2004 380 2053 feriuntur
405 2006 634 2065 chordae,
664 2015 712 2055 et
737 2009 949 2070 desuper
983 2017 1173 2056 sonant.
1250 2007 1453 2057 Cithara
1480 2023 1592 2055 vero
1626 2005 1901 2054 concavita—

144 2097 243 2136 tem
270 2086 387 2150 ligni
412 2086 610 2135 inferius
637 2089 799 2137 habet.
875 2088 1166 2137 Psalterium
1191 2098 1358 2137 autem
1386 2086 1606 2136 Hebraei
1637 2089 1901 2136 decachor-

146 2170 247 2216 don
286 2168 360 2216 usi
403 2178 516 2216 sunt
559 2178 756 2233 propter
797 2187 1059 2218 numerum
1100 2169 1340 2233 Decalogi
1389 2170 1523 2232 legis.
1599 2171 1724 2231 Lyra
1767 2168 1953 2217 dicta8

76 2276 125 2316 25
147 2252 238 2299 ἀπὸ
272 2254 354 2299 τοῦ
389 2254 561 2313 ληρεῖν,
587 2250 638 2299 id
675 2260 748 2300 est
783 2269 812 2299 a
836 2251 1067 2300 varietate
1092 2269 1286 2312 vocum,
1323 2253 1459 2314 quod
1497 2250 1715 2299 diversos
1750 2267 1898 2299 sonos

147 2330 336 2380 efficiat.
388 2334 565 2394 Lyram
593 2331 803 2394 primurn
828 2350 857 2381 a
883 2332 1133 2381 Mercurio
1158 2332 1410 2381 inventam
1430 2331 1578 2380 fuisse
1598 2331 1783 2391 dicunt,
1803 2333 1899 2379 hoc

147 2414 313 2461 modo.
378 2413 516 2475 ¹Cum
542 2413 822 2476 regrediens
850 2414 992 2463 Nilus
1023 2414 1075 2460 in
1108 2431 1222 2463 suos
1258 2423 1447 2462 meatus
1473 2413 1604 2462 varia
1628 2413 1678 2462 in
1712 2413 1898 2476 campis

147 2493 421 2556 reliquisset
445 2493 689 2554 animalia,
712 2495 880 2544 relicta
905 2494 1051 2543 etiam
1080 2496 1277 2544 testudo
1303 2504 1390 2543 est.
1446 2496 1588 2555 Quae
1608 2511 1722 2542 cum
1742 2503 1901 2556 putre-

147 2577 275 2624 facta
300 2585 440 2636 esset,
470 2585 518 2624 et
542 2575 676 2625 nervi
703 2576 806 2625 eius
832 2576 1182 2625 remansissent
1208 2578 1390 2624 extenti
1416 2575 1542 2624 intra
1567 2574 1769 2635 corium,
1798 2592 1901 2638 per-

207 2719 225 2745 1
258 2705 310 2744 de
331 2707 475 2759 causa]
498 2708 627 2746 decus
648 2705 733 2745 ΚΒ
752 2720 800 2745 ex
818 2720 917 2745 corr.
1097 2704 1257 2759 κιθάρα]
1281 2705 1454 2744 citaram
1478 2705 1544 2744 B:
1575 2704 1775 2743 citharam
1802 2702 1898 2741 CT:

149 2761 326 2811 cythara
338 2760 384 2799 K
483 2774 507 2812 5
531 2761 835 2811 simultiplicati
850 2767 949 2799 sunt
965 2767 1007 2800 et
1023 2773 1084 2800 co.
1101 2759 1164 2799 B:
1185 2760 1485 2810 multiplicatus
1505 2765 1571 2799 est
1587 2772 1672 2797 non
1692 2764 1897 2796 mutatum

148 2815 196 2854 K
301 2817 328 2854 6
348 2821 489 2855 autem
504 2829 586 2856 om.
609 2815 646 2854 T
750 2817 775 2853 8
797 2816 880 2854 fide
897 2815 952 2854 ΒῙ
1066 2814 1143 2865 sit]
1158 2815 1269 2853 desit
1289 2814 1374 2852 Tin
1389 2827 1471 2853 ras.
1584 2819 1686 2863 aput
1701 2812 1899 2861 antiquos

150 2870 250 2909 cith.
265 2869 494 2922 K(nonA)
593 2884 608 2908 1
620 2884 636 2908 1
663 2870 903 2908 DiScrimen
915 2869 961 2907 K
1056 2882 1103 2907 12
1123 2868 1250 2908 simili
1262 2882 1370 2907 sonu
1382 2869 1428 2906 K
1511 2868 1582 2908 vel
1594 2865 1752 2918 (prius)
1765 2879 1845 2904 om.
1866 2866 1904 2904 T

155 2938 200 2974 13
223 2926 336 2974 quod
349 2931 481 2964 totam
494 2938 600 2964 voce
613 2925 864 2974 impleturK
955 2924 1093 2963 modis
1105 2923 1145 2961 Β
1260 2924 1310 2960 16
1329 2924 1371 2961 in
1387 2922 1529 2962 nervis
1543 2935 1605 2962 so,
1616 2921 1847 2960 extrincxit
1857 2919 1902 2957 K

156 2992 202 3028 17
224 2980 337 3028 quod
358 2992 438 3018 om.
455 2979 540 3018 KA
658 2981 706 3018 18
732 2980 1049 3018 consonandum
1074 2978 1110 3016 T
1215 2991 1263 3016 21
1288 2978 1405 3015 illum
1422 2977 1574 3016 Κακία
1592 2989 1692 3015 corr.
1715 2973 1848 3026 T(T2
1862 2975 1898 3024 2)

151 3046 210 3082 23.
232 3034 393 3085 autem]
413 3047 516 3073 vero
537 3033 584 3072 K
603 3034 706 3086 (non
728 3033 788 3083 A)
929 3047 980 3082 24
1012 3033 1263 3082 decalogum
1285 3031 1407 3072 BCK
1533 3042 1583 3080 25
1614 3029 1774 3080 ληρεῖν]
1797 3029 1896 3067 lirin

151 3086 261 3127 codd.
288 3088 352 3139 (cf
372 3086 489 3128 V111.
512 3100 587 3129 vn.
611 3090 655 3140 4)
783 3088 836 3126 28
866 3088 993 3140 quae]
1016 3088 1086 3137 qui
1106 3087 1152 3125 K
1279 3099 1332 3136 29
1362 3085 1547 3136 extenti]
1569 3084 1732 3123 extedit
1759 3083 1797 3122 T

224 3155 326 3195 1182
686 3151 689 3161 ’“
1010 3170 1040 3205 L
1847 3159 1853 3165 .
