2228 3444
373 178 1008 227 ETYMOLOGIARVM
1047 178 1176 226 LIB.
1219 179 1258 225 I.
1288 177 1621 226 xxxvii-xxxix

125 302 499 352 similitudinem
516 302 715 350 faciens.
790 299 1084 364 Paradigma
1104 317 1219 350 vero
1245 313 1319 351 est
1345 303 1626 364 exemplum
1653 301 1772 351 dicti
1798 305 1873 353 vel
1897 312 1962 358 34

122 384 239 434 facti
271 383 475 434 alicuius
508 392 593 432 aut
623 399 682 432 ex
715 382 860 432 simili
885 391 970 430 aut
1004 399 1063 432 ex
1099 382 1323 433 dissimili
1355 400 1535 447 genere
1572 384 1873 434 conveniens

124 467 245 528 eius,
284 483 434 530 quarn
473 467 810 530 proponimus,
856 464 937 525 rei,
982 464 1048 514 ita
1069 486 1076 514 :
1137 470 1148 490 ‘
1164 469 1291 515 Tam
1334 465 1522 515 fortiter
1562 465 1704 529 periit
1741 470 1874 530 apud

125 551 420 613 Hipponem
441 548 607 612 Scipio
633 565 783 612 quam
810 548 986 600 Vticae
1012 551 1168 600 Cato.'
1230 548 1512 598 Similitudo
1528 557 1694 597 autern
1720 548 1874 598 tribus
1899 554 1963 604 35

77 652 97 690 5
125 630 285 682 modis
306 633 360 679 fit
380 651 389 680 ε
416 648 444 679 a
461 630 578 694 pari,
596 647 624 678 a
641 630 839 691 maiore,
858 649 886 680 a
903 633 1106 681 minore.
1153 634 1199 679 A
1215 630 1318 695 pari
1337 630 1488 695 (Virg.
1503 633 1627 680 Aen.
1651 649 1689 691 1,
1713 632 1826 695 148)
1847 651 1855 680 :

326 716 401 762 Ac
437 711 588 762 veluti
625 729 805 776 magno
842 713 892 762 in
928 716 1114 778 populo
1151 731 1265 762 cum
1303 729 1451 776 saepe
1486 723 1655 763 coorta
1680 723 1753 762 est

329 794 508 843 seditio
527 813 540 854 3

123 895 153 926 a
177 876 362 926 maiore
386 878 450 925 ad
476 877 638 924 minus
668 875 877 940 (Lucan.
904 895 941 938 1,
969 876 1083 942 151)
1106 897 1113 926 :

328 959 552 1020 Qualiter
588 974 871 1021 expressum
909 958 1066 1008 ventis
1102 975 1189 1022 per
1225 959 1394 1008 nubila
1430 960 1618 1007 fulmen
1638 977 1652 1019 ,-

55 1061 102 1088 10
124 1058 152 1090 a
179 1042 369 1090 minore
393 1041 458 1089 ad
479 1039 636 1088 maius
663 1038 817 1104 (Virg.
839 1043 962 1090 Aen.
986 1044 1028 1102 6,
1055 1058 1074 1089 1
1089 1041 1170 1105 19)
1190 1060 1198 1089 :

327 1121 378 1170 Si
413 1121 574 1184 potuit
611 1138 781 1170 manes
817 1139 1061 1172 arcessere
1098 1121 1321 1185 coniugis
1360 1123 1603 1185 Orpheus,

327 1202 557 1252 Threicia
593 1205 742 1252 fretus
776 1204 961 1253 cithara
997 1203 1280 1267 fidibusque
1316 1202 1508 1252 canoris
1528 1221 1541 1263 3

126 1284 267 1348 quasi
292 1284 437 1344 dicat,
467 1302 516 1333 re
552 1302 701 1348 parva
727 1298 775 1337 et
799 1286 951 1346 brevi,
979 1287 1029 1335 id
1069 1294 1155 1345 est,
1194 1285 1234 1334 si
1267 1285 1348 1335 ille
1378 1284 1565 1334 cithara
1590 1286 1756 1344 fretus,
1786 1301 1877 1348 ego

127 1365 324 1429 pietate.

57 1469 102 1510 ¹5
265 1451 349 1497 DE
376 1463 555 1497 PRosA.
631 1452 783 1499 Prosa
809 1460 882 1499 est
921 1451 1164 1514 producta
1189 1448 1344 1499 oratio
1371 1458 1417 1497 et
1449 1466 1476 1498 a
1505 1451 1613 1512 lege
1638 1448 1781 1497 metri
1807 1465 1879 1497 so-
1903 1458 2138 1498 XXXVIII

127 1532 242 1578 luta.
277 1533 484 1579 Prosum
503 1530 635 1579 enim
652 1532 844 1596 antiqui
859 1534 1159 1596 productum
1177 1531 1409 1580 dicebant
1427 1540 1474 1580 et
1490 1540 1692 1579 rectum.
1733 1532 1880 1580 Vnde

127 1611 194 1660 ait
220 1614 376 1660 Varro
401 1613 536 1674 apud
567 1613 797 1662 Plautum
827 1618 838 1638 ‘
854 1613 1012 1677 prosis
1046 1612 1211 1662 lectis'
1238 1612 1500 1676 significari
1535 1611 1678 1661 rectis
1698 1630 1710 1673 3
1747 1612 1881 1660 unde

130 1692 276 1742 etiam
299 1710 425 1756 quae
445 1710 546 1741 non
574 1703 647 1742 est
666 1697 880 1758 perflexa
900 1712 1123 1755 numero,
1146 1696 1234 1744 sed
1260 1704 1404 1754 recta,
1427 1711 1572 1758 prosa
1592 1693 1746 1743 oratio
1767 1692 1883 1742 dici-

131 1784 220 1834 tur,
249 1774 300 1822 in
326 1783 514 1823 rectum
546 1777 885 1838 producendo.
961 1775 1060 1824 Alii
1098 1793 1295 1839 prosam
1328 1775 1466 1825 aiunt
1500 1777 1686 1826 dictam
1716 1775 1779 1824 ab
1806 1791 1879 1834 eo,

56 1876 105 1904 20
130 1857 266 1919 quod
294 1858 354 1904 sit
378 1857 589 1919 profusa,
619 1860 695 1906 vel
720 1858 784 1906 ab
811 1876 884 1918 eo,
913 1859 1049 1921 quod
1076 1857 1337 1921 spatiosius
1363 1868 1562 1922 proruat
1579 1868 1626 1907 et
1646 1867 1881 1916 excurrat,

131 1939 268 1986 nullo
309 1937 402 1986 sibi
446 1937 657 1987 termino
694 1939 968 2002 praefinito.
1045 1942 1303 1988 Praeterea
1347 1950 1446 1988 tam
1486 1941 1620 2003 apud
1666 1941 1881 1988 Graecos
1907 1949 1937 1984 2

131 2036 280 2082 quarn
309 2020 444 2082 apud
472 2021 675 2068 Latinos
711 2022 856 2083 longe
881 2019 1210 2083 antiquiorem
1239 2038 1405 2069 curam
1433 2022 1581 2070 fuisse
1608 2020 1880 2068 carminum

131 2117 280 2163 quam
306 2117 494 2163 prosae.
537 2101 722 2150 Omnia
748 2101 881 2149 enim
906 2101 1039 2164 prius
1065 2101 1284 2150 versibus
1310 2103 1656 2151 condebantur
1673 2120 1686 2162 3
1710 2118 1884 2165 prosae

131 2190 295 2230 autem
325 2182 545 2231 studium
572 2200 680 2231 sero
707 2181 872 2245 viguit.
948 2183 1141 2231 Primus
1168 2184 1303 2245 apud
1330 2184 1547 2232 Graecos
1574 2185 1883 2246 Pherecydes

57 2284 106 2324 25
133 2264 279 2325 Syrus
311 2265 471 2312 soluta
505 2265 727 2313 oratione
761 2263 952 2326 scripsit
964 2282 977 2324 3
1025 2266 1159 2327 apud
1191 2266 1451 2313 Romanos
1487 2273 1654 2313 autem
1690 2264 1883 2328 Appius

134 2345 325 2394 Caecus
351 2347 584 2395 adversus
612 2347 854 2409 Pyrrhum
881 2347 1093 2394 solutam
1118 2345 1395 2395 orationem
1429 2346 1615 2410 primus
1652 2346 1880 2396 exercuit.

133 2426 241 2474 Iam
267 2427 444 2475 exhinc
471 2437 519 2476 et
540 2426 686 2476 ceteri
712 2443 886 2490 prosae
912 2426 1196 2490 eloquentia
1219 2428 1598 2477 contenderunt.

270 2510 352 2555 DE
390 2524 602 2557 MErRIS.
677 2510 839 2557 Metra
873 2517 1059 2569 vocata,
1097 2508 1213 2572 quia
1245 2508 1388 2557 certis
1422 2510 1608 2572 pedum
1642 2508 1883 2558 mensuris
1906 2515 2103 2556 XXXIX

131 2597 280 2652 atque
313 2590 479 2653 spatiis
506 2592 843 2651 terminantur,
871 2607 1035 2654 neque
1061 2592 1187 2639 ultra
1212 2590 1576 2640 dimensionem
1603 2601 1882 2655 temporum

60 2692 110 2731 30
133 2671 450 2721 constitutam
484 2675 774 2737 procedunt.
849 2676 1087 2722 Mensura
1121 2672 1253 2722 enim
1279 2676 1469 2723 Graece
1497 2676 1667 2739 μέτρον
1690 2673 1880 2723 dicitur.

191 2815 208 2840 1
242 2808 307 2841 est
322 2815 423 2842 vero
439 2802 480 2841 Β
645 2817 668 2841 2
700 2803 980 2855 conveniens]
1002 2803 1061 2842 ita
1077 2804 1138 2855 (in
1154 2805 1255 2854 ras.)
1278 2805 1458 2844 veniens
1484 2804 1536 2843 Τ2
1704 2819 1729 2855 3
1759 2818 1883 2854 quern

137 2856 232 2895 CAl
255 2863 303 2896 ut
319 2858 399 2897 vid.
532 2863 576 2896 ut
596 2858 655 2896 ita
674 2857 754 2896 BC
771 2871 820 2896 ex
836 2871 936 2897 corr.
1050 2872 1074 2907 4
1105 2859 1281 2908 scipium
1302 2873 1386 2910 que
1409 2859 1527 2910 (corr.
1549 2860 1648 2912 qua)
1672 2860 1827 2898 mutice
1854 2857 1891 2897 T

135 2914 163 2949 6
190 2911 258 2962 ac]
277 2913 382 2951 haec
407 2911 458 2950 Cl
573 2925 620 2961 13
652 2912 720 2950 illa
747 2912 784 2951 T
907 2919 993 2964 cap.
1010 2915 1074 2962 38.
1108 2914 1310 2952 Aliorum
1323 2914 1507 2954 codicum
1527 2915 1708 2954 lectiones
1723 2913 1887 2965 reperies

138 2965 256 3016 apud
285 2965 525 3006 Wilmanns
548 2967 621 3007 ‘de
646 2967 846 3006 Varronis
863 2967 928 3008 lz'b.
943 2969 1168 3019 gramm.‚’
1195 2975 1239 3019 p.
1263 2981 1343 3016 204
1527 2971 1576 3007 16
1616 2969 1727 3007 unde
1759 2969 1886 3008 etiam

139 3019 198 3058 ait
219 3019 265 3058 K
418 3034 465 3070 17
496 3021 738 3071 significare
761 3021 819 3060 Kl
973 3025 1023 3062 18
1053 3022 1259 3073 perplexa
1295 3022 1332 3060 T
1467 3038 1515 3074 19
1545 3036 1627 3062 om.
1653 3035 1822 3073 prosam
1842 3022 1884 3060 A

140 3087 193 3112 20
221 3074 435 3124 profusam
462 3075 500 3114 T
631 3090 683 3116 22
712 3076 967 3116 anteriorem
988 3077 1034 3115 K
1159 3090 1210 3127 25
1243 3078 1400 3129 Syrus]
1420 3091 1521 3118 suus
1547 3077 1585 3116 T
1706 3077 1887 3117 solutam

141 3129 379 3169 orationem
402 3130 439 3168 T
518 3143 566 3180 27
600 3131 842 3183 eloquentia
859 3133 965 3185 stam
984 3146 1041 3173 m.
1061 3131 1103 3184 2)
1122 3133 1403 3173 condiderunt
1423 3133 1470 3171 K
1578 3133 1630 3170 28
1659 3131 1835 3172 Mettica
1849 3131 1890 3170 B
