2176 3424
499 142 1131 191 ETYMOLOGIARVM
1172 142 1298 190 LIB.
1340 143 1448 190 XV.
1490 141 1505 188 i

122 273 241 322 vidit
285 271 520 331 Ecclesia,
562 280 610 321 et
653 271 866 336 Philippi
907 270 1171 330 aediculaS,
1214 279 1262 321 et
1303 271 1587 320 cubiculum
1631 281 1862 336 quattuor

113 354 351 418 virginum
372 355 737 418 prophetarum.
786 355 945 417 Ioppe
968 353 1207 419 oppidum
1231 353 1536 403 Palaestinae
1554 354 1854 403 maritimum
1886 371 1947 418 19

111 435 243 485 idem
286 435 549 486 Palaestini
590 435 973 485 aedificaverunt
990 454 1004 497 3
1056 435 1143 485 ubi
1186 452 1355 484 saxum
1399 437 1674 485 ostenditur
1715 438 1852 500 quod

111 517 418 567 vinculorum
444 519 797 567 Andromedae
829 516 1032 580 vestigia
1062 519 1228 566 adhuc
1261 516 1438 567 retinet
1455 535 1468 579 ;
1504 517 1643 567 cuius
1675 517 1852 568 beluae

63 625 84 666 5
108 601 264 648 forma
288 599 583 649 eminentior
605 598 880 663 elephantis
906 598 1007 647 fuit.
1084 600 1278 648 Iericho
1310 616 1339 648 a
1365 599 1619 649 Iebusaeis
1651 601 1855 649 condita
1877 618 1946 653 20

107 681 322 741 traditur,
362 699 391 730 a
426 682 605 746 quibus
642 690 690 730 et
726 697 911 730 nornen
948 681 1150 730 traxisse
1187 681 1483 744 perhibetur.
1558 684 1708 730 Hanc
1745 683 1855 731 sub-

105 763 246 812 vertit
281 765 433 812 Iesus.
508 766 624 812 Post
658 779 807 825 quam
842 762 1068 811 instruxit
1100 762 1260 824 aliam,
1299 764 1453 813 Ozam
1488 765 1551 813 de
1588 765 1764 813 Bethel
1798 781 1856 812 ex

105 845 233 895 tribu
275 845 523 909 Ephraim.
615 846 714 894 Sed
757 854 804 894 et
847 846 971 894 haec
1019 862 1080 894 eo
1123 854 1346 908 tempore
1395 863 1496 909 quo
1539 845 1856 895 Hierusalem

107 928 483 993 obpugnabatur
538 945 567 976 a
615 927 870 987 Romanis,
922 936 1120 991 propter
1174 927 1432 991 perfidiam
1482 927 1662 976 civium
1712 938 1856 992 capta

33 1031 84 1061 10
105 1019 254 1072 atque
290 1011 537 1058 destructa
573 1018 676 1070 est3
723 1018 923 1073 propter
959 1026 1110 1072 quam
1141 1011 1281 1058 tertia
1316 1011 1576 1059 aedificata
1611 1019 1684 1059 est
1719 1011 1849 1072 urbs,

105 1109 231 1154 quae
278 1091 528 1154 hodieque
575 1101 844 1154 permanet.
942 1091 1139 1140 Sichem
1189 1091 1437 1141 Samariae
1486 1092 1674 1153 urbem,
1725 1109 1853 1156 quae
1878 1106 1933 1142 21

105 1173 279 1222 Latine
322 1182 370 1222 et
412 1175 600 1222 Graece
643 1172 860 1222 Sichima
905 1182 1120 1233 vocatur,
1161 1173 1441 1223 aedificavit
1486 1176 1652 1235 Emor,
1689 1176 1855 1238 appel-

102 1255 318 1318 lavitque
343 1272 453 1304 eam
479 1254 682 1304 nomine
708 1254 906 1304 Sichem
933 1254 1019 1303 filii
1045 1255 1137 1304 sui.
1199 1258 1315 1319 Ipsa
1340 1265 1413 1304 est
1438 1272 1571 1304 nunc
1599 1257 1850 1320 NeapoliS,

103 1337 270 1386 civitas
305 1337 734 1387 Samaritanorum.
810 1338 990 1386 Bethel
1026 1338 1198 1387 urbem
1238 1337 1485 1387 Samariae
1521 1338 1851 1387 condiderunt
1874 1357 1940 1392 22

31 1443 77 1484 15
103 1419 345 1479 Iebusaei,
374 1436 500 1484 quae
531 1419 664 1483 prius
697 1419 965 1468 vocabatur
992 1421 1154 1480 Luza;
1191 1421 1278 1468 sed
1304 1428 1567 1483 postquam
1601 1421 1851 1469 dormiens

102 1502 169 1551 ibi
198 1502 351 1551 Iacob
376 1500 497 1550 vidit
523 1502 704 1550 scalam
726 1500 1021 1550 innitentem
1049 1502 1187 1550 caelo
1214 1510 1262 1549 et
1287 1500 1408 1549 dixit
1426 1500 1629 1565 (Genes.
1651 1504 1725 1561 28,
1753 1502 1848 1567 17),

104 1585 261 1632 ‘Vere
286 1582 365 1631 hic
397 1585 577 1632 domus
604 1584 700 1631 Dei
734 1592 807 1631 est
840 1593 888 1632 et
922 1591 1061 1646 porta
1095 1582 1248 1643 caeli,'
1274 1585 1367 1631 hac
1401 1600 1459 1631 ex
1492 1599 1640 1631 causa
1665 1600 1850 1632 nomen

101 1667 238 1714 locus
275 1664 465 1728 accepit
504 1666 693 1725 Bethel,
722 1664 773 1714 id
809 1673 883 1714 est
919 1666 1098 1713 domus
1139 1666 1248 1713 Dei.
1325 1665 1544 1726 Quando
1579 1674 1745 1714 autem
1783 1665 1850 1714 ibi

104 1747 367 1796 Ieroboam
403 1747 542 1795 vituli
577 1746 711 1796 aurei
748 1746 969 1795 fabricati
1007 1755 1135 1807 sunt,
1172 1755 1346 1795 vocata
1381 1755 1455 1796 est
1493 1748 1762 1808 Bethaven‚
1799 1747 1849 1796 id

29 1847 80 1876 20
102 1837 175 1878 est
200 1830 379 1878 domus
404 1828 541 1889 idoli,
567 1845 694 1891 quae
726 1837 871 1877 antea
896 1829 1164 1877 vocabatur
1198 1829 1378 1877 domus
1405 1828 1515 1877 Dei.
1589 1831 1847 1878 Bethleem
1873 1843 1938 1892 23

104 1908 243 1966 Iuda,
265 1906 434 1956 civitas
461 1905 640 1967 David,
663 1922 792 1969 quae
817 1906 993 1955 mundi
1018 1905 1188 1970 genuit
1213 1907 1519 1965 salvatorem,
1540 1924 1569 1955 a
1596 1906 1849 1957 Iebusaeis

101 1988 302 2038 condita
322 1991 469 2037 fertur
488 1998 536 2037 et
555 1997 730 2038 vocata
749 1988 963 2052 primum
981 1986 1294 2054 E[u]phrata.
1356 1990 1576 2050 Quando
1595 1998 1760 2039 autem
1781 1989 1850 2038 ibi

103 2070 258 2118 Iacob
291 2086 469 2133 pecora
501 2086 588 2118 sua
620 2071 767 2133 pavit,
796 2069 959 2119 eidem
985 2071 1097 2119 loco
1125 2071 1383 2119 Bethleem
1410 2087 1595 2119 nomen
1629 2072 1848 2134 quodam

101 2151 332 2201 vaticinio
366 2151 513 2200 futuri
546 2151 776 2215 inposuit,
805 2154 942 2215 quod
976 2153 1155 2200 domus
1181 2151 1323 2215 panis
1355 2152 1715 2216 interpretatur,
1743 2170 1850 2217 pro-

29 2260 77 2301 ²5
101 2242 208 2298 pter
232 2250 345 2283 eum
365 2250 545 2297 panem
579 2233 664 2298 qui
689 2233 758 2282 ibi
792 2235 854 2282 de
888 2236 1027 2283 caelo
1061 2235 1334 2283 descendit.
1409 2234 1646 2286 Chebron
1679 2235 1848 2285 civitas
1873 2249 1938 2297 24

104 2318 333 2377 Iudaeae,
361 2333 488 2379 quae
512 2317 767 2379 quondam
794 2317 1061 2365 vocabatur
1086 2316 1234 2375 Arbe,
1263 2316 1466 2366 condita
1491 2326 1564 2366 est
1596 2335 1625 2366 a
1649 2317 1850 2381 giganti-

160 2459 185 2496 3
215 2459 361 2496 sagum
385 2446 422 2484 T
514 2459 596 2495 quo
612 2445 742 2484 BKT
845 2456 870 2494 5
902 2444 1112 2484 Hiericho
1129 2443 1272 2485 BCK:
1298 2445 1431 2485 Ierico
1460 2446 1494 2484 T
1590 2447 1852 2488 iesubusaeis

109 2501 155 2540 K
315 2502 342 2539 6
370 2502 483 2540 hunc
501 2500 551 2540 C1
720 2513 740 2549 7
774 2500 877 2539 Post
898 2500 1045 2552 quarn]
1066 2513 1144 2550 pro
1166 2513 1247 2550 qua
1263 2500 1391 2540 Arev.
1413 2501 1482 2552 (ex
1498 2500 1669 2542 Hieron.
1693 2502 1739 2541 de
1758 2504 1850 2542 Loc.

108 2555 234 2594 Hebr.
256 2555 327 2606 40)
462 2568 509 2593 10
541 2561 717 2606 propter
736 2554 880 2606 quam]
904 2567 981 2605 pro
1000 2567 1082 2604 qua
1102 2553 1274 2596 Hieron.
1406 2568 1452 2594 11
1484 2556 1611 2596 hodie
1632 2570 1765 2607 usque
1792 2557 1850 2598 T:

109 2624 192 2650 om.
215 2609 304 2647 ΒΚ
411 2609 551 2649 Sicem
570 2610 657 2649 BT
761 2610 851 2650 urb.
876 2609 989 2649 Sam.
1015 2608 1068 2647 T1
1089 2622 1099 2647 t
1129 2608 1241 2649 Sam.
1264 2609 1364 2648 urbs
1384 2609 1431 2648 K
1542 2624 1590 2650 12
1620 2612 1767 2651 sicima
1790 2612 1850 2652 C:

109 2665 244 2704 sicina
263 2664 304 2702 Β
323 2678 331 2704 ;
362 2664 547 2703 sicimam
564 2664 609 2702 K
718 2677 876 2703 emmor
896 2663 942 2702 K
1066 2676 1115 2713 13
1146 2676 1196 2702 ea
1215 2663 1262 2702 K
1368 2665 1498 2705 sicem
1519 2665 1561 2703 Β
1673 2679 1720 2715 14
1750 2668 1851 2706 urbs

109 2719 460 2759 samaritanorum
480 2719 526 2756 K
636 2730 684 2768 15
711 2724 883 2758 vocatur
904 2718 954 2757 C1
1065 2719 1158 2757 Ioza
1176 2717 1223 2756 K
1333 2731 1380 2768 17
1412 2720 1522 2760 dom.
1545 2721 1614 2759 dei
1635 2727 1700 2760 est
1720 2721 1788 2760 hic
1808 2721 1854 2759 K

112 2780 155 2813 et
175 2787 247 2825 po.
268 2786 356 2814 cae.
377 2786 458 2814 om.
489 2773 526 2811 T
630 2773 699 2812 hic
719 2786 774 2812 ex
794 2787 827 2814 c.
859 2773 919 2813 T:
949 2786 1001 2812 ex
1019 2773 1097 2812 hac
1119 2785 1153 2812 c.
1174 2773 1215 2810 B
1355 2775 1404 2812 18
1435 2775 1515 2814 Dei
1535 2789 1617 2815 om.
1639 2775 1685 2813 K
1792 2777 1848 2815 ibi

112 2842 137 2868 a
156 2827 238 2869 ler.
261 2828 301 2866 B
320 2842 329 2867 :
357 2826 412 2866 ibi
431 2840 455 2867 a
475 2840 577 2878 rege
600 2826 681 2867 Ier.
707 2826 742 2866 C
851 2840 901 2878 19
928 2827 1085 2867 vitulae
1101 2839 1254 2867 aureae
1271 2828 1498 2868 fabricatae
1513 2829 1559 2867 K
1638 2830 1849 2870 bethaben

115 2881 151 2921 C
170 2897 180 2922 ι
221 2882 420 2921 betheum
458 2881 586 2934 (mm)
630 2881 677 2919 K
681 2881 718 2920 T
736 2896 745 2921 ε
791 2882 948 2922 beteun
986 2882 1026 2920 Β
1245 2895 1299 2921 20
1325 2895 1432 2933 quae
1455 2915 1464 2924 .
1488 2914 1498 2924 .
1519 2913 1531 2924 .
1558 2884 1636 2922 Dei
1674 2897 1757 2924 om.
1801 2884 1851 2923 Cl

112 2936 243 2988 quae]
265 2937 378 2987 quod
399 2936 440 2975 Β
550 2935 747 2975 Bethlem
769 2935 846 2975 CT
986 2949 1034 2976 21
1067 2936 1191 2976 iudae
1211 2935 1257 2974 K
1263 2936 1316 2975 T²
1335 2942 1383 2976 ut
1398 2938 1478 2978 vid.
1611 2951 1663 2977 22
1691 2939 1852 2979 eufrata

114 2991 156 3029 Β
173 3004 184 3030 t
223 2991 417 3030 eufraten
452 2990 503 3030 C1
522 3005 530 3030 :
575 2990 738 3030 eufrate
772 2990 818 3029 K
823 2991 861 3030 T
1019 3004 1070 3041 23
1098 2990 1283 3030 bethlem
1317 2991 1427 3031 codd.
1566 2994 1777 3043 quoddam
1811 2994 1852 3033 Β

115 3055 168 3094 25
201 3045 331 3084 caelis
363 3044 409 3083 K
533 3045 703 3085 Cebron
734 3045 821 3083 ΒΚ
834 3060 842 3086 :
878 3046 1017 3085 Ebron
1051 3045 1087 3084 C
1247 3048 1300 3085 26
1327 3047 1449 3087 iudae
1471 3046 1549 3085 BC
1672 3048 1797 3087 arbae
1819 3048 1856 3087 C
