2176 3424
1070 41 1341 91 ISIDORI

330 164 518 213 narium
569 177 640 215 est
690 169 941 218 colobium
993 171 1175 220 lineum
1226 172 1331 222 sine
1382 174 1600 234 manicis,
1652 178 1797 239 quale
1847 179 2073 241 Aegyptii

247 254 309 303 25
333 247 563 296 monachi
590 258 806 299 utuntur.
874 252 1122 302 Lumbare
1142 264 1344 303 vocatur
1369 258 1506 318 quod
1531 257 1712 306 lumbis
1738 258 1978 322 religetur,
1998 263 2074 309 vel

331 330 467 391 quod
498 331 679 379 lumbis
713 334 924 383 haereat.
991 338 1107 384 Hoc
1146 335 1195 384 in
1230 339 1457 400 Aegypto
1493 347 1541 387 et
1578 340 1714 403 Syria
1750 357 1852 388 non
1882 350 2073 390 tantum

329 409 542 459 feminae
569 414 657 462 sed
682 422 729 462 et
755 414 841 463 viri
868 424 1085 465 utuntur.
1143 419 1290 467 Vnde
1308 428 1355 467 et
1378 419 1612 470 Ieremias
1632 430 1763 470 trans
1787 425 2074 486 Euphraten

329 491 439 539 tulit
466 493 688 543 lumbare
715 512 874 556 suum,
905 497 1073 561 ibique
1104 498 1226 548 illud
1257 501 1306 547 in
1338 501 1577 550 foramine
1603 512 1770 566 petrae
1796 504 2073 564 abscondit,
2101 528 2121 567 5

329 582 376 621 et
402 584 574 637 postea
599 576 805 626 scissum
832 580 1057 642 repperit.
1124 583 1240 629 Hoc
1259 598 1288 630 a
1308 582 1607 645 quibusdam
1633 594 1681 633 et
1701 587 1864 634 renale
1882 586 2073 647 dicitur,

234 657 303 703 26
329 657 444 718 quia
471 653 566 723 [in]
594 660 794 708 renibus
819 661 1055 725 alligatur.
1132 663 1302 711 Limus
1328 673 1401 712 est
1427 664 1573 714 vestis
1599 683 1726 729 quae
1751 667 1814 715 ab
1840 667 2077 717 umbilico

330 754 486 801 usque
520 741 583 788 ad
617 743 771 804 pedes
805 744 1105 806 producitur.
1183 748 1327 795 Haec
1359 755 1526 796 autern
1552 747 1699 797 vestis
1733 749 1882 798 habet
1915 749 1966 798 in
2001 766 2077 800 ex-

328 827 486 868 tremo
513 821 586 870 sui
612 840 879 887 purpuram
914 825 1099 886 limam,
1127 826 1178 876 id
1209 837 1282 877 est
1316 829 1590 878 fluxuosam
1610 849 1622 891 3
1660 832 1794 880 unde
1819 841 1867 881 et
1892 849 2076 882 nomen

242 912 305 960 27
327 902 531 966 accepit,
578 922 693 954 nam
742 907 916 956 limum
966 908 1226 972 obliquum
1275 909 1499 959 dicimus.
1575 911 1804 960 Licinum
1847 924 2075 963 vocatum
2102 928 2150 955 10

327 985 464 1045 quod
490 993 679 1035 textura
705 987 808 1037 eius
838 989 981 1052 ligata
1008 990 1067 1039 sit
1094 990 1143 1038 in
1170 1000 1327 1040 totum
1347 1010 1360 1052 3
1397 992 1537 1055 quasi
1572 993 1756 1043 diceret
1782 994 2005 1058 liginum,
2032 997 2074 1048 C

236 1069 301 1115 28
324 1082 413 1128 pro
440 1067 486 1115 G
513 1067 670 1117 littera
696 1081 1016 1121 commutata.
1079 1074 1359 1122 Armilausa
1378 1075 1524 1137 vulgo
1545 1084 1717 1124 vocata
1737 1079 1874 1139 quod
1893 1086 2008 1127 ante
2028 1088 2075 1127 et

326 1158 453 1197 retro
491 1149 646 1200 divisa
682 1162 831 1215 atque
868 1164 1036 1217 aperta
1072 1165 1158 1215 est,
1192 1155 1243 1204 in
1279 1173 1441 1205 armos
1473 1166 1665 1206 tantum
1701 1160 1899 1220 clausa;
1936 1163 2075 1223 quasi

233 1243 302 1290 29
326 1231 631 1293 armiclausa,
663 1234 704 1284 C
731 1234 889 1284 littera
914 1237 1092 1285 ablata.
1163 1237 1404 1287 Camisias
1430 1239 1591 1288 vocari
1622 1242 1759 1303 quod
1791 1240 1841 1289 in
1868 1241 1942 1291 his
1969 1245 2076 1292 dor-

327 1312 508 1362 mimus
535 1314 585 1362 in
611 1315 777 1376 camis,
807 1316 858 1367 id
893 1328 965 1368 est
996 1318 1046 1367 in
1077 1319 1237 1368 stratis
1271 1320 1463 1369 nostris.
1533 1322 1572 1368 F
1575 1322 1808 1371 emoralia
1832 1326 2076 1387 appellata
2105 1349 2150 1388 15

326 1412 386 1443 eo
413 1398 549 1458 quod
577 1398 762 1447 femora
795 1408 977 1463 tegant.
1043 1403 1188 1464 Ipsae
1219 1411 1267 1451 et
1299 1402 1489 1463 bracae,
1519 1404 1656 1466 quod
1689 1403 1786 1452 sint
1819 1404 1991 1454 breves
2029 1415 2076 1455 et

229 1487 296 1534 30
325 1479 606 1527 verecunda
631 1481 848 1543 corporis
875 1482 950 1531 his
973 1484 1205 1532 velentur.
1266 1485 1526 1533 Tubrucos
1547 1495 1748 1534 vocatos
1770 1489 1906 1550 quod
1933 1487 2075 1538 tibias

326 1558 598 1623 bracasque
647 1571 828 1625 tegant.
897 1563 1110 1624 Tibraci‚
1157 1567 1294 1628 quod
1337 1584 1364 1615 a
1406 1566 1582 1615 braciis
1625 1569 1688 1616 ad
1733 1567 1876 1617 tibias
1918 1586 2074 1634 usque

325 1641 629 1703 perveniant.

146 1736 297 1774 XX111
462 1725 542 1771 DE
582 1740 810 1774 PROPRIO
849 1741 1179 1783 QVARVNDAM
1216 1744 1455 1778 GENTIVM
1490 1745 1694 1779 HABITV.
1759 1733 2072 1793 Quibusdam
2099 1755 2150 1783 20

323 1814 489 1853 autem
516 1806 804 1856 nationibus
831 1825 918 1857 sua
943 1809 1123 1873 cuique
1150 1811 1344 1874 propria
1370 1812 1517 1861 vestis
1545 1823 1630 1872 est,
1655 1822 1707 1861 ut
1735 1815 1925 1864 Parthis
1952 1833 2074 1866 sara—

327 1885 485 1945 barae,
507 1889 660 1936 Gallis
679 1888 856 1951 linnae,
877 1891 1138 1940 Germanis
1158 1909 1383 1954 renones,
1411 1893 1648 1957 Hispanis
1666 1894 1886 1958 stringes,
1910 1899 2073 1948 Sardis

271 1978 300 2011 2
326 1978 615 2019 mastrucae.
689 1973 957 2022 Sarabarae
1002 1983 1114 2022 sunt
1159 1975 1287 2023 fluxa
1329 1992 1386 2024 ac
1429 1975 1628 2025 sinuosa
1665 1977 1970 2038 vestimenta,
2011 1982 2073 2030 de

324 2049 503 2111 quibus
542 2053 716 2115 legitur
754 2053 802 2101 in
844 2056 1056 2103 Danielo
1097 2055 1163 2118 (3,
1192 2056 1305 2121 94):
1348 2059 1438 2105 ‘Et
1477 2059 1732 2106 sarabarae
1766 2075 1935 2108 eorum
1971 2079 2072 2111 non

324 2142 438 2180 sunt
464 2132 766 2183 inmutatae.'
816 2137 880 2184 Et
907 2136 1149 2186 Publilius
1177 2137 1313 2202 (19):
2099 2165 2146 2204 25

550 2218 616 2263 Vt
653 2216 774 2279 quid
813 2234 927 2280 ergo
964 2219 1016 2265 in
1052 2227 1220 2267 ventre
1259 2229 1344 2268 tuo
1384 2221 1548 2270 Parthi
1587 2225 1837 2273 sarabaras

549 2300 914 2361 suspenderunt
934 2303 954 2348 ?

380 2438 396 2462 1
432 2431 497 2464 est
518 2440 599 2467 om.
624 2427 670 2465 K
802 2431 966 2480 qualem
987 2432 1098 2470 RK:
1130 2433 1176 2471 -li
1202 2432 1236 2470 C
1397 2447 1421 2471 2
1451 2433 1518 2472 vel
1539 2435 1637 2484 quia
1655 2436 1695 2474 Β
1857 2453 1878 2486 7
1912 2439 1955 2477 in
1975 2440 2067 2480 hab.

320 2479 435 2519 RK:
466 2494 550 2521 om.
572 2481 649 2520 CT
732 2485 801 2534 qui
825 2486 876 2524 ab
900 2485 937 2523 T
1023 2500 1049 2536 9
1079 2489 1311 2526 flexuosam
1328 2487 1363 2526 C
1456 2501 1505 2526 10
1533 2489 1660 2529 linum
1677 2490 1723 2527 K
1815 2506 1860 2532 11
1895 2494 2069 2534 dextera

322 2533 372 2571 Cl
486 2535 660 2585 ligatum
683 2537 743 2575 Kl
856 2541 1013 2590 lignum
1039 2542 1087 2581 C1
1285 2556 1332 2581 12
1363 2547 1521 2581 mutata
1547 2543 1583 2582 C
1689 2545 1940 2587 Armelausa
1960 2548 2068 2588 KT:

319 2589 541 2629 Armelosa
564 2591 612 2629 Cl
709 2606 755 2642 14
787 2594 978 2634 Camisas
1005 2595 1042 2634 T
1061 2610 1163 2635 <non
1190 2596 1248 2649 U)
1341 2610 1387 2646 15
1418 2598 1460 2636 id
1480 2598 1679 2638 insti-atas
1705 2599 1754 2638 C1
1844 2603 1893 2640 16
1921 2602 2012 2652 ipsa
2029 2602 2070 2640 Β

324 2656 369 2693 17
401 2646 657 2685 verecundia
677 2646 718 2684 B
857 2650 922 2688 his
940 2664 1022 2690 om.
1052 2651 1089 2688 T
1253 2654 1300 2690 18
1330 2653 1567 2702 bragasque
1587 2652 1654 2692 B:
1683 2654 1894 2705 bacasque
1921 2656 1959 2694 T
1980 2662 2072 2696 ante

319 2711 436 2738 corn:
465 2712 522 2737 an
542 2701 789 2752 braciasque
807 2706 820 2743 3
1042 2711 1158 2755 tegat
1178 2706 1264 2745 BT
1482 2707 1689 2747 Tubrauci
1711 2709 1781 2748 K:
1809 2710 1980 2749 Tubrici
2005 2711 2047 2749 U
2061 2729 2068 2752 z

321 2753 500 2792 Tubraci
521 2754 584 2794 B:
617 2755 802 2795 Tubruci
827 2758 862 2798 C
978 2760 1114 2798 bracis
1136 2760 1257 2798 BCK
1405 2775 1457 2800 22
1488 2761 1597 2803 Gall.
1616 2793 1624 2802 .
1640 2793 1649 2802 .
1668 2793 1676 2801 .
1697 2763 1820 2814 Hisp.
1846 2778 1929 2806 om.
1944 2765 2072 2805 KNP

322 2807 447 2847 liniae
470 2808 567 2847 DE]
589 2811 691 2862 (non
711 2811 752 2850 F
754 2811 796 2850 U
798 2813 837 2850 V
841 2815 852 2864 )
1012 2827 1196 2853 senones
1224 2816 1261 2853 T
1432 2829 1484 2865 23
1517 2823 1755 2866 mastrugae
1781 2818 1890 2870 (-ge)
1906 2819 2074 2858 BFUV

320 2863 423 2912 (non
442 2862 498 2913 P)
739 2869 792 2904 26
823 2868 893 2908 Pa.
917 2868 958 2906 in
978 2882 1043 2909 ve.
1067 2875 1140 2908 tuo
1160 2869 1201 2907 B
1402 2871 1511 2920 parti
1530 2871 1696 2910 BDEF
1699 2871 1736 2910 T
1735 2872 1777 2910 U
1779 2872 1819 2910 V
1832 2875 1932 2925 (non
1954 2874 2067 2921 MN)

319 2918 515 2956 sarabara
566 2919 805 2960 CDEKM:
860 2924 1126 2963 serrabasras
1173 2924 1240 2963 N:
1300 2926 1519 2965 saraberas
1580 2925 1636 2964 T:
1697 2928 1844 2966 saraba
1893 2928 2073 2967 BlFUV

319 2983 369 3020 27
401 2975 702 3022 suspenderint
728 2975 823 3013 DE¹
