2228 3444
111 581 133 620 5

475 95 1110 145 ETYMOLOGIARVM
1149 95 1280 143 LIB.
1322 96 1440 142 VII.
1481 112 1523 154 v,
1564 94 1607 142 vi

160 235 258 285 Alii
281 244 446 285 autem
472 233 671 283 dicunt:
710 233 776 282 ob
803 234 898 281 hoc
919 234 1025 280 Eva
1044 231 1142 280 vita
1167 241 1214 280 et
1240 231 1491 280 calamitas
1512 232 1768 295 appellata,
1792 231 1906 295 quia
1933 239 1966 285 6

161 333 307 381 saepe
333 316 505 365 mulier
530 315 633 365 viro
658 332 806 364 causa
836 313 1003 363 salutis
1030 324 1117 374 est,
1147 330 1294 377 saepe
1328 313 1619 362 calamitatis
1645 323 1694 363 et
1718 314 1903 375 mortis,

160 401 296 462 quod
322 408 393 453 est
417 415 519 447 vae.
594 397 720 447 Cain
746 395 992 460 possessio
1018 395 1375 459 interpretatur,
1398 397 1532 444 unde
1558 396 1904 459 etymologiam
1930 412 1959 461 7

159 481 311 545 ipsius
337 480 612 544 exprimens
638 488 775 543 pater
798 478 901 526 eius
926 476 992 526 ait
1020 477 1222 541 (Genes.
1236 495 1280 537 4,
1300 476 1371 541 1):
1413 480 1424 502 ‘
1441 478 1581 536 Cain,
1604 476 1655 526 id
1681 486 1767 537 est,
1792 480 1907 526 Pos-

161 563 265 612 sedi
298 562 566 611 hominem
584 579 671 625 per
697 561 892 609 Deum.'
964 560 1108 608 Idem
1140 568 1188 608 et
1221 560 1524 618 lamentatio,
1553 575 1613 607 eo
1646 560 1783 621 quod
1816 576 1906 622 pro

159 645 417 694 interfecto
442 643 572 693 Abel
605 643 891 691 interfectus
924 640 999 702 sit,
1027 650 1074 689 et
1108 657 1322 705 poenam
1356 639 1430 688 sui
1465 639 1661 689 sceleris
1697 640 1903 689 dederit.

157 727 287 776 Abel
312 728 470 775 luctus
497 725 852 788 interpretatur,
881 740 981 786 quo
1008 722 1209 771 nomine
1235 722 1653 786 praefigurabatur
1679 724 1907 771 occiden-
1931 731 1960 778 8

158 809 264 857 dus.
340 809 482 856 Idem
516 815 564 855 et
588 805 790 865 vanitas,
821 804 936 867 quia
961 804 1059 853 cito
1094 806 1283 852 solutus
1318 813 1392 852 est
1425 813 1574 866 atque
1609 804 1902 853 subtractus.

158 891 277 938 Seth
316 889 658 951 interpretatur
706 885 1007 945 resurrectio,
1054 902 1113 934 eo
1162 886 1299 948 quod
1346 894 1458 949 post
1506 885 1663 934 fratris
1713 886 1904 935 interfe-
1930 902 1964 949 9

88 990 135 1017 10
158 970 373 1019 ctionem
399 978 542 1017 natus
568 967 804 1031 sit,'quasi
830 966 1237 1017 resurrectionem
1258 966 1414 1015 fratris
1442 983 1500 1016 ex
1527 967 1731 1016 mortuis
1758 969 1907 1016 susci-

87 1398 132 1437 Ι5

85 1807 135 1834 20

158 1062 291 1101 taret.
368 1053 510 1101 Idem
537 1060 585 1100 et
610 1050 803 1114 positio,
826 1050 942 1113 quia
967 1049 1130 1113 posuit
1151 1066 1265 1098 eum
1286 1051 1424 1098 Deus
1451 1066 1539 1112 pro
1565 1050 1709 1099 Abel.
1767 1052 1904 1098 Enos
1928 1065 1987 1098 10

157 1133 289 1182 iuxta
313 1132 536 1197 propriae
562 1132 756 1196 linguae
782 1131 1066 1181 varietatem
1087 1132 1240 1180 homo
1260 1133 1336 1180 vel
1358 1131 1426 1179 vir
1445 1130 1637 1179 dicitur.
1712 1134 1775 1180 Et
1792 1149 1906 1180 con-

157 1232 273 1278 grue
299 1216 394 1263 hoc
418 1214 716 1263 vocabulum
742 1212 928 1261 habuit.
1003 1214 1082 1260 De
1102 1229 1162 1260 eo
1188 1212 1320 1260 enim
1342 1211 1578 1276 scriptum
1605 1222 1678 1261 est
1698 1212 1901 1276 (Genes.

157 1314 202 1356 4,
226 1298 337 1362 26):
391 1299 561 1344 ‘Tunc
599 1295 791 1343 initium
826 1294 916 1343 fuit
955 1293 1219 1343 invocandi
1255 1310 1440 1343 nomen
1480 1294 1685 1343 Domini
1708 1296 1717 1317 '
1736 1313 1749 1355 3
1791 1296 1904 1343 licet

157 1378 376 1442 plerique
399 1378 745 1427 Hebraeorum
764 1376 1059 1425 arbitrentur
1078 1377 1215 1438 quod
1241 1384 1358 1424 tunc
1383 1377 1598 1439 primum
1624 1375 1675 1424 in
1702 1375 1905 1425 nomine

161 1460 366 1509 Domini
403 1469 450 1509 et
487 1459 537 1507 in
575 1458 896 1508 similitudine
933 1457 1037 1507 eius
1079 1457 1314 1506 fabricata
1356 1456 1452 1506 sint
1489 1458 1633 1507 idola.
1727 1458 1903 1505 Enoch
1928 1471 1973 1504 11

159 1541 419 1591 dedicatio.
495 1543 556 1589 In
580 1540 733 1604 ipsius
759 1540 892 1589 enim
923 1539 1127 1588 nomine
1153 1539 1402 1588 civitatem
1428 1548 1602 1603 postea
1626 1538 1905 1588 aedificavit

158 1623 296 1673 Cain.
354 1622 546 1673 Cainan
570 1621 857 1670 lamentatio
877 1623 954 1670 vel
972 1621 1219 1685 possessio
1239 1638 1408 1670 eorum
1430 1639 1441 1681 3
1474 1620 1599 1669 sicut
1620 1620 1753 1670 enim
1777 1620 1901 1670 Cain
1928 1635 1983 1669 12

156 1704 416 1767 possessio,
440 1704 506 1752 ita
526 1703 799 1752 derivatum
822 1719 1022 1762 nomen,
1045 1704 1182 1765 quod
1202 1712 1275 1751 est
1296 1702 1502 1763 Cainan,
1524 1702 1640 1751 facit
1659 1702 1905 1766 possessio

157 1803 342 1836 eorum.
417 1787 715 1834 Matusalam
734 1784 1077 1848 interpretatur
1098 1794 1319 1833 mortuus
1341 1794 1427 1834 est.
1482 1785 1701 1834 Evidens
1722 1794 1906 1847 etymo-
1929 1800 1983 1846 13

157 1868 284 1932 logia
310 1867 542 1917 nominis.
604 1866 824 1928 Quidam
846 1866 978 1915 enim
1004 1884 1118 1915 eum
1138 1883 1253 1915 cum
1272 1876 1409 1931 patre
1430 1868 1718 1916 translatum
1740 1868 1903 1926 fuisse,

157 1960 205 2000 et
244 1950 483 1999 diluvium
523 1949 810 2012 praeterisse
847 1958 1155 2012 putaverunt.
1231 1950 1314 1998 Ob
1344 1951 1440 1998 hoc
1475 1948 1723 2012 signanter
1756 1958 1906 1997 trans-

157 2035 332 2082 fertur:
371 2042 592 2081 mortuus
618 2040 703 2090 est,
733 2040 786 2078 ut
810 2032 1150 2080 ostenderetur
1175 2047 1277 2079 non
1304 2030 1479 2079 vixisse
1505 2047 1618 2079 eum
1647 2040 1758 2094 post
1784 2029 1906 2079 dilu-

159 2114 305 2173 vium,
335 2115 422 2162 sed
453 2113 503 2161 in
533 2114 712 2162 eodem
747 2114 1046 2175 cataclysmo
1077 2111 1226 2162 fuisse
1256 2114 1564 2162 defunctum.
1638 2112 1739 2161 Soli
1771 2114 1903 2161 enim

118 2215 131 2222 ·
159 2205 272 2245 octo
298 2194 524 2243 homines
545 2196 595 2242 in
620 2211 731 2243 arca
756 2193 995 2242 diluvium
1017 2204 1287 2243 evaserunt.
1364 2196 1581 2244 Lamech
1608 2194 1902 2258 percutiens.
1929 2201 1983 2248 14

161 2280 261 2326 Iste
286 2277 418 2326 enim
449 2275 685 2340 percussit
717 2284 764 2324 et
795 2275 1036 2324 interfecit
1066 2275 1192 2326 Cain
1217 2296 1226 2325 z
1264 2277 1402 2339 quod
1427 2278 1575 2325 etiarn
1603 2276 1707 2340 ipse
1732 2286 1905 2340 postea

157 2369 459 2423 perpetrasse
479 2358 710 2408 uxoribus
737 2359 1012 2406 confitetur.
1087 2360 1198 2407 Noe
1218 2358 1410 2421 requies
1436 2357 1792 2422 interpretatur,
1816 2375 1905 2422 pro
1929 2371 1983 2419 15

158 2458 218 2491 eo
261 2442 396 2504 quod
427 2440 518 2489 sub
548 2439 633 2488 illo
663 2441 831 2488 omnia
861 2448 989 2487 retro
1023 2456 1171 2502 opera
1206 2439 1497 2502 quieverunt
1528 2456 1614 2502 per
1644 2439 1911 2494 diluvium„

218 2583 235 2608 1
268 2569 347 2609 cal.
368 2575 433 2609 est
453 2583 548 2619 app.
567 2568 614 2606 K
719 2582 744 2619 3
774 2568 873 2620 vae]
897 2583 999 2608 evae
1020 2569 1060 2607 Β
1169 2583 1193 2619 4
1224 2570 1317 2608 cain
1341 2570 1381 2608 id
1404 2576 1467 2608 est
1487 2568 1598 2611 RK:
1630 2577 1754 2609 canet
1776 2570 1818 2608 id
1839 2577 1903 2609 est

162 2624 272 2664 C1T2
292 2639 302 2663 :
331 2630 454 2663 canet
480 2623 555 2663 Tl:
587 2638 668 2664 om.
690 2624 731 2661 A
1021 2636 1044 2672 5
1076 2637 1152 2673 per
1171 2624 1511 2663 interfectionem
1532 2625 1626 2663 abel
1648 2624 1814 2676 K(120n
1836 2626 1900 2663 Ax

160 2682 187 2718 6
217 2679 334 2719 dedit
354 2678 394 2716 Β
543 2691 564 2727 7
596 2691 678 2728 quo
698 2677 834 2730 nom.]
855 2679 1052 2728 quomine
1072 2678 1127 2716 31
1257 2680 1282 2717 8
1312 2680 1450 2718 unitas
1473 2679 1522 2718 Cl
1633 2679 1751 2730 quia]
1774 2679 1843 2728 qui
1873 2679 1910 2716 T

160 2748 187 2784 9
215 2734 334 2773 Sedh
355 2732 396 2770 Β
414 2747 422 2772 :
454 2732 540 2772 Sed
565 2732 599 2771 C
757 2734 1062 2783 interpretatur
1082 2746 1167 2772 om.
1188 2732 1233 2770 K
1250 2733 1354 2785 <non
1375 2733 1439 2785 A)
1571 2746 1621 2773 10
1641 2733 1782 2784 quasi]
1805 2734 1902 2783 quia

160 2789 195 2827 si
219 2788 268 2827 C1
445 2787 575 2838 susc.]
599 2793 816 2836 repararet
836 2787 882 2825 K
897 2787 1000 2837 (non
1020 2788 1084 2838 Α)
1212 2790 1261 2826 16
1289 2788 1396 2839 sint]
1419 2794 1517 2827 sunt
1540 2787 1626 2826 BT
1733 2789 1781 2826 18
1811 2787 1899 2839 vel]

161 2849 203 2882 et
224 2841 269 2880 K
381 2854 429 2891 19
450 2842 716 2881 dirivativum
739 2840 785 2879 K
918 2848 984 2880 est
1004 2855 1086 2881 om.
1106 2840 1199 2879 ΑΚ
1320 2856 1373 2881 2ο
1386 2842 1491 2891 sort.
1508 2849 1698 2881 mortuus
1720 2847 1796 2880 est.
1825 2841 1901 2880 Est

161 2897 338 2936 evidens
421 2909 468 2934 21
503 2910 596 2936 curn
617 2902 738 2946 patre
759 2909 839 2936 om.
862 2895 956 2935 AI<
1063 2909 1115 2935 22
1146 2902 1234 2947 put.
1257 2902 1299 2935 et
1318 2898 1372 2935 ob
1392 2900 1470 2936 hoc
1493 2896 1534 2934 B
1628 2910 1678 2945 24
1710 2895 1900 2935 cataclis-

162 2963 272 2990 mum
294 2950 390 2991 ClT
509 2963 561 3001 25
592 2951 661 2991 dil.
683 2951 724 2988 in
746 2963 843 2989 arca
864 2963 976 2991 evas.
997 2949 1038 2987 Β
1184 2952 1237 2989 26
1267 2951 1368 3003 iste]
1389 2951 1482 3002 ipse
1496 2950 1575 2988 BC
1682 2952 1733 2988 28
1762 2951 1902 2989 omnia

162 3018 245 3045 om.
271 3005 316 3043 K
334 3005 440 3057 (non
462 3004 525 3058 A)
719 3018 849 3055 opere
876 3004 914 3043 T
