2176 3424
412 117 1040 168 ETYMOLOGIARVM
1083 117 1212 163 LIB.
1252 117 1419 164 XVII.
1459 115 1522 163 vii

99 259 276 297 nantur
296 248 534 296 utendum
556 255 607 293 ut
629 243 873 293 medicare
888 242 1067 305 potiUS,
1086 260 1188 290 non
1204 244 1332 291 alere
1349 242 1585 290 videatur.
1650 244 1838 291 Malum
1863 261 1891 310 7

101 329 367 388 Persicum,
394 327 532 376 cuius
559 326 717 375 brevis
742 326 1016 374 admodum
1042 325 1139 372 vita
1163 340 1399 373 concessa
1425 334 1510 383 est,
1532 323 1676 373 trium
1702 341 1843 388 gene-

102 429 209 460 rum
236 413 385 460 fertur
409 426 538 459 esse:
566 410 884 467 duracenum,
908 405 1261 454 Armeniacum
1287 414 1336 454 et
1362 405 1629 454 Persicum.
1693 408 1848 454 Dura-

103 510 281 543 cenum
298 501 610 555 nuncupatur
630 507 689 538 eo
709 490 845 552 quod
864 505 1070 551 pomum
1091 487 1195 536 eius
1215 487 1267 535 in
1281 496 1425 550 gustu
1442 504 1639 537 acorem
1659 489 1845 536 referat.

60 599 80 639 5
105 575 454 624 Armeniacum
489 571 665 622 dicitur
698 571 833 634 quod
869 569 1083 632 primum
1113 586 1268 633 genus
1302 567 1406 618 eius
1439 569 1503 616 ab
1528 568 1764 617 Armenia
1789 568 1850 616 sit

103 659 379 706 advectum.
454 653 704 703 Persicum
734 659 977 711 vocatum,
1010 652 1146 714 quod
1180 668 1289 699 eam
1320 651 1548 699 arborem
1581 651 1767 714 primus
1800 650 1851 698 in

106 743 331 802 Aegypto
357 736 530 786 severit
557 739 777 794 Perseus,
796 751 824 782 a
850 750 950 796 quo
975 749 1027 781 se
1052 732 1288 782 oriundos
1315 734 1591 782 Ptolomaei
1612 732 1848 781 ferebant.

108 823 251 869 Haec
268 820 319 867 in
338 820 539 868 Persida
558 819 769 865 fructum
785 824 984 879 generat
1001 813 1401 873 interfectorium,
1420 815 1553 878 apud
1569 831 1660 862 nos
1686 823 1851 862 autem

106 902 378 950 iucundum
414 917 471 948 ac
506 915 719 947 suavem.
797 899 993 945 Horum
1025 896 1175 944 alium
1215 912 1436 959 praecox,
1463 895 1612 943 alium
1649 904 1852 944 vocatur

38 1011 87 1040 10
108 983 362 1032 aestivum.
435 980 636 1030 Medica
660 980 817 1039 arbor,
840 978 978 1027 cuius
998 995 1183 1026 nomen
1209 977 1358 1026 etiam
1378 977 1677 1026 carminibus
1707 979 1850 1024 Man·
1873 977 1902 1022 8

109 1064 268 1114 tuanis
294 1062 530 1122 inclaruit,
549 1071 797 1125 asportata
821 1060 1034 1124 primum
1059 1077 1087 1108 a
1114 1059 1309 1121 Medis3
1335 1060 1469 1108 unde
1488 1069 1535 1109 et
1555 1060 1852 1108 vocabulum

110 1145 329 1209 sumpsit.
404 1147 552 1193 Hanc
577 1142 752 1193 Graeci
780 1144 1079 1206 κεδρόμηλον,
1102 1143 1264 1190 Latini
1290 1141 1478 1190 citriam
1504 1151 1697 1202 vocant,
1720 1141 1856 1204 quod

111 1230 214 1278 eius
240 1243 444 1291 pomum
470 1243 527 1274 ac
553 1225 669 1274 folia
694 1224 827 1274 cedri
846 1226 1051 1273 odorem
1077 1225 1301 1272 referant.
1359 1225 1551 1272 Malum
1572 1226 1676 1273 eius
1702 1223 1858 1271 inimi-

115 1327 228 1359 cum
253 1308 454 1359 venenis
477 1327 490 1368 3
526 1317 574 1357 et
593 1309 688 1356 hoc
714 1316 786 1356 est
812 1308 948 1370 quod
974 1306 1107 1355 idem
1127 1315 1274 1370 poeta
1296 1306 1493 1371 (Georg.
1522 1324 1560 1366 2,
1587 1309 1698 1369 134)
1721 1306 1858 1354 intel-

44 1415 89 1454 15
115 1391 209 1455 legi
229 1390 393 1449 voluit,
413 1407 526 1438 cum
552 1390 711 1438 tradat
737 1406 795 1437 ex
821 1388 903 1437 illo
928 1389 1079 1437 foveri
1106 1387 1336 1437 animam.
1395 1390 1538 1437 Haec
1557 1388 1702 1436 arbor
1722 1387 1860 1436 omni
1881 1388 1883 1390 ’

115 1490 242 1537 pene
262 1483 482 1536 tempore
502 1473 647 1535 plena
673 1482 745 1519 est
766 1470 940 1533 pomis,
960 1487 1087 1533 quae
1108 1469 1158 1517 in
1178 1486 1235 1519 ea
1254 1471 1429 1532 partim
1457 1479 1661 1529 matura,
1684 1469 1859 1533 partim

115 1555 308 1615 acerba,
333 1553 506 1617 partim
541 1554 705 1601 adhuc
739 1552 789 1599 in
823 1553 941 1600 flore
974 1561 1087 1600 sunt
1117 1553 1276 1614 posita
1294 1571 1307 1612 ,-
1344 1553 1479 1615 quod
1510 1551 1559 1600 in
1591 1554 1763 1601 ceteris
1793 1569 1862 1600 ar-

114 1638 290 1687 borum
318 1653 477 1683 rarum
508 1644 595 1684 est.
670 1636 835 1693 Mella,
866 1650 1014 1696 quam
1048 1633 1225 1683 Graeci
1262 1636 1399 1682 loton
1437 1636 1700 1697 appellant,
1733 1650 1860 1697 quae
1884 1644 1918 1690 9

115 1721 260 1781 vulgo
285 1726 482 1781 propter
501 1717 709 1764 formam
730 1724 777 1764 et
803 1716 1017 1764 colorem
1039 1715 1152 1762 faba
1171 1714 1336 1778 Syrica
1354 1714 1544 1764 dicitur.
1603 1716 1764 1764 Arbor
1789 1725 1861 1764 est

40 1820 92 1848 20
118 1800 249 1849 enim
267 1815 457 1862 magna,
469 1800 679 1846 fructum
698 1798 855 1845 ferens
872 1796 1248 1855 comestibilem,
1266 1796 1499 1846 maiorem
1518 1797 1698 1860 pipere,
1717 1807 1861 1861 gustu

117 1899 330 1941 suavem,
360 1882 493 1930 unde
519 1890 566 1929 et
593 1881 738 1928 mella
763 1888 935 1927 vocata
960 1889 1045 1927 est.
1099 1881 1408 1942 Coccymela,
1432 1896 1580 1942 quam
1609 1879 1770 1928 Latini
1797 1880 1863 1928 ob
1887 1889 1944 1924 10

118 1967 335 2013 colorem
361 1979 572 2027 prunum
598 1970 790 2021 vocant,
818 1961 899 2009 alii
923 1978 951 2009 a
978 1960 1293 2010 multitudine
1327 1961 1455 2010 enixi
1490 1963 1674 2010 fructus
1700 1963 1863 2010 nixam

120 2047 385 2109 appellant.
430 2044 584 2094 Cuius
599 2042 789 2106 generis
808 2045 1120 2091 Damascena
1142 2042 1327 2103 melior,
1350 2060 1378 2091 a
1396 2045 1646 2092 Damasco
1663 2044 1863 2107 oppido,

121 2129 254 2176 unde
280 2126 411 2190 prius
436 2134 683 2188 asportata
707 2135 793 2184 est,
811 2124 956 2173 dicta.
1010 2123 1164 2174 Cuius
1191 2126 1350 2172 solum
1378 2141 1581 2188 pomum
1610 2127 1867 2174 stomacho

50 2223 97 2273 2'5
124 2209 307 2258 mederi
338 2207 602 2271 probatur,
644 2223 758 2254 nam
796 2215 958 2255 cetera
995 2205 1140 2254 noxia
1176 2205 1508 2269 perhibentur.
1585 2209 1727 2256 Haec
1765 2210 1868 2256 sola

122 2291 265 2339 arbor
283 2290 468 2353 gummi
485 2288 785 2352 glutinosum
803 2297 851 2337 et
871 2287 1215 2351 conpactivum
1234 2287 1448 2347 distillat,
1469 2290 1605 2351 quod
1622 2298 1670 2337 et
1687 2287 1867 2337 medici

182 2433 198 2457 1
231 2419 338 2471 non]
358 2432 480 2469 quam
501 2418 546 2457 K
683 2431 707 2456 2
737 2418 801 2456 cui
822 2417 867 2455 K
988 2418 1098 2456 vitae
1124 2420 1189 2467 (ex
1206 2424 1265 2457 -ta
1278 2418 1310 2468 3)
1328 2418 1371 2456 D
1519 2431 1544 2467 3
1574 2417 1690 2469 esse]
1712 2424 1776 2456 est
1800 2417 1866 2457 K:

126 2487 220 2514 esse
242 2474 422 2512 diximus
441 2473 484 2511 D
651 2474 887 2512 duracenus
902 2472 1166 2511 armeniacus
1182 2478 1223 2511 et
1238 2473 1428 2522 persicus
1443 2472 1566 2523 (etita
1582 2474 1624 2511 in
1638 2473 1770 2524 seqq.)
1785 2470 1875 2509 DT

127 2543 151 2579 4
181 2534 469 2579 nuncupatum
491 2528 536 2566 K
645 2528 687 2566 in
711 2542 749 2577 g.
772 2540 972 2578 aquorem
993 2526 1102 2566 DT:
1132 2528 1305 2566 incestis
1325 2540 1512 2566 amorem
1532 2527 1623 2565 ΚΝ
1729 2529 1756 2565 6
1786 2526 1867 2576 pri—

129 2597 239 2622 mum
263 2583 305 2621 K
478 2597 499 2633 7
530 2582 697 2634 persius
717 2582 827 2622 codd.
849 2583 915 2634 (ex
931 2582 1124 2632 persicus
1144 2581 1206 2629 D)
1385 2583 1410 2620 8
1439 2582 1759 2622 interfectorum
1785 2580 1837 2619 T1
1860 2596 1869 2620 z

129 2638 303 2677 -turium
323 2636 367 2675 D
482 2644 622 2676 autem
643 2651 727 2677 om.
751 2637 796 2675 K
903 2650 930 2685 9
958 2649 1136 2686 quorum
1156 2637 1201 2675 K
1292 2642 1484 2676 vocatum
1504 2636 1548 2674 D
1663 2649 1710 2675 12
1740 2648 1868 2685 grece

129 2692 376 2732 dromellam
398 2692 442 2730 D
555 2705 601 2741 13
631 2692 772 2731 folium
801 2691 838 2729 T
941 2691 1094 2730 referat
1115 2690 1159 2728 D
1273 2704 1320 2739 14
1350 2705 1446 2731 ven.
1467 2693 1546 2730 hoc
1575 2691 1612 2729 T
1731 2692 1781 2729 16
1810 2691 1867 2740 pl.

130 2748 186 2787 sit
206 2761 274 2798 po.
297 2747 341 2785 D
469 2747 567 2797 quia
587 2747 627 2784 in
651 2759 700 2785 ea
715 2747 760 2784 K
925 2758 972 2795 17
1003 2745 1045 2783 in
1067 2747 1193 2784 flores
1213 2746 1349 2785 adhuc
1369 2745 1413 2783 D
1540 2745 1673 2798 quod]
1696 2758 1805 2794 quae
1825 2744 1869 2783 D

132 2802 342 2841 ceteribus
362 2801 581 2840 arboribus
599 2801 645 2839 K
663 2816 671 2840 ε
701 2801 854 2840 ceteris
874 2800 1094 2840 arboribus
1116 2800 1159 2839 D
1327 2802 1376 2838 18
1406 2801 1517 2839 Mala
1537 2800 1580 2838 D
1692 2800 1805 2839 laton
1826 2799 1889 2837 D·

133 2856 344 2906 appellant
361 2855 450 2894 DK
464 2869 475 2896 ε
494 2861 649 2895 vocant
669 2855 707 2894 T
782 2868 907 2905 quem
922 2854 1004 2896 vul.
1020 2855 1065 2892 D
1152 2867 1201 2905 19
1230 2854 1315 2894 arb.
1330 2868 1398 2894 en.
1415 2855 1460 2893 K
1550 2868 1602 2894 20
1629 2854 1818 2905 biperem
1841 2853 1879 2891 T

133 2917 300 2960 gustum
319 2910 362 2949 D
555 2923 603 2948 21
637 2910 746 2948 mela
767 2909 809 2948 D
960 2909 1224 2959 Coquimella
1244 2909 1356 2948 codd.
1550 2922 1602 2947 22
1633 2909 1809 2960 primum
1830 2909 1874 2947 D

134 2978 186 3014 23
214 2966 456 3004 damescina
484 2963 521 3002 T
666 2977 716 3014 24
748 2964 1007 3004 stomachum
1030 2963 1119 3002 DK
1269 2976 1320 3013 25
1351 2964 1581 3003 medereD
1688 2965 1792 3002 haec
1809 2977 1871 3003 so,

131 3033 191 3058 ar.
213 3033 294 3060 om.
317 3020 361 3058 K
469 3021 523 3058 26
550 3032 633 3069 quo
654 3019 699 3057 K
