2176 3424
1106 129 1378 178 ISIDORI

311 268 341 301 2
366 257 633 304 Frumenta
671 267 783 304 sunt
822 257 1014 319 proprie
1051 275 1178 320 quae
1211 259 1381 308 aristas
1419 262 1618 319 habent,
1652 263 1812 324 fruges
1843 271 2010 310 autem
2048 280 2118 312 re-

364 337 511 400 liqua.
583 340 621 385 F
624 348 850 387 tumenta
891 348 1056 388 autem
1101 341 1177 388 vel
1216 343 1376 404 fruges
1418 359 1446 390 a
1483 340 1808 408 fru[m]endo‚
1849 344 1944 391 hoc
1980 354 2053 393 est
2089 362 2117 392 a

311 438 341 484 3
364 423 626 480 vescendo,
647 421 808 470 dictae
818 441 831 483 3
865 439 980 470 nam
997 423 1191 471 frumen
1207 422 1384 472 dicitur
1400 441 1593 472 summa
1609 441 1718 487 pars
1733 426 1889 489 gulae.
1953 426 2119 474 Primi-

311 514 343 560 4
367 502 461 551 tiae
487 504 681 566 proprie
707 514 820 552 sunt
846 521 973 567 quae
999 504 1217 568 frugibus
1252 516 1647 569 praecerpuntur.
1721 507 1963 556 Triticum
1989 510 2065 557 vel
2090 526 2119 556 a

365 584 534 633 tritura
548 585 751 645 dictum,
766 603 866 659 quo
877 585 1193 649 purissimum
1210 589 1386 637 horreo
1397 591 1681 648 condeatur,
1696 592 1771 638 vel
1781 589 1896 653 quia
1911 608 2115 654 granum
2140 610 2161 649 5

313 682 343 730 5
365 668 469 717 eius
486 669 785 717 commolitur
801 678 849 718 et
866 668 1047 718 teritur.
1095 672 1188 718 Far
1205 670 1383 719 dicitur
1400 689 1459 719 eo
1480 673 1616 733 quod
1637 670 1777 719 initio
1794 673 2094 735 frangeretur
2105 691 2118 733 3

363 754 497 816 apud
523 751 752 814 antiquos
770 751 902 800 enim
921 754 1161 799 molarum
1188 770 1305 801 usus
1331 755 1555 801 nondum
1574 762 1688 812 erat,
1712 755 1800 802 sed
1817 755 2115 803 frumentum

303 841 337 887 6
363 832 412 880 in
430 832 528 896 pila
545 832 750 882 missum
767 834 1057 895 frangebant
1068 852 1081 893 ,·
1115 844 1161 882 et
1183 835 1278 882 hoc
1298 845 1399 883 erat
1414 851 1567 898 genus
1586 835 1820 884 molendi.
1860 837 2115 885 Adoreum

362 913 507 963 tritici
532 931 701 978 genus,
730 916 867 977 quod
893 915 1025 963 idem
1063 917 1210 978 vulgo
1237 932 1407 965 semen
1433 916 1623 966 dicitur.
1695 918 1834 965 Ador
1858 918 2111 980 quondam

359 997 662 1059 appellatum
693 997 756 1044 ab
790 998 1003 1055 edendo,
1042 995 1157 1059 quia
1194 1014 1252 1046 eo
1286 997 1443 1060 primo
1481 998 1555 1047 usi
1593 1008 1705 1047 sunt
1739 998 1980 1059 homines,
2011 999 2112 1048 sive
2137 1018 2176 1046 ιε

360 1078 475 1141 quia
500 1078 550 1126 in
577 1077 816 1126 sacrificio
837 1077 987 1141 ipsius
1012 1080 1203 1141 generis
1229 1079 1369 1143 panis
1385 1082 1449 1129 ad
1468 1097 1574 1129 aras
1594 1081 1901 1129 offerebatur.
1965 1083 2112 1130 Vnde

309 1174 337 1223 7
361 1170 408 1209 et
443 1162 626 1209 adorea
662 1159 898 1208 sacrificia
923 1159 1165 1209 dicuntur.
1241 1161 1391 1224 Siligo
1424 1179 1579 1225 genus
1612 1161 1757 1210 tritici
1783 1179 1812 1209 a
1837 1163 2019 1210 selecto
2045 1164 2115 1211 di-

306 1249 335 1295 8
360 1252 494 1291 ctum
515 1261 527 1302 3
560 1260 672 1291 nam
701 1242 751 1290 in
777 1259 904 1306 pane
921 1242 1110 1305 species
1131 1244 1234 1292 eius
1261 1243 1524 1306 praecipua
1554 1253 1640 1292 est.
1703 1243 1970 1292 Trimestre
1995 1243 2114 1291 triti-

360 1340 473 1372 cum
500 1325 614 1373 ideo
639 1334 978 1387 nuncupatum
1015 1324 1129 1387 quia
1156 1334 1314 1372 satum
1346 1334 1457 1387 post
1488 1334 1582 1373 tres
1615 1341 1807 1374 menses
1839 1324 2081 1388 colligitur
2098 1344 2110 1385 3

360 1406 474 1454 nam
502 1405 587 1454 ubi
625 1416 824 1469 propter
848 1423 1027 1469 aquam
1064 1405 1219 1455 aliave
1245 1423 1393 1455 causa
1430 1416 1618 1454 matura
1653 1406 1776 1455 satio
1813 1405 1994 1455 omissa
2019 1416 2105 1464 est,
2140 1426 2176 1466 ¹5

302 1501 335 1546 9
359 1487 658 1551 praesidium
692 1488 756 1536 ab
794 1490 889 1537 hoc
920 1488 1114 1551 petitur.
1189 1487 1330 1536 Alica
1363 1490 1607 1537 Graecum
1644 1505 1827 1537 nomen
1853 1498 1939 1537 est.
2014 1486 2110 1536 Ali-

278 1576 336 1611 10
360 1579 573 1618 castrum
600 1569 757 1618 simile
783 1579 857 1618 est
881 1569 1049 1629 alicae,
1078 1571 1299 1633 pondere
1325 1580 1372 1618 et
1400 1570 1619 1619 bonitate
1646 1570 1920 1634 praecipua.
1986 1572 2114 1618 Hor-

359 1653 509 1700 deum
547 1651 735 1701 dictum
775 1654 910 1715 quod
948 1669 1062 1715 prae
1100 1652 1272 1702 ceteris
1309 1652 1571 1715 generibus
1609 1651 1841 1701 frumenti
1878 1661 1993 1701 ante
2029 1653 2112 1699 fiat

355 1735 563 1793 aridum,
586 1736 662 1783 vel
689 1736 825 1797 quod
852 1733 987 1797 spica
1006 1733 1110 1782 eius
1128 1734 1325 1783 ordines
1343 1734 1536 1783 habeat.
1596 1737 1792 1783 Horum
1811 1734 1899 1784 tria
1917 1750 2108 1798 genera.

358 1815 576 1863 Primum
616 1815 895 1864 hexaticum
936 1826 1138 1864 vocatur
1182 1832 1242 1864 eo
1281 1818 1416 1878 quod
1460 1816 1594 1878 spica
1637 1816 1741 1865 eius
1791 1833 1873 1866 sex
1913 1815 2109 1865 ordines
2138 1834 2174 1862 2(

357 1897 537 1945 habeat
559 1916 571 1957 ,-
607 1899 743 1960 quod
770 1897 973 1960 quidam
1000 1897 1306 1946 canterinum
1329 1899 1593 1960 appellant,
1622 1897 1856 1960 quoniam
1881 1897 2111 1946 animalia

357 1978 531 2027 melius
558 1996 707 2042 quam
727 1979 942 2027 triticum
963 1979 1132 2042 pascit,
1156 1989 1204 2027 et
1229 1978 1456 2027 homines
1482 1979 1723 2028 salubrius
1750 1997 1899 2043 quam
1924 1981 2109 2027 malurn

357 2060 586 2109 triticum.
662 2063 887 2110 Alterum
925 2060 1189 2122 distichon,
1227 2077 1287 2109 eo
1325 2062 1461 2123 quod
1500 2062 1626 2109 duos
1664 2061 1862 2110 ordines
1899 2061 2110 2120 habeat3

359 2143 491 2190 hunc
517 2142 737 2205 plerique
757 2142 1038 2192 Galaticum
1063 2152 1254 2190 vocant.
1317 2141 1539 2191 Tertium
1566 2142 1820 2203 trimestre,
1847 2142 1979 2206 quia,
1995 2160 2108 2192 curn

291 2236 335 2269 11
359 2224 490 2287 cogit
514 2226 794 2284 necessitas,
822 2241 973 2273 verno
1007 2225 1275 2273 seminatur
1308 2233 1355 2272 et
1380 2223 1601 2273 celeriter
1635 2225 1891 2288 colligitur.
1964 2226 2109 2273 Scan-
2134 2247 2176 2287 23.

358 2308 474 2355 dula
498 2323 526 2353 a
550 2306 793 2355 divisione
826 2315 1034 2366 vocata;
1076 2308 1257 2369 duplex
1284 2315 1357 2354 est
1390 2306 1521 2354 enim
1555 2309 1918 2370 scanditurque,
1952 2307 2002 2356 id
2036 2317 2108 2356 est

408 2449 433 2473 2
461 2450 486 2474 a
509 2436 730 2474 frumendo
751 2435 817 2475 K:
847 2449 871 2474 a
899 2437 1076 2474 fruendo
1099 2436 1164 2475 D:
1196 2449 1220 2474 a
1240 2435 1453 2475 frumento
1481 2436 1509 2474 Ἰ
1621 2449 1646 2485 3
1678 2438 1789 2476 dicta
1809 2435 1855 2473 K
1962 2451 1987 2486 4
2017 2436 2103 2488 vel]

355 2504 458 2530 vero
479 2489 525 2528 K
646 2505 670 2540 5
701 2491 803 2542 quo]
826 2492 939 2540 quod
959 2489 1050 2528 DT
1155 2492 1387 2530 condeatur
1407 2490 1520 2530 DK:
1551 2491 1776 2530 condiatur
1802 2490 1840 2529 T
1956 2493 1983 2528 6
2012 2503 2104 2529 cum

355 2546 524 2584 molitur
543 2546 774 2594 proteritur
793 2545 839 2582 K
910 2547 1020 2596 quod
1041 2546 1084 2583 in
1107 2546 1164 2586 in.
1182 2544 1246 2586 K:
1279 2546 1389 2594 quod
1410 2546 1462 2584 ab
1482 2545 1539 2585 in.
1560 2545 1602 2583 D
1698 2560 1720 2596 7
1751 2545 1884 2597 enim]
1906 2550 2045 2584 autem
2062 2545 2105 2584 D

355 2602 381 2638 8
410 2600 453 2639 in
474 2600 580 2649 pilas
601 2600 717 2639 Serv.
741 2600 801 2639 ad
816 2600 923 2640 Aen.
951 2614 983 2650 1,
1007 2613 1082 2650 179
1267 2600 1540 2638 Adhorreum
1561 2600 1606 2638 D
1787 2601 2002 2639 Adoreum
2021 2630 2031 2639 .
2058 2630 2067 2640 .
2088 2629 2098 2639 .

357 2655 509 2694 dicitur
527 2669 609 2695 om.
632 2654 845 2706 KN(non
867 2654 968 2707 EU)
1099 2668 1125 2705 9
1155 2654 1270 2693 Edor
1288 2653 1353 2693 K:
1386 2655 1554 2694 Caedor
1573 2655 1657 2694 DE
1679 2655 1779 2707 (pro
1796 2655 1829 2694 C
1852 2655 1915 2694 vel
1931 2654 2005 2702 Ca,
2027 2653 2052 2692 i.
2068 2667 2099 2693 e.

357 2710 526 2761 capituli
542 2710 640 2749 novi
653 2710 785 2760 szgnO,
808 2710 929 2759 edor)
1041 2711 1252 2759 quendam
1273 2709 1363 2747 DT
1483 2723 1533 2748 10
1560 2710 1641 2749 visi
1660 2709 1707 2747 K
1816 2723 1866 2748 12
1896 2709 2104 2748 adhorrea

357 2777 466 2804 saer.
488 2764 533 2803 D
668 2770 835 2803 serecto
854 2765 898 2803 D
1067 2777 1115 2813 13
1144 2764 1366 2803 Trimense
1386 2762 1431 2800 K
1447 2778 1456 2803 ε
1486 2764 1537 2803 -si
1559 2764 1603 2802 D
1773 2776 1820 2812 14
1850 2770 1938 2803 tres
1958 2776 2038 2803 om.
2059 2762 2104 2800 D
2164 2795 2166 2797 ,

361 2831 409 2868 15
439 2819 509 2858 ubi
530 2832 611 2858 om.
640 2818 689 2856 T1
897 2831 974 2868 pro
996 2832 1062 2869 aq.
1085 2823 1133 2857 ut
1148 2818 1230 2858 vid.
1254 2818 1314 2856 D1
1526 2819 1703 2858 aliamve
1719 2817 1766 2856 K
1976 2829 2102 2856 causa

359 2875 426 2925 (ex
443 2875 529 2925 -se)
559 2872 619 2912 T:
650 2885 816 2912 causam
837 2873 928 2912 DK
1040 2875 1088 2912 18
1117 2879 1243 2912 antea
1263 2872 1351 2911 DT
1458 2885 1508 2923 19
1535 2873 1719 2912 habeant
1739 2871 1786 2910 K
1893 2885 1946 2910 20
1975 2884 2101 2911 sexa·
2173 2900 2176 2901 γ

357 2929 487 2968 ticum
509 2929 552 2968 D
635 2941 691 2967 ex
710 2928 861 2967 ordine
890 2928 927 2966 T
1029 2941 1079 2966 21
1113 2928 1283 2978 quidem
1303 2926 1348 2965 D
1417 2928 1531 2977 quod
1552 2941 1621 2967 an.
1641 2926 1688 2965 K
1796 2939 1848 2975 24
1878 2926 2100 2966 calaticum

355 2983 466 3022 codd,
627 2983 817 3023 Tertium
838 2996 923 3021 om.
944 2982 988 3020 D
1143 2983 1338 3021 trimeste
1367 2981 1426 3021 T:
1456 2983 1702 3021 trimensem
1723 2979 1769 3019 K
1783 2997 1790 3021 ε
1823 2986 2038 3021 tremense
2057 2981 2100 3020 D

356 3038 476 3088 quia]
495 3039 607 3087 quod
629 3036 674 3075 K
781 3039 834 3075 26
861 3037 1078 3077 scanditur
1097 3037 1140 3076 id
1160 3035 1206 3075 K
