2176 3424
495 109 1126 159 ETYMOLOGIARVM
1167 111 1295 158 LIB.
1335 112 1382 158 X

85 236 148 284 ad
185 233 478 284 nubendum
516 231 708 282 habilis.
780 234 944 281 Nemo
982 231 1046 280 ab
1086 231 1290 281 homine
1323 240 1548 290 tractum,
1577 230 1628 279 id
1662 239 1735 279 est
1765 245 1830 278 ne

86 317 253 375 homo,
271 316 408 379 quod
425 323 498 364 est
521 331 610 378 pro
636 315 773 363 nullo
790 332 803 375 ;
829 315 991 362 nullus
1008 323 1175 363 autem
1195 313 1335 377 quasi
1354 330 1417 363 ne
1437 315 1579 362 ullus.
1632 315 1827 372 Nullus,

86 414 150 446 ne
175 398 316 446 ullus.
391 395 546 445 Nihili
575 395 892 459 conpositum
918 405 992 444 est
1017 413 1076 445 ex
1100 396 1169 444 nil
1195 406 1242 445 et
1261 397 1376 445 hilo.
1452 396 1628 445 Hilum
1662 406 1829 446 autem
1852 399 1941 457 185

85 481 241 527 Varro
266 477 333 526 ait
352 477 631 540 'significare
664 478 934 527 medullam
957 476 1061 526 eius
1086 479 1270 527 ferulae
1301 494 1450 540 quam
1478 477 1654 527 Graeci
1681 478 1831 539 ἀσφό-

40 582 62 621 5
87 561 223 610 δελον
257 569 436 608 vocant
454 577 468 620 3
516 569 564 608 et
601 560 670 608 sic
707 558 806 609 dici
840 561 974 622 apud
1015 577 1106 608 nos
1145 559 1354 608 nihilum
1397 563 1656 623 quomodo
1697 562 1831 625 apud

87 645 304 693 Graecos
330 643 435 691 οὐδὲ
462 646 562 708 γρῦ.
637 643 868 704 Nequam
893 658 922 689 a
953 643 1083 690 malo
1116 642 1337 705 plerique
1363 641 1653 706 distingunt,
1678 642 1831 691 alium
1854 639 1947 688 186

86 724 430 789 perniciosum,
450 723 601 772 alium
618 740 800 786 nugam
817 722 1150 772 existimantes
1170 742 1181 785 3
1216 733 1269 772 ut
1287 723 1355 772 ait
1376 724 1634 773 Munatius
1655 744 1664 773 :
1701 728 1711 750 ‘
1730 724 1832 773 Hic

86 808 379 856 adulescens
404 821 634 868 nequam,
662 821 764 854 non
791 806 979 865 maluS,’
1006 804 1056 853 id
1082 814 1156 854 est
1182 822 1355 869 nugax,
1380 822 1483 854 non
1507 805 1828 869 perniciosus.

88 886 187 935 Alii
222 888 549 947 confundunt,
590 885 729 948 quasi
766 894 1032 948 utrumque
1074 904 1230 935 unum
1267 886 1501 950 idemque
1538 889 1829 951 significent.

11 990 66 1017 ,ιο
91 971 320 1031 Nequam
352 985 410 1017 ex
440 985 501 1017 eo
530 969 667 1030 quod
697 984 790 1016 nec
815 967 1083 1030 quicquam
1109 968 1183 1028 sit,
1213 969 1263 1017 id
1290 978 1362 1018 est
1388 986 1446 1018 ex
1467 986 1527 1018 eo
1553 971 1690 1032 quod
1709 969 1832 1019 nihil
1856 977 1945 1036 187

89 1049 162 1109 sit,
190 1059 378 1099 veteres
403 1049 592 1098 dictum
621 1047 773 1115 [esse]
800 1050 1076 1098 voluerunt.
1151 1051 1353 1109 Neuter,
1373 1067 1537 1113 neque
1563 1051 1643 1100 ille
1667 1069 1831 1114 neque

88 1131 178 1180 iste
196 1150 209 1192 3
235 1131 375 1194 quasi
393 1130 579 1181 diceret
604 1147 667 1179 ne
693 1139 913 1193 uterque.
988 1131 1230 1192 Nefarius,
1251 1149 1353 1181 non
1378 1132 1557 1196 dignus
1574 1134 1710 1193 farre,
1730 1150 1832 1195 quo
1855 1133 1946 1182 188

88 1212 246 1276 primo
266 1212 364 1261 cibi
380 1229 558 1276 genere
574 1212 672 1261 vita
697 1212 957 1261 hominum
984 1214 1362 1263 sustentabatur.
1440 1212 1599 1280 [Alias
1617 1214 1830 1264 nefarius

89 1311 180 1343 nec
200 1292 484 1359 dicendus]
559 1292 629 1360 [N
634 1293 820 1355 utritor,
839 1294 980 1357 quasi
1005 1305 1128 1343 nutu
1155 1294 1413 1363 eruditor.]
1486 1298 1534 1346 N
1538 1298 1761 1356 efandus,
1781 1297 1833 1346 id

11 1400 66 1440 ,15
90 1385 162 1425 est
188 1392 279 1424 nec
305 1375 641 1425 nominandus
674 1376 892 1438 quidem.
967 1377 1186 1426 Nuntius
1217 1387 1290 1426 est
1318 1376 1412 1444 [et]
1441 1378 1526 1441 qui
1554 1378 1750 1427 nuntiat
1786 1388 1834 1427 et
1859 1382 1956 1442 189

89 1459 226 1520 quod
260 1457 525 1518 nuntiatur,
552 1459 603 1506 id
634 1467 707 1507 est
737 1460 938 1525 ἄγγελος
968 1460 1042 1507 καὶ
1075 1461 1286 1526 ἀγγελία.
1362 1461 1461 1509 Sed
1494 1460 1697 1509 nuntius
1730 1460 1836 1524 ipse

90 1540 243 1587 homo
267 1556 444 1603 genere
470 1539 777 1590 masculino:
814 1542 865 1590 id
885 1557 1014 1602 vero,
1042 1544 1178 1604 quod
1203 1542 1410 1601 nuntiat,
1439 1559 1616 1605 genere
1642 1551 1832 1603 neutr0‚

90 1631 143 1670 ut
180 1623 275 1670 hoc
311 1623 542 1670 nuntium
591 1631 640 1671 et
680 1624 803 1672 haec
840 1623 1027 1672 nuntia.
1103 1626 1395 1684 Nazaraeus,
1435 1623 1486 1673 id
1523 1634 1597 1673 est
1635 1633 1835 1673 sanctus
1861 1638 1959 1685 190

94 1701 203 1752 Dei.
281 1705 558 1752 Nazaraeus
585 1703 704 1752 olim
730 1703 988 1753 dicebatur
1012 1704 1097 1767 qui
1114 1715 1334 1754 sanctam
1366 1722 1562 1755 comam
1587 1707 1835 1756 nutriebat

12 1807 70 1836 ,20
92 1794 140 1834 et
165 1783 287 1832 nihil
312 1784 702 1834 contaminatum
729 1786 1082 1849 conspiciebat,
1109 1786 1366 1836 abstinens
1400 1804 1452 1836 se
1479 1805 1509 1836 a
1541 1788 1656 1837 vino
1682 1788 1836 1838 omni-

93 1884 189 1930 que
215 1866 380 1927 sicera,
409 1883 536 1929 quae
561 1876 781 1916 mentem
806 1868 870 1916 ab
896 1866 1084 1931 integra
1108 1868 1316 1918 sanitate
1344 1871 1588 1932 pervertit.
1665 1872 1835 1934 Nugas
1860 1889 1945 1935 191

92 1958 256 1997 autem
286 1948 576 1997 Hebraeum
596 1965 780 1998 nomen
807 1959 892 1998 est.
971 1952 1048 1998 Ita
1072 1953 1205 2000 enim
1232 1951 1282 1998 in
1310 1950 1569 2013 Prophetis
1595 1961 1668 2000 est
1693 1968 1837 2014 expo-

92 2028 252 2089 situm,
290 2028 376 2078 ubi
411 2029 531 2078 dicit
567 2030 843 2093 Sophonias
870 2030 936 2095 (3,
957 2031 1043 2095 4):
1085 2034 1297 2095 ‘Nugas,
1337 2032 1421 2094 qui
1470 2049 1500 2081 a
1535 2035 1642 2096 lege
1683 2050 1837 2082 reces-

93 2109 289 2169 serunt,'
316 2119 369 2158 ut
393 2127 541 2159 nosse
565 2111 811 2174 possimus
832 2113 1049 2176 linguam
1073 2114 1376 2162 Hebraicam
1402 2113 1626 2163 omnium
1653 2115 1837 2179 lingua-

11 2215 68 2256 ,25
93 2210 199 2241 rum
240 2208 346 2241 esse
389 2202 610 2242 matrem.
698 2195 746 2242 N
750 2193 1027 2257 ugigerulus
1069 2197 1344 2258 appellatus
1385 2197 1449 2245 ab
1496 2213 1556 2245 eo
1599 2198 1735 2259 quod
1774 2196 1834 2245 sit
1859 2215 1955 2263 192

92 2274 245 2337 turpis
270 2273 488 2322 nuntius.
561 2277 608 2324 N
613 2276 854 2338 eglegens,
886 2274 1073 2342 [quasi]
1100 2294 1193 2326 nec
1223 2279 1404 2340 legens.
1477 2278 1647 2342 Nepos
1673 2279 1835 2328 dictus
1860 2299 1956 2346 193

91 2371 121 2403 a
143 2371 322 2418 genere
347 2356 566 2417 quodam
592 2358 909 2420 scorpionum
936 2358 1020 2420 qui
1045 2368 1187 2407 natos
1204 2375 1319 2408 suos
1345 2360 1607 2420 consumit,
1630 2371 1836 2425 excepto

154 2499 170 2524 1
203 2499 227 2523 a
257 2485 456 2524 nubendo
474 2485 516 2523 B
626 2492 784 2526 tractus
808 2486 895 2525 KT
998 2501 1020 2525 2
1053 2487 1164 2526 Null.
1190 2500 1243 2526 ne
1264 2488 1334 2527 ull.
1356 2501 1438 2527 om.
1461 2488 1502 2527 Β
1611 2503 1636 2539 3
1668 2490 1778 2530 Nicil
1809 2491 1846 2528 T

95 2554 151 2578 ex
171 2540 358 2579 nehetilo
382 2540 432 2579 C1
516 2539 630 2578 illurn
651 2555 716 2581 au.
743 2542 793 2581 C1
907 2555 933 2590 4
964 2541 1156 2581 feruntae
1179 2542 1230 2582 C1
1326 2556 1451 2593 quarn
1475 2575 1483 2583 .
1506 2574 1514 2583 .
1541 2574 1549 2583 .
1574 2557 1666 2585 voc.
1689 2559 1770 2585 om.
1796 2545 1844 2583 K

97 2597 200 2644 (non
216 2594 280 2643 A)
368 2607 393 2644 5
415 2599 457 2633 et
477 2594 513 2634 si
537 2593 575 2632 T
646 2597 674 2634 6
698 2595 785 2635 οὐδὲ
799 2596 872 2647 ’γρῦ
891 2596 1015 2635 Arev.
1041 2611 1049 2635 :
1068 2597 1223 2635 videtoi
1244 2596 1393 2637 KTU:
1409 2598 1580 2638 vedetoi
1595 2600 1637 2637 A
1662 2614 1670 2638 :
1690 2600 1835 2639 videto

95 2649 163 2687 Β]
175 2663 183 2687 z
213 2649 390 2687 videtoti
415 2649 474 2688 C:
503 2649 675 2688 videton
695 2649 743 2687 X
875 2651 926 2690 al.
952 2664 1072 2700 pern.
1097 2665 1178 2691 om.
1206 2650 1255 2689 Cl
1459 2665 1480 2701 7
1513 2667 1719 2703 nugacem
1742 2654 1832 2694 dett.

96 2703 307 2742 monatius
325 2702 486 2741 BIKM
499 2717 510 2742 t
529 2705 767 2743 monantius
797 2705 851 2743 T:
873 2706 1093 2744 monacius
1118 2705 1152 2744 C
1258 2707 1284 2744 8
1304 2708 1430 2756 fugax
1449 2707 1560 2748 codd.
1642 2721 1727 2747 non
1748 2722 1830 2748 om.

96 2756 254 2797 BCITl
381 2771 431 2796 10
460 2757 698 2807 Nequitiam
730 2757 828 2796 T2X
954 2772 998 2798 11
1030 2773 1128 2799 esse
1147 2761 1240 2800 hab.
1264 2760 1439 2800 BCIX:
1467 2768 1533 2801 est
1561 2762 1615 2801 T:
1645 2775 1726 2802 om.
1747 2762 1842 2802 AI<

102 2824 150 2850 12
178 2825 256 2851 nec
277 2818 334 2851 ut.
360 2811 448 2850 ΒΚ
577 2825 624 2862 13
654 2813 944 2853 sustinebatur
971 2814 1028 2853 T:
1058 2814 1376 2855 sustinebantur
1397 2816 1448 2855 Cl
1556 2816 1622 2855 Al.
1649 2817 1731 2856 nef.
1756 2830 1834 2856 nec

99 2866 181 2905 dic.
196 2865 290 2905 hab.
308 2866 451 2906 BCU:
483 2880 566 2906 om.
582 2867 696 2906 IKT
799 2881 845 2919 14
878 2869 999 2908 Nutr.
1025 2898 1033 2908 .
1057 2899 1066 2909 .
1091 2902 1101 2912 .
1123 2870 1242 2909 erud.
1257 2870 1348 2912 hab.
1370 2869 1597 2911 CTUVX:
1627 2885 1710 2911 om.
1730 2871 1842 2912 BIK

102 2931 150 2969 15
179 2919 277 2970 nec]
296 2934 352 2960 ne
380 2920 536 2973 T<n0n
561 2921 662 2973 HV)
841 2923 955 2974 quid.
976 2937 1055 2963 nec
1073 2924 1279 2963 dicendus
1299 2923 1348 2962 X
1499 2931 1544 2964 et
1563 2926 1655 2965 hab.
1677 2925 1836 2967 BCT²2

99 2986 180 3012 om.
204 2973 250 3012 K
255 2973 303 3012 Tl
389 2989 443 3014 2ο
472 2976 639 3028 consp.]
661 2976 895 3028 accipiebat
918 2979 953 3018 C
1070 2991 1122 3018 22
1153 2977 1240 3030 est]
1260 2985 1303 3019 et
1325 2978 1375 3018 Cl
1486 2991 1538 3028 23
1567 2987 1836 3020 recesserant

99 3026 189 3067 ΒΚ
320 3043 370 3078 24
402 3043 622 3080 possemus
643 3030 690 3069 K
794 3045 844 3082 25
873 3033 1113 3084 appellatur
1133 3031 1180 3071 K
1283 3035 1336 3074 26
1364 3034 1482 3085 quasi
1504 3034 1596 3073 hab.
1624 3034 1659 3074 C
1664 3034 1702 3074 T
1711 3048 1721 3076 t
1749 3049 1830 3077 om.

98 3081 254 3121 ABIK
386 3097 464 3123 nec
485 3086 632 3135 legens
653 3099 734 3126 om.
759 3086 892 3126 ABI:
925 3100 1003 3126 nec
1026 3088 1188 3137 eligens
1212 3086 1304 3128 CT2
