2228 3444
1021 110 1296 158 ISIDORI

1296 233 1356 277 iii.
1383 235 1457 278 De
1479 232 1656 278 diebus.

1304 306 1359 349 iv.
1387 308 1460 350 De
1481 314 1630 351 nocte.

1320 394 1360 422 v.
1386 380 1459 422 De
1482 379 1792 423 hebdomada.

1304 452 1361 493 vi.
1386 453 1459 495 De
1481 451 1734 495 mensibus.

404 247 444 275 v.
469 231 593 289 Quid
616 231 673 276 sit
698 232 767 276 ius
791 229 941 277 civile.

382 304 439 348 vi.
467 304 591 361 Quid
610 305 665 349 sit
690 305 760 349 ius
783 305 1006 362 gentium.

363 378 438 422 vii.
463 378 585 435 Quid
610 378 667 422 sit
692 379 761 422 ius
783 378 994 422 militare.

345 451 435 495 viii.
461 450 586 508 Quid
610 451 666 496 sit
690 450 757 496 ius
780 451 1030 509 publicum.

384 539 438 568 ix.
463 524 587 581 Quid
611 525 668 568 sit
691 524 761 569 ius
781 523 1025 581 Quiritum.
1160 545 1161 555 π
1286 524 1359 568 νιί.
1385 526 1458 569 De
1510 525 1722 570 solstitiis
1784 533 1828 569 et
1880 526 2036 584 aequi-

396 614 437 642 Χ.
464 598 587 655 Quid
613 596 709 655 [sit]
732 600 817 643 lex.
1439 598 1617 642 noctiis.

378 672 432 718 xi.
459 671 582 729 Quid
607 672 726 716 scita
748 671 969 729 plebium.
1266 670 1358 714 viii.
1385 672 1459 715 De
1482 670 1770 728 temporibus
1794 673 1917 716 anni.

363 745 438 790 xii.
463 745 587 802 Quid
610 753 797 790 senatus
821 744 1096 789 consultum.
1301 743 1356 787 ix.
1382 746 1456 788 De
1480 745 1629 788 annis.

347 818 438 864 xiii.
462 819 587 876 Quid
620 818 887 863 constitutio
917 826 962 862 et
995 817 1117 861 edic·
1160 820 1161 823 ’
1318 833 1358 860 Χ.
1386 819 1458 862 De
1490 817 1851 875 Olympiadibus
1890 826 1933 863 et
1968 819 2036 862 lu-

535 902 646 937 turn.
1161 878 1163 896 ξ
1440 891 1547 937 stris
1570 901 1614 936 et
1637 891 1830 936 iubileis.

352 967 437 1012 xiv.
464 966 587 1023 Quid
640 979 867 1023 responsa
918 964 1117 1021 pruden-
1299 964 1356 1007 xi.
1382 965 1454 1009 De
1479 965 1674 1010 saeculis
1696 975 1740 1010 et
1762 965 2005 1010 aetatibus.

519 1040 648 1084 tium,
1285 1037 1358 1081 xii.
1385 1039 1458 1082 De
1511 1038 1810 1096 discriptione
1858 1047 2036 1095 tempo-

361 1130 431 1158 κν.
459 1115 532 1158 De
547 1113 724 1169 legibus
741 1110 1060 1156 consularibus
1076 1120 1119 1155 et
1442 1126 1558 1155 rum.

521 1184 792 1230 tribuniciis.

346 1260 432 1303 xvi.
460 1261 533 1303 De
556 1259 659 1316 lege
683 1266 854 1302 satura.

332 1332 435 1377 xvii.
466 1335 536 1377 De
560 1332 739 1389 legibus
762 1329 972 1375 Rhodiis.

319 1407 437 1450 xviii.
464 1408 537 1449 De
560 1404 823 1463 privilegiis.

354 1479 439 1523 xix.
464 1479 588 1535 Quid
612 1477 756 1534 possit
779 1478 863 1521 lex,

370 1569 441 1596 xx.
467 1554 622 1608 Quare
643 1551 766 1595 facta
789 1558 858 1594 est
881 1550 966 1593 lex.

353 1625 438 1669 xxi.
466 1624 627 1681 Qualis
651 1625 819 1667 debeat
844 1621 937 1666 fieri
962 1622 1044 1665 lex.

333 1699 437 1744 xxii.
468 1702 541 1742 De
563 1697 732 1742 causis.

314 1771 436 1817 xxiii.
463 1773 538 1815 De
560 1770 769 1815 testibus.

322 1846 438 1890 xxiv.
464 1846 536 1888 De
553 1839 1116 1896 instrumentislegalibus.

339 1935 439 1962 xxv.
466 1920 537 1961 De
561 1918 711 1960 rebus.

319 1991 433 2036 xxvi.
461 1993 533 2035 De
548 1988 818 2033 criminibus
836 1988 880 2031 in
897 1988 996 2043 lege
1011 1999 1118 2030 con-

522 2062 718 2119 scriptis.

300 2138 431 2182 xxvii.
460 2138 531 2180 De
555 2134 718 2193 poenis
744 2135 787 2178 in
806 2133 982 2190 legibus
1008 2147 1117 2176 con-

524 2209 709 2252 stitutis.

649 2339 750 2381 VB

413 2441 438 2484 i.
466 2443 538 2484 De
564 2438 810 2483 chronicae
834 2437 1072 2481 vocabulo.

396 2513 438 2556 ii.
465 2515 539 2556 De
563 2511 810 2555 momentis
835 2518 878 2555 et
902 2510 1039 2554 horis.

343 2670 394 2709 vi.
420 2674 511 2709 ante
526 2683 563 2708 v.
583 2668 628 2706 K
735 2667 804 2706 vii.
830 2666 1001 2705 militiae
1019 2665 1064 2703 K

287 2726 341 2765 sit
360 2739 450 2766 sen.
472 2724 518 2762 K

286 2779 593 2820 strumentibus
614 2777 659 2815 K

283 2848 365 2874 om.
386 2834 423 2873 T
501 2833 544 2872 xi
578 2834 642 2872 De
658 2831 792 2871 seculi
809 2831 990 2870 etatibus
1006 2830 1043 2868 T

286 2889 440 2928 iv—viii.
464 2903 548 2928 om.
578 2888 615 2925 T

286 2944 561 2983 instituerunt
582 2942 627 2980 K

282 2999 338 3037 xi.
363 2999 427 3037 De
448 2997 719 3049 pergamenis
738 2995 776 3033 Β
798 3010 807 3034 :

286 3054 355 3094 xii.
384 3055 448 3092 De
469 3051 740 3103 pergamenis
764 3051 797 3089 C

769 2900 806 2926 v.
830 2886 1095 2926 adduxerunt
1116 2885 1161 2922 K
1222 2926 1225 2927 ⁷

789 2941 843 2979 ix.
881 2940 992 2979 ceris
1021 2953 1102 2978 om.
1131 2938 1208 2978 CT

866 2996 919 3032 ix,
954 2995 1018 3034 De
1040 3006 1122 3034 car.
1147 2999 1190 3033 et
1212 3004 1300 3042 per.

1316 1559 1358 1605 ii.

1297 1780 1355 1824 iii.

1303 1853 1359 1897 iv,

1317 1942 1356 1970 v.

1299 2070 1356 2114 vi.

1284 2216 1358 2259 vii.

1270 2288 1359 2332 viii.

1307 2433 1362 2476 ix,

1173 2679 1213 2705 x.
1240 2664 1293 2703 sit
1305 2662 1395 2701 hab.
1412 2661 1520 2711 RK:
1550 2673 1632 2699 om.
1651 2658 1727 2698 CT

626 2722 721 2762 xvii.
741 2722 855 2761 rodis
873 2721 985 2773 (dis)
999 2718 1120 2759 BCT
1136 2734 1144 2759 :
1189 2718 1361 2759 rudibus
1373 2717 1419 2755 K

779 2775 910 2817 xxvii.
930 2777 994 2814 De
1015 2775 1192 2824 penibus
1207 2774 1249 2812 in
1266 2773 1318 2812 le.
1340 2770 1532 2811 eonstitis
1553 2770 1589 2809 T

1118 2830 1192 2869 xii.
1212 2825 1516 2867 discretioneB

1587 1286 1651 1328 VI

1348 1447 1356 1456 .
1386 1406 1457 1457 De
1484 1414 1620 1457 Novo
1637 1420 1681 1457 et
1696 1412 1852 1457 Veteri
1872 1414 2036 1457 Testa-

1440 1494 1612 1530 mento.

1384 1561 1458 1604 De
1491 1558 1790 1616 scriptoribus
1823 1567 1867 1604 et
1903 1574 2035 1603 voca-

1440 1633 1560 1676 bulis
1598 1640 1863 1677 sanctorum
1898 1632 2034 1676 libro-

1434 1721 1548 1750 runi.

1382 1781 1456 1823 De
1479 1779 1785 1823 bibliothecis.

1386 1855 1459 1897 De
1481 1852 1818 1909 interpretibus.

1382 1926 1471 1983 Qui
1494 1926 1695 1983 primum
1718 1927 1920 1968 Romam
1952 1924 2036 1967 lib-

1440 2014 1513 2043 ros
1536 1998 1815 2043 advexerint.

1383 2071 1472 2126 Qui
1491 2069 1616 2126 apud
1631 2082 1715 2112 nos
1729 2067 2036 2112 bibliothecas

1448 2129 1744 2185 instituerint.

1385 2215 1472 2273 Qui
1496 2214 1641 2258 multa
1663 2213 1958 2270 scripserunt.

1387 2290 1460 2332 De
1496 2286 1745 2343 generibus
1788 2286 2037 2342 opusculo·

1441 2377 1556 2405 rum.

1390 2434 1463 2476 De
1503 2431 1635 2485 ceris,
1674 2429 1812 2474 cartis
1853 2437 1896 2472 et
1935 2444 2037 2485 per-

1443 2503 1668 2561 gamenis.

1829 2657 1902 2696 xii.
1926 2657 2039 2705 Quid

1527 2715 1612 2755 xxi.
1633 2713 1757 2753 debet
1777 2710 1814 2750 T
1920 2711 2033 2750 xxiv.

1721 2768 1759 2805 V
1777 2766 1811 2804 B
1830 2765 1914 2806 viii.
1937 2766 2038 2804 anni

1621 2823 1677 2861 VI
1703 2822 1743 2862 ii.
1762 2832 1981 2859 sacrorum
1994 2819 2040 2857 K

1326 2882 1378 2920 vi.
1403 2880 1673 2919 instituerunt
1693 2877 1752 2918 C:
1783 2875 2037 2914 invenerunt

1326 2936 1380 2974 ix.
1418 2936 1482 2973 De
1517 2932 1663 2972 eaeris.

1362 3004 1403 3029 x.
1431 2989 1494 3027 De
1517 2987 1640 3027 ceris.

1725 2945 1764 2970 x.
1800 2930 1864 2967 De
1889 2928 2031 2968 cartis.

1722 2985 1777 3025 xi.
1803 2985 1866 3022 De
1888 2983 2030 3023 cartis.
