2176 3424
343 122 974 174 ETYMOLOGIARVM
1013 121 1141 167 LIB.
1183 120 1332 167 XIII.
1373 117 1580 166 xviii—xx

84 257 294 310 Arabiae
349 254 569 318 dirigitur
628 250 797 301 stadiis
857 248 1177 313 septingentis
1239 247 1521 311 octuaginta
1541 265 1555 308 ;
1614 245 1823 295 latitudo

83 338 249 389 stadiis
285 345 483 387 centum
521 332 877 398 quinquaginta
913 347 1070 395 usque
1105 332 1169 380 ad
1206 329 1435 379 viciniam
1473 329 1818 378 Sodomorum.

83 424 240 471 Lacus
266 417 541 469 Tiberiadis
564 416 627 465 ab
654 416 839 479 oppido
869 413 1133 463 Tiberiade
1159 421 1378 472 vocatuS‚
1403 412 1539 476 quod
1565 411 1818 475 quondam
1844 422 1875 471 5

84 504 313 552 Herodes
338 500 390 548 in
415 501 655 548 honorem
682 495 868 546 Tiberii
895 497 1117 546 Caesaris
1143 493 1381 543 condidit.
1458 495 1546 542 Est
1578 501 1745 542 autem
1771 493 1821 540 in

19 613 58 654 ⁴¹5
83 586 268 635 Iudaea
309 582 540 631 omnibus
578 579 696 628 lacis
735 577 986 637 salubrior,
1030 586 1076 627 et
1128 578 1193 625 ad
1247 577 1506 625 sanitatem
1557 590 1819 637 corporum

81 665 454 731 quodammodo
498 661 752 712 efficacior.
842 659 1029 710 Circuit
1069 659 1227 708 stadia
1255 696 1265 708 .
1293 697 1303 707 .
1334 697 1344 707 .
1424 657 1646 706 Genesar
1687 658 1822 704 lacus
1845 662 1880 709 6

79 747 408 811 amplissimus
428 745 477 794 in
500 746 686 793 Iudaea
706 742 1016 806 longitudine
1037 750 1239 791 centum
1260 739 1582 803 quadraginta
1608 738 1825 788 extendi-

79 836 156 876 tur
175 825 356 884 stadiis‚
379 822 638 873 latitudine
656 823 979 885 quadraginta
998 820 1301 879 diffunditur,
1323 819 1651 883 crispantibus
1668 817 1822 881 aquiS‚

77 925 245 958 auram
284 924 385 956 non
424 906 595 964 ventis,
643 905 729 953 sed
773 905 836 952 de
880 920 931 952 se
971 902 1079 966 ipso
1120 901 1213 951 sibi
1253 917 1500 950 excreans.
1593 901 1737 949 Vnde
1777 910 1825 949 et

0 1018 57 1048 no
80 993 298 1040 Genesar
334 987 512 1038 dicitur
549 987 740 1035 Graeco
767 984 1024 1044 vocabulo,
1063 984 1202 1048 quasi
1239 1000 1477 1047 generans
1505 982 1596 1031 sibi
1623 998 1790 1031 auram
1815 1002 1827 1042 ;

78 1073 294 1136 denique
319 1087 405 1135 per
424 1069 676 1120 diffusiora
692 1068 848 1132 spatia
864 1070 998 1116 lacus
1020 1066 1360 1130 frequentibus
1376 1066 1505 1114 auris
1526 1064 1825 1128 spirantibus

77 1154 312 1217 agitatur3
350 1154 483 1201 unde
509 1160 556 1200 et
581 1150 747 1215 purior
783 1151 986 1199 haustus
1018 1150 1137 1209 eius,
1167 1157 1214 1196 et
1249 1149 1314 1196 ad
1351 1148 1626 1211 potandum
1664 1145 1822 1195 dulcis

78 1247 126 1286 et
150 1235 340 1285 habilis.
414 1237 641 1283 Benacus
679 1234 814 1281 lacus
854 1231 1027 1280 Italiae
1064 1230 1113 1279 in
1141 1229 1365 1289 Venetia,
1405 1231 1469 1278 de
1507 1246 1607 1292 quo
1644 1228 1819 1278 fluvius
1844 1245 1873 1295 7

75 1317 290 1368 nascitur
316 1315 531 1365 Mincius
550 1334 563 1375 3
598 1316 682 1377 qui
719 1316 853 1363 lacus
890 1311 1228 1376 magnitudine
1264 1311 1338 1361 sui
1375 1319 1691 1374 tempestates
1717 1310 1818 1359 imi-

0 1408 55 1470 η
76 1411 203 1452 tatur
237 1401 459 1449 marinas.
534 1397 775 1446 Lucrinus
818 1406 866 1445 et
905 1399 1129 1445 Avernus
1169 1396 1303 1443 lacus
1348 1393 1652 1457 Campaniae
1691 1402 1818 1442 sunt.
1848 1392 1877 1439 8

79 1484 318 1534 Lucrinus
371 1489 537 1529 autem
586 1479 747 1527 dictus
796 1478 910 1542 quia
959 1479 1076 1525 olim
1125 1485 1323 1540 propter
1370 1474 1565 1539 copiam
1614 1474 1823 1538 piscium

77 1563 332 1626 vectigalia
371 1578 547 1625 magna
584 1560 876 1623 praestabat.
960 1562 1186 1608 Avernus
1234 1567 1399 1606 autem
1448 1559 1583 1605 lacus
1622 1566 1824 1605 vocatus

79 1646 214 1708 quod
255 1661 368 1694 aves
412 1643 479 1692 ibi
514 1643 825 1705 supervolare
865 1658 966 1689 non
1002 1650 1203 1705 possent
1222 1659 1234 1700 ;
1270 1656 1386 1688 nam
1423 1648 1568 1688 antea
1594 1638 1822 1687 silvarum

79 1728 320 1776 densitate
347 1725 415 1774 sic
439 1724 750 1774 ambiebatur
775 1732 828 1772 ut
853 1722 1123 1772 exhalantis
1148 1721 1266 1771 inde
1291 1738 1377 1785 per
1400 1723 1648 1785 angustias
1664 1738 1822 1784 aquae

0 1832 56 1860 120
79 1810 371 1871 sulphureae
421 1808 544 1855 odor
591 1805 903 1869 gravissimus
954 1807 1322 1868 supervolantes
1369 1820 1483 1852 aves
1531 1804 1684 1851 halitu
1734 1820 1822 1852 suo

78 1899 272 1939 necaret
296 1909 305 1938 ε
343 1905 491 1952 quam
519 1905 621 1937 rem
648 1891 902 1951 Augustus
930 1888 1110 1937 Caesar
1139 1888 1440 1949 intellegens,
1468 1884 1672 1934 deiectis
1691 1885 1822 1934 silvis

78 1988 135 2021 ex
160 1971 501 2036 pestilentibus
528 1987 738 2019 amoena
773 1968 988 2018 reddidit
1018 1971 1139 2017 loca.
1215 1970 1374 2016 Lacus
1410 1976 1575 2016 autem
1611 1968 1743 2016 idem
1770 1976 1817 2016 et
1844 1978 1879 2025 9

76 2062 290 2116 stagnus,
316 2052 401 2102 ubi
427 2054 652 2101 inmensa
688 2068 816 2114 aqua
853 2052 1098 2099 convenit.
1175 2052 1304 2099 Nam
1331 2050 1491 2098 dictus
1517 2057 1590 2098 est
1616 2057 1815 2112 stagnus

75 2137 137 2185 ab
163 2152 222 2185 eo
247 2136 383 2198 quod
409 2134 505 2183 illic
529 2151 658 2197 aqua
682 2142 774 2183 stet
800 2149 891 2181 nec
917 2134 1155 2182 decurrat.

0 2243 55 2285 *25
213 2219 294 2265 DE
320 2231 520 2265 ABYSSO.
594 2215 816 2278 Abyssus
841 2213 1147 2278 profunditas
1183 2223 1256 2262 est
1281 2229 1519 2276 aquarum
1545 2212 1819 2276 inpenetra-
1841 2221 1925 2261 XX

78 2299 203 2357 bilis,
232 2298 332 2347 sive
358 2300 622 2361 speluncae
648 2313 885 2360 aquarum
913 2295 1185 2356 latentium,
1213 2312 1240 2344 e
1266 2295 1446 2358 quibus
1472 2296 1631 2344 fontes
1658 2305 1705 2345 et
1736 2298 1820 2345 flu-

78 2380 211 2429 mina
235 2381 510 2444 procedunt
532 2398 545 2439 3
579 2380 655 2428 vel
682 2395 808 2443 quae
828 2379 1021 2427 occulte
1038 2377 1205 2427 subter
1220 2386 1353 2438 eunt,
1381 2378 1515 2427 unde
1541 2386 1589 2426 et
1613 2378 1818 2441 abyssus

77 2463 251 2510 dictus.
326 2463 457 2510 Nam
483 2478 655 2510 omnes
686 2477 856 2523 aquae,
887 2461 987 2509 sive
1019 2468 1276 2520 torrentes,
1301 2476 1386 2523 per
1419 2461 1638 2508 occultas
1663 2475 1812 2509 venas

75 2545 138 2593 ad
164 2543 415 2593 matricem
441 2544 670 2607 abyssum
690 2551 1008 2592 revertuntur.
1083 2543 1284 2590 Fluctus
1309 2541 1427 2591 dicti
1453 2543 1590 2604 quod
1615 2542 1810 2590 flatibus
1835 2550 1864 2585 2

0 2642 59 2692 BQ
77 2626 207 2675 fiant.
267 2627 543 2674 Ventorum
568 2625 699 2674 enim
727 2624 923 2688 inpulsu
948 2623 1156 2687 agitatae
1180 2640 1338 2688 aquae
1363 2625 1614 2673 fluctuant.
1667 2627 1811 2687 Aqua

128 2760 151 2785 2
180 2745 333 2785 vicinia
371 2744 479 2784 BT:
522 2744 661 2784 vicina
701 2745 761 2784 C:
802 2744 958 2783 viniam
997 2743 1042 2782 K
1230 2756 1255 2793 3
1284 2744 1517 2796 quondam]
1555 2745 1724 2794 quidam
1769 2744 1815 2782 K

76 2814 100 2851 4
129 2799 354 2850 honorem]
393 2812 523 2848 opere
557 2799 602 2836 K
776 2801 802 2837 6
831 2798 1089 2850 quodamm.]
1116 2799 1469 2848 quemadmodum
1497 2798 1538 2836 Β
1667 2799 1813 2838 circuit

0 2867 2 2870 ’
77 2855 210 2894 stadia
226 2868 307 2894 om.
327 2853 374 2893 K
393 2855 493 2905 (non
514 2854 559 2891 N
562 2855 577 2904 )
622 2859 625 2862 ’
688 2866 714 2902 9
734 2866 780 2892 se
796 2867 879 2893 om.
896 2854 942 2891 K
1054 2866 1102 2891 12
1131 2866 1198 2892 un.
1221 2867 1272 2892 eo
1292 2866 1383 2903 pur.
1404 2853 1442 2891 T
1549 2866 1597 2903 13
1617 2853 1733 2891 lacus
1753 2853 1814 2892 bis

84 2908 120 2947 T
244 2923 290 2958 17
319 2914 492 2948 vocatur
510 2907 632 2947 BCK
763 2909 811 2947 18
840 2908 1003 2958 possint
1023 2907 1110 2945 ΒΚ
1217 2920 1313 2946 nam
1335 2914 1377 2947 et
1397 2921 1464 2948 an.
1493 2907 1530 2946 T
1662 2920 1712 2957 19
1741 2921 1811 2946 ex·

78 2963 224 3003 halans
244 2963 360 3003 Serv.
383 2962 442 3003 ad
456 2963 561 3002 Aen.
579 2975 616 3014 3,
633 2975 712 3012 442
841 2976 893 3002 20
921 2976 984 3002 av.
1009 2962 1110 3001 alitu
1130 2975 1164 3001 s.
1186 2963 1332 3012 negari
1350 2962 1396 3000 K
1530 2974 1582 3000 22
1612 2962 1750 3001 Locus
1771 2962 1816 3000 K

78 3017 178 3057 item
201 3017 253 3057 C:
288 3031 370 3058 om.
394 3016 448 3055 T1
559 3030 609 3065 24
641 3022 778 3055 currat
798 3017 843 3055 K
965 3029 1016 3066 25
1045 3029 1152 3066 aqua
1173 3015 1257 3066 inp.
1287 3015 1325 3055 T
1432 3018 1484 3054 26
1512 3016 1745 3066 patentium
1770 3017 1816 3054 K

80 3085 129 3122 27
158 3073 305 3111 subter
328 3077 454 3111 reunt
480 3070 517 3108 T
674 3072 786 3109 unde
812 3083 852 3110 et
877 3103 885 3110 .
909 3101 917 3111 .
940 3101 949 3110 .
974 3072 1063 3109 sive
1094 3084 1175 3111 om.
1207 3071 1252 3108 K
1441 3083 1492 3120 29
1521 3075 1737 3110 revertunt
1770 3072 1816 3110 K

81 3139 133 3175 30
162 3127 233 3164 fiat
253 3126 297 3164 K
403 3127 591 3176 agitante
614 3126 650 3164 T
