2228 3444
1024 149 1297 197 ISIDORI

281 272 453 330 iustus,
470 286 556 333 per
577 272 669 318 AE
687 270 962 334 dipthonga
982 269 1312 318 scribendum.
1393 267 1571 316 ‘Exsul
1593 269 1602 289 '
1626 265 1797 316 addito
1825 267 1856 314 S
1883 266 2032 314 debet

282 351 442 412 scribi,
463 351 578 415 quia
598 354 734 401 exsul
755 353 934 402 dicitur
959 352 1042 415 qui
1071 358 1202 400 extra
1232 350 1394 398 solum
1410 357 1498 397 est.
1575 350 1802 398 ‘Exultat
1823 350 1832 370 ’
1857 347 2032 398 melius

281 433 387 483 sine
418 435 449 482 S
484 433 643 483 littera
675 433 913 483 scribitur.
988 435 1121 482 Nam
1157 448 1271 481 cum
1305 432 1412 494 ipsa
1443 433 1490 478 X
1523 447 1582 480 ex
1619 432 1660 481 C
1687 439 1735 480 et
1765 432 1798 481 S
1823 439 2030 490 constat,

222 518 257 565 6
281 518 552 579 quomodo,
583 534 698 565 cum
723 518 774 565 in
799 533 857 564 ea
882 515 956 575 sit,
976 531 1141 563 rursus
1166 513 1210 563 ei
1237 514 1435 562 additur
1458 514 1587 562 alia?
1661 515 1893 576 ‘Aequor
1913 514 1923 534 '
1948 529 2034 575 per

230 606 257 655 7
281 599 556 661 dipthonga
580 599 919 658 scribendum,
934 595 1050 660 quia
1074 597 1138 645 ab
1163 612 1292 658 aqua
1317 603 1390 644 est
1407 611 1590 644 nomen
1611 596 1811 644 factum.
1888 596 2035 643 ‘For-
2055 614 2077 653 5

282 682 407 729 sitan
425 682 435 703 '
451 696 538 744 per
559 683 606 731 N
626 680 946 730 scribendum
972 679 1022 727 in
1049 681 1162 738 fine,
1186 677 1301 741 quia
1325 678 1569 740 integrum
1595 676 1700 725 eius
1724 686 1797 725 est
1820 681 1830 702 ‘
1851 678 1890 725 si
1909 678 2033 726 forte

227 763 257 809 8
281 764 514 812 tandem.'
578 767 588 788 ‘
609 764 648 810 F
652 764 806 822 edus‚'
825 763 963 825 quod
983 770 1056 810 est
1081 759 1329 820 deformis,
1353 775 1439 823 per
1466 760 1506 808 E
1533 761 1689 808 solam
1716 759 2033 808 scribendum

282 842 400 910 [est]
427 865 435 894 ε
466 846 668 894 ‘foedus
687 847 696 866 '
717 845 854 907 quod
874 853 947 893 est
964 852 1184 907 pactum,
1204 859 1317 891 cum
1336 843 1381 891 O
1403 850 1449 890 et
1471 842 1512 890 Ε
1530 841 1803 904 dipthonga
1823 840 2034 890 scriben-

223 944 257 989 9
281 929 415 976 dum.
471 930 759 976 ‘Formosus
777 929 786 948 '
803 926 909 976 sine
926 928 973 975 N
992 925 1232 985 scribitur,
1253 924 1368 988 quia
1386 942 1415 972 a
1431 926 1589 973 forma
1613 933 1826 972 vocatur.
1901 922 2033 990 [Sive

280 1011 428 1058 etiam
453 1027 482 1058 a
507 1012 680 1068 formo,
708 1009 760 1058 id
797 1018 870 1057 θεῖ
907 1007 1069 1056 calido
1092 1026 1100 1066 ;
1148 1009 1279 1056 calor
1314 1008 1446 1055 enim
1485 1007 1734 1069 sanguinis
1759 1006 1906 1054 efficit
1931 1004 2034 1067 pul-
2061 1023 2109 1050 10

279 1089 616 1158 critudinem.]
693 1091 940 1150 ‘Gnatus,’
958 1090 1094 1152 quod
1121 1098 1193 1137 est
1219 1088 1360 1148 filius,
1380 1105 1467 1152 per
1488 1090 1534 1137 G
1559 1088 1891 1146 scribendum,
1920 1084 2035 1148 quia

196 1188 255 1223 10
279 1175 395 1222 facit
409 1182 684 1238 generatus.
737 1175 804 1232 H,
825 1188 953 1235 quae
971 1170 1281 1234 aspirationis
1302 1172 1461 1219 littera
1477 1179 1563 1230 θεῖ,
1577 1170 1627 1217 in
1648 1171 1826 1218 Latino
1842 1177 2034 1217 tantum

280 1257 534 1306 vocalibus
573 1255 788 1319 iungitur
812 1276 821 1305 ι
865 1264 918 1303 ut
941 1255 1160 1312 ‘honor‚'
1202 1253 1412 1312 ‘homo‚'
1441 1255 1452 1277 ‘
1473 1253 1680 1300 humus'
1720 1247 2031 1318 [humilitas]

253 1339 535 1403 ‘Aspiratur
571 1347 737 1388 autem
764 1347 812 1386 et
846 1335 1253 1395 consonantibus,
1287 1336 1374 1384 sed
1412 1334 1463 1382 in
1488 1333 1689 1382 Graecis
1716 1342 1763 1382 et
1790 1331 2035 1381 Hebraeis

279 1421 581 1470 nominibus.
657 1421 856 1469 ‘Heus'
882 1428 1048 1467 autem
1076 1427 1123 1467 et
1152 1419 1303 1466 ‘heu'
1331 1414 1694 1466 interiectiones
1719 1432 1805 1478 per
1840 1417 1891 1462 H
1927 1413 2037 1463 scri-
2062 1429 2108 1470 15

210 1516 256 1549 11
279 1505 490 1553 bendae.
566 1505 769 1552 Ilittera
794 1501 920 1550 inter
946 1502 1068 1550 duas
1094 1502 1289 1549 vocales
1327 1498 1608 1558 constituta,
1640 1496 1712 1546 bis
1751 1496 1896 1546 scribi
1933 1495 2039 1559 qui-

279 1588 394 1636 dam
422 1584 783 1644 existimabant,
803 1592 855 1632 ut
872 1584 922 1631 in
947 1584 1124 1630 ‘Troia
1144 1584 1153 1603 ⁷
1171 1591 1218 1630 et
1243 1586 1252 1607 ‘
1275 1581 1440 1629 Maia.'
1514 1583 1631 1629 Hoc
1656 1579 1778 1628 ratio
1804 1595 1905 1627 non
1932 1594 2039 1642 per-

280 1670 440 1716 mittit.
516 1669 805 1729 Numquam
833 1664 965 1714 enim
986 1673 1082 1714 tres
1107 1665 1303 1713 vocales
1329 1663 1379 1711 in
1406 1680 1505 1711 una
1530 1662 1714 1726 syllaba
1740 1662 2032 1709 scribuntur.

277 1752 375 1801 Sed
404 1752 427 1799 I
454 1751 613 1798 littera
639 1750 764 1797 inter
790 1749 912 1796 duas
951 1748 1146 1796 vocales
1184 1745 1452 1796 constituta
1476 1762 1565 1808 pro
1595 1745 1780 1806 duplici
1811 1743 2033 1791 habetur.

198 1842 253 1878 12
282 1837 292 1858 ‘
311 1834 372 1881 Id
389 1834 398 1855 ²
425 1847 702 1895 pronomen
722 1829 883 1878 neutri
901 1830 1092 1892 generis
1108 1845 1195 1892 per
1214 1831 1259 1876 D
1278 1827 1517 1886 scribitur,
1537 1827 1600 1875 ab
1618 1843 1677 1875 eo
1698 1827 1834 1888 quod
1852 1834 1924 1874 est
1951 1829 1961 1850 ‘
1978 1825 2031 1884 is,
2061 1838 2112 1865 20

281 1932 351 1975 ea,
375 1916 456 1975 id,’
483 1915 598 1977 quia
618 1914 733 1962 facit
758 1912 948 1962 ‘idem.'
1022 1912 1176 1972 Quod
1201 1910 1242 1959 si
1267 1909 1473 1959 verbum
1500 1919 1573 1958 est
1594 1909 1763 1957 tertiae
1778 1923 2032 1970 personae,

202 2010 256 2056 13
280 2014 366 2061 per
381 1999 430 2057 ⁴T
455 1995 720 2055 notabitur,
744 1995 808 2043 ab
835 2011 895 2043 eo
916 1995 1054 2057 quod
1071 2002 1143 2042 est
1167 1997 1177 2017 ‘
1194 2009 1267 2052 eo,
1288 1993 1342 2053 is,
1364 1991 1430 2052 it,'
1450 1989 1586 2057 [quia
1602 1987 1742 2056 facit]
1763 1992 1773 2014 ‘
1794 1989 1915 2038 itur.'
1988 1990 2039 2036 K

280 2081 490 2128 litteram
508 2078 698 2140 antiqui
717 2076 1091 2140 praeponebant
1108 2074 1338 2138 quotiens
1359 2076 1404 2122 A
1422 2073 1733 2136 sequebatur,
1753 2080 1807 2121 ut
1826 2075 1835 2096 ‘
1855 2072 2039 2134 kaput,⁷

285 2162 509 2221 ‘kanna,'
529 2164 538 2185 ‘
557 2162 813 2208 kalamus.'
866 2161 1015 2208 Nunc
1040 2167 1207 2207 autem
1237 2157 1522 2219 ‘Karthago
1543 2157 1552 2176 ⁷
1573 2163 1620 2203 et
1639 2155 1908 2203 ‘kalendae
1929 2155 2040 2217 'per

283 2245 493 2293 eandem
512 2252 705 2292 tanturn
734 2241 1027 2291 scribuntur.
1104 2238 1289 2289 Omnia
1307 2248 1474 2287 autem
1492 2239 1684 2286 Graeca
1703 2235 1907 2284 nomina
1926 2249 2040 2296 qua·
2065 2247 2113 2286 25

203 2330 258 2377 14
283 2325 535 2385 licumque
561 2330 801 2384 sequente
826 2318 984 2368 vocali
1010 2335 1096 2381 per
1123 2320 1172 2365 K
1199 2325 1313 2366 sunt
1339 2316 1614 2364 scribenda.
1690 2318 1700 2339 ‘
1722 2314 1929 2362 Laetus⁷
1956 2327 2042 2374 per

343 2467 360 2492 1
393 2453 536 2493 addita
556 2452 602 2491 Κ
766 2465 790 2502 3
822 2456 987 2490 constet
1003 2463 1097 2489 cum
1119 2450 1162 2488 in
1181 2462 1231 2487 ea
1246 2449 1300 2488 sit
1323 2461 1397 2486 cur
1418 2459 1564 2486 rursus
1584 2446 1629 2485 K
1793 2458 1817 2495 5
1846 2444 2043 2484 scribitur

284 2509 329 2548 K
465 2510 492 2546 6
521 2509 557 2546 si
577 2521 659 2546 om.
682 2506 766 2547 KC
789 2508 891 2558 (non
912 2505 994 2556 Al)
1137 2518 1157 2554 7
1190 2503 1281 2543 sola
1299 2501 1432 2541 BKT
1554 2501 1826 2541 scribendum
1848 2505 1914 2538 est
1937 2498 2015 2538 CK
2034 2512 2043 2536 :

284 2570 349 2604 est
369 2563 640 2603 scribendum
661 2562 722 2600 A2
741 2577 750 2601 z
780 2561 1051 2600 scribendum
1071 2559 1158 2598 BT
1328 2559 1354 2596 8
1386 2569 1479 2596 cum
1503 2570 1555 2596 oe
1574 2556 1654 2595 BC
1779 2554 1980 2594 scribitur
1999 2551 2046 2590 K

285 2634 311 2669 9
340 2618 539 2658 scribitur
557 2634 582 2657 α
603 2616 831 2670 (zABC)
853 2633 883 2668 γ
915 2617 977 2666 (=
995 2614 1179 2667 TUW):
1208 2613 1477 2652 scribendum
1505 2611 1583 2650 M:
1612 2610 1883 2650 scribendum
1910 2613 1976 2646 est
2000 2605 2047 2644 K

288 2674 412 2714 Sive.
433 2704 443 2713 .
464 2703 475 2714 .
493 2674 626 2724 pulcr.
651 2671 744 2711 hab.
764 2672 867 2723 7(=
886 2670 979 2718 TU)
997 2683 1005 2710 :
1038 2683 1122 2708 om.
1141 2684 1168 2707 α
1189 2667 1364 2720 (=BC)
1383 2665 1614 2719 13(=KM)
1757 2678 1807 2703 10
1836 2663 1952 2703 color
1972 2661 2050 2700 TU

290 2741 337 2767 12
367 2728 468 2768 fecit
494 2727 551 2767 Β1
740 2731 974 2776 generatur
1001 2724 1038 2762 T
1054 2725 1132 2775 (tle.
1155 2729 1240 2763 -tor
1253 2723 1285 2775 2)
1430 2721 1471 2760 H
1494 2734 1661 2771 quoque
1681 2733 1768 2771 asp.
1795 2724 1896 2758 nota
1917 2722 1982 2756 est
2000 2716 2047 2755 K

292 2796 341 2833 13
371 2783 588 2824 humilitas
603 2781 695 2821 hab.
725 2780 788 2820 T:
817 2794 900 2819 om.
919 2779 1044 2818 BCK
1193 2791 1242 2827 14
1272 2781 1410 2816 autem
1428 2789 1508 2815 om.
1534 2776 1580 2814 K
1730 2787 1778 2823 15
1810 2772 1993 2812 nominis
2015 2770 2052 2808 T

292 2841 342 2878 16
372 2839 558 2878 litteram
588 2843 625 2877 et
657 2835 928 2875 constitutam
970 2834 1047 2873 CT
1196 2832 1363 2882 quidam
1398 2831 1524 2870 scribi
1566 2830 1603 2868 T
1778 2841 1824 2878 17
1853 2833 1897 2866 ut
1936 2826 2046 2865 troia

290 2900 333 2932 et
369 2906 422 2933 m.
445 2893 516 2932 K:
561 2899 607 2932 ut
636 2892 679 2930 in
710 2891 819 2929 troia
850 2903 905 2929 m.
940 2888 977 2926 T
1139 2889 1188 2926 18
1218 2899 1344 2926 unam
1375 2885 1585 2935 syllabam
1605 2884 1651 2923 K
1810 2895 1859 2921 21
1891 2881 2047 2920 faciunt

291 2948 405 2987 idem
435 2948 471 2986 T
629 2959 681 2985 22
713 2945 952 2984 notabimus
969 2942 1004 2982 C
1135 2942 1233 2992 quia
1246 2941 1348 2980 facit
1362 2941 1447 2979 itur
1462 2939 1615 2980 ABC:
1644 2952 1728 2980 om.
1749 2937 1805 2976 T:
1834 2936 1931 2987 quia
1946 2935 2047 2974 facit

290 3016 376 3044 om.
398 3003 444 3042 K
601 3015 654 3050 24
684 3007 727 3041 et
747 3013 828 3039 om.
853 2999 890 3037 T
995 3010 1047 3047 25
1079 2998 1243 3036 omnia.
1262 3025 1272 3035 .
1291 3026 1300 3035 .
1317 2995 1542 3035 scribenda
1561 3007 1644 3034 om.
1670 2993 1707 3031 T
1865 2991 1919 3029 26
1947 2995 2046 3029 sunt

292 3050 452 3098 om.'K
639 3058 798 3096 Laetus
821 3084 830 3094 .
851 3084 861 3095 .
889 3084 899 3095 .
921 3054 1023 3092 facit
1035 3057 1136 3105 post
1152 3051 1331 3101 sumpsit
1358 3049 1574 3090 calamitas
1591 3046 1672 3087 KL
