2228 3444
502 160 1134 210 ETYMOLOGIARVM
1176 164 1305 210 LIB.
1340 165 1398 210 V.
1440 180 1530 211 xxx

150 291 313 338 cunda
363 291 494 347 feria,
530 306 679 351 quem
730 291 1000 338 saeculares
1050 290 1183 340 diem
1237 294 1407 340 Lunae
1449 302 1640 340 vocant.
1729 293 1894 342 Tertia

150 371 345 420 sabbati
382 370 522 419 tertia
558 371 688 430 feria,
729 387 878 434 quem
915 371 1048 420 diem
1086 375 1154 420 illi
1199 373 1374 422 Martis
1422 383 1616 422 vocant.
1704 377 1892 436 Quarta

149 452 338 501 sabbati
354 462 538 515 'quarta
556 454 686 512 feria,
709 452 792 515 qui
814 452 1047 501 Mercurii
1066 455 1171 503 dies
1192 456 1371 503 dicitur
1389 471 1418 503 a
1436 455 1651 518 paganis.
1705 457 1892 518 Quinta

65 582 68 585 ,
150 535 341 583 sabbati
362 536 533 598 quinta
557 536 675 583 feria
700 545 786 593 est,
808 535 859 583 id
884 544 956 583 est
982 536 1183 598 quintus
1209 554 1237 585 a
1262 539 1343 586 die
1369 537 1638 596 dominico,
1659 537 1743 601 qui
1759 541 1892 602 apud
1916 554 1976 589 10

99 632 121 671 5
148 617 352 679 gentiles
396 616 528 664 Iovis
567 626 781 665 vocatur.
854 619 999 665 Sexta
1034 619 1228 667 sabbati
1262 629 1395 668 sexta
1431 621 1550 668 feria
1583 621 1774 679 dicitur,
1808 623 1891 683 qui

146 699 280 761 apud
306 700 508 748 eosdem
535 715 751 762 paganos
783 702 992 748 Veneris
1025 711 1352 765 nuncupatur.
1426 702 1700 751 Sabbatum
1725 712 1892 751 autem

148 779 385 842 septimus
405 796 432 828 a
452 779 704 829 dominico
731 780 835 830 dies
861 791 946 842 est,
969 799 1118 844 quem
1138 783 1345 846 gentiles
1366 786 1578 833 Saturno
1604 786 1891 834 dicaverunt

147 870 195 909 et
232 861 426 910 Saturni
461 861 852 911 nominaverunt.
941 863 1216 913 Sabbatum
1266 875 1431 914 autem
1469 883 1528 914 ex
1567 867 1804 916 Hebraeo
1842 866 1892 914 in

149 942 379 991 Latinum
396 945 587 1006 requies
613 943 968 1008 interpretatur,
998 963 1058 995 eo
1083 949 1219 1010 quod
1247 950 1384 997 De'us
1411 950 1460 996 in
1488 965 1548 997 eo
1573 948 1893 1012 requievisset

73 1039 123 1068 10
145 1025 208 1073 ab
235 1024 465 1074 omnibus
495 1025 727 1089 operibus
754 1029 866 1075 suis.
942 1027 1125 1077 Melius
1151 1039 1317 1078 autem
1343 1031 1394 1078 in
1419 1030 1893 1097 vocabulis'aedierum
1918 1045 1962 1078 11

145 1108 207 1155 de
224 1123 307 1156 ore
333 1107 615 1158 Christiano
635 1109 753 1157 ritus
774 1109 1012 1172 loquendi
1033 1111 1392 1160 ecclesiasticus
1413 1112 1648 1175 procedit.
1701 1115 1894 1162 Tamen

145 1189 183 1236 si
218 1205 366 1251 quem
399 1190 524 1239 forte
557 1192 868 1240 consuetudo
903 1193 1111 1252 traxerit,
1141 1203 1193 1241 ut
1227 1192 1349 1242 illud
1380 1203 1519 1243 exeat
1548 1210 1607 1243 ex
1640 1211 1724 1243 ore
1758 1196 1895 1258 quod

144 1270 372 1332 inprobat
411 1273 575 1329 corde,
611 1271 861 1335 intellegat
898 1272 1006 1322 illos
1041 1290 1230 1334 omnes,
1265 1277 1328 1324 de
1362 1292 1574 1338 quorum
1607 1278 1894 1325 nominibus

142 1352 373 1414 appellati
393 1362 507 1402 sunt
529 1355 578 1401 hi
604 1353 724 1412 dies,
746 1356 973 1404 homines
994 1356 1142 1404 fuisse
1162 1375 1171 1405 t
1207 1366 1254 1405 et
1273 1366 1472 1421 propter
1493 1358 1734 1407 beneficia
1751 1375 1895 1422 quae-

72 1451 117 1489 15
143 1434 257 1481 dam
292 1435 528 1495 mortalia,
558 1435 673 1498 quia
707 1436 974 1499 plurimum
1009 1447 1275 1501 potuerunt
1308 1449 1356 1488 et
1382 1441 1696 1489 eminuerunt
1720 1442 1772 1489 in
1797 1442 1893 1490 hoc

142 1517 354 1574 saeculo,
380 1516 530 1565 delati
556 1525 670 1565 sunt
697 1516 766 1566 eis
791 1519 855 1567 ab
881 1519 1185 1568 amatoribus
1212 1520 1311 1569 suis
1345 1521 1499 1570 divini
1524 1523 1740 1571 honores
1766 1532 1814 1572 et
1840 1523 1890 1571 in

141 1597 316 1646 diebus
354 1607 401 1647 et
439 1600 489 1646 in
525 1599 802 1661 sideribus,
856 1603 943 1650 sed
986 1601 1201 1665 primum
1238 1620 1266 1651 a
1303 1603 1590 1653 nominibus
1627 1606 1888 1653 hominum

141 1678 301 1728 sidera
324 1689 623 1744 nuncupata,
652 1690 700 1730 et
729 1698 757 1730 a
788 1682 1030 1732 sideribus
1065 1685 1171 1733 dies
1206 1694 1319 1733 sunt
1344 1686 1592 1749 appellati.
1665 1689 1712 1734 A
1737 1688 1888 1736 fando
1911 1700 1963 1735 12

140 1770 307 1810 autem
344 1764 491 1812 feriae
524 1773 839 1827 nuncupatae
878 1775 1006 1825 sunt,
1043 1769 1180 1829 quod
1220 1767 1280 1816 sit
1314 1769 1364 1815 in
1402 1769 1471 1817 eis
1510 1769 1656 1818 nobis
1692 1778 1888 1833 tempus

69 1860 118 1887 20
142 1841 385 1902 dictionis,
415 1844 466 1891 id
492 1851 565 1891 est
590 1842 640 1890 in
667 1843 836 1892 divino
862 1846 938 1893 vel
968 1846 1189 1894 humano
1220 1847 1383 1896 officio
1416 1847 1517 1896 fari.
1591 1850 1691 1897 Sed
1725 1864 1783 1897 ex
1813 1848 1888 1897 his

141 1925 291 1972 festos
316 1923 421 1973 dies
447 1925 708 1972 hominum
734 1941 882 1974 causa
911 1925 1177 1987 institutos,
1204 1928 1400 1978 feriatos
1426 1929 1706 1978 divinorum
1733 1946 1889 1979 sacro-

140 2022 262 2053 rum.
324 2008 491 2055 Partes
511 2006 609 2055 diei
629 2016 725 2055 tres
746 2017 858 2055 sunt
880 2026 888 2055 :
926 2025 1085 2068 mane,
1104 2011 1333 2059 meridies
1353 2021 1401 2059 et
1427 2029 1670 2074 suprema.
1734 2013 1887 2062 Mane
1912 2024 1979 2071 13,
2008 2025 2064 2072 14

140 2089 222 2135 lux
247 2096 437 2136 matura
466 2098 514 2136 et
547 2090 707 2151 plena,
735 2106 827 2137 nec
858 2091 955 2137 iam
990 2094 1349 2154 crepusculum.
1420 2095 1484 2142 Et
1518 2093 1706 2142 dictum
1741 2111 1887 2144 mane

141 2187 170 2217 a
202 2186 385 2230 mano3
422 2187 624 2218 manum
651 2172 782 2220 enim
813 2172 1003 2235 antiqui
1036 2173 1225 2221 bonum
1256 2174 1504 2224 dicebant.
1579 2176 1716 2237 Quid
1753 2177 1886 2226 enim

70 2271 117 2311 25
144 2251 318 2300 melius
348 2253 499 2301 luce?
568 2254 664 2300 Alii
697 2271 842 2302 mane
867 2256 1127 2304 aestimant
1153 2257 1315 2305 vocari
1340 2274 1369 2305 a
1395 2258 1647 2317 Manibus,
1676 2275 1885 2321 quorum

143 2334 449 2383 conversatio
478 2352 506 2383 a
539 2336 654 2383 luna
687 2337 750 2384 ad
787 2345 963 2385 terram
1002 2348 1087 2386 est.
1162 2339 1260 2387 Alii
1296 2349 1469 2403 putant
1506 2341 1569 2389 ab
1605 2357 1731 2400 aere,
1771 2343 1886 2404 quia

199 2477 216 2503 1
250 2477 405 2515 quem
460 2471 646 2505 ‚vocant
667 2478 749 2505 om.
774 2465 854 2504 KL
998 2469 1089 2507 dies
1110 2468 1151 2505 A
1179 2468 1279 2519 (non
1300 2469 1359 2522 D)
1493 2470 1650 2510 tertia.
1677 2500 1686 2510 .
1710 2470 1789 2522 .(§
1817 2473 1885 2524 10)

141 2518 429 2570 nuncupatur]
472 2520 531 2559 sic
579 2521 705 2560 tertia
753 2527 903 2572 quarta
951 2529 994 2561 et
1033 2524 1134 2573 (om.
1180 2524 1233 2575 L)
1272 2524 1417 2574 quinta
1464 2531 1506 2563 et
1553 2531 1676 2564 sexta
1721 2526 1883 2565 sabbati

141 2580 261 2613 sexta
291 2574 394 2613 feria
427 2574 509 2612 KL
690 2589 715 2625 3
746 2578 815 2627 qui
851 2578 1054 2617 mercuris
1091 2578 1151 2617 T:
1181 2581 1470 2628 quemorcoris
1495 2580 1560 2619 U:
1590 2581 1662 2630 qui
1684 2582 1886 2620 mercmis

140 2629 208 2667 B:
249 2629 319 2678 qui
349 2629 576 2669 mercories
606 2630 647 2667 A
854 2631 1005 2671 dicitur
1023 2646 1104 2673 om.
1128 2609 1169 2671 A
1196 2635 1297 2684 (non
1318 2634 1379 2685 D>
1619 2637 1645 2673 6
1677 2635 1884 2674 Sabbatus

139 2682 186 2720 K
205 2683 307 2735 (non
329 2683 383 2735 L)
528 2698 550 2733 7
582 2685 672 2724 dies
694 2693 760 2726 est
782 2687 883 2726 CU:
912 2688 977 2726 die
1000 2693 1063 2726 est
1082 2686 1285 2727 ABDT·
1277 2719 1285 2727 .
1315 2689 1355 2728 id
1377 2695 1442 2727 est
1461 2688 1544 2726 KL
1657 2703 1781 2739 quem
1805 2721 1812 2728 .
1840 2721 1847 2728 .
1870 2720 1878 2729 .

139 2738 302 2790 autem]
324 2752 348 2777 a
369 2739 502 2788 primo
522 2739 592 2789 qui
612 2739 693 2778 KL
806 2754 929 2792 quam
953 2742 988 2780 C
1103 2743 1127 2780 8
1153 2749 1194 2781 et
1212 2742 1300 2783 Sat.
1321 2756 1430 2782 nom.
1451 2757 1533 2784 om.
1559 2744 1596 2783 T
1701 2745 1885 2783 saturnis

138 2792 354 2831 ABCDU
457 2807 484 2844 9
515 2794 632 2833 Deus
648 2808 729 2837 om
744 2795 790 2833 K
899 2808 947 2845 13
978 2798 1029 2835 de
1046 2797 1244 2848 quorum]
1264 2799 1460 2838 decorum
1476 2798 1517 2836 Β
1629 2812 1678 2848 14
1709 2804 1886 2848 propter

139 2848 347 2887 beneficia
370 2847 471 2888 CK:
502 2861 581 2898 per
604 2850 701 2889 ben.
726 2850 798 2890 D:
831 2865 907 2902 pro
937 2853 1030 2890 ben.
1065 2851 1101 2889 T
1126 2853 1180 2904 (et
1192 2853 1296 2915 fort.
1321 2853 1470 2904 Isid.:)
1501 2867 1578 2904 pro
1608 2854 1826 2892 beneficiis
1844 2853 1884 2891 B

142 2914 190 2950 15
212 2903 480 2942 eminuerunt
493 2902 680 2944 BCDT:
701 2906 956 2946 invenerunt
972 2905 1018 2943 K
1129 2909 1178 2945 16
1199 2907 1237 2945 ei
1252 2906 1299 2944 K
1406 2908 1549 2947 divino
1567 2909 1732 2946 honore
1749 2909 1851 2946 sed
1841 2922 1883 2946 m

149 2955 186 2992 T
294 2970 340 3007 17
361 2971 386 2997 a
402 2971 511 2997 nom.
518 2958 535 3010 ]
552 2958 792 2999 hominibus
808 2959 854 2997 K
964 2962 1012 2999 18
1036 2974 1131 3012 app.
1142 2961 1405 3013 ]nuncupati
1422 2962 1467 3000 K
1577 2975 1626 3012 19
1645 2961 1886 3012 appellatae

141 3009 187 3046 K
278 3025 352 3051 eos
372 3011 410 3049 T
515 3026 563 3052 21
588 3027 737 3054 causas
752 3014 797 3051 K
903 3029 951 3065 24
977 3016 1121 3067 mano]
1139 3029 1264 3055 manu
1279 3016 1390 3058 codd.
1504 3029 1555 3066 25
1577 3017 1802 3056 aestimant
1817 3016 1862 3054 K
1878 3031 1886 3055 :

141 3065 369 3105 exstimant
393 3065 499 3118 (ext-
502 3067 518 3118 )
540 3067 666 3108 B1T:
696 3070 940 3110 existimant
963 3070 997 3109 C
1160 3073 1211 3110 26
1247 3072 1468 3110 conversio
1487 3072 1528 3110 Β
1673 3085 1696 3110 a
1717 3076 1831 3110 terra
1850 3071 1890 3110 Β

137 3119 190 3158 ab
210 3133 260 3159 ea
281 3133 328 3160 re
348 3119 419 3160 K:
439 3121 596 3161 habere
613 3122 711 3161 C1T
