2228 3444
442 168 1071 217 ETYMOLOGIARVM
1112 168 1241 214 ΜΒ.
1282 168 1429 215 v111.
1471 144 1570 226 gii

138 298 305 347 tenuit.
381 299 608 360 Ipsorum
635 296 766 343 enim
793 293 985 357 proprie
1016 310 1260 357 synagoga
1285 292 1384 343 dici
1410 295 1547 354 solet,
1581 295 1803 357 quamvis
1829 306 1877 344 et

135 378 341 427 ecclesia
360 377 492 427 dicta
516 376 590 426 sit.
653 378 884 425 Nostram
904 392 1020 424 vero
1039 375 1266 439 Apostoli
1287 392 1558 439 numquam
1579 393 1874 440 synagogam
1901 386 1930 432 8

134 460 372 520 dixerunt,
413 461 500 509 sed
540 475 732 522 semper
773 459 1045 517 ecclesiam,
1087 457 1186 507 sive
1223 457 1536 507 discernendi
1576 475 1735 518 causa,
1775 458 1877 508 sive

134 544 270 605 quod
298 540 422 590 inter
446 539 891 604 congregationem,
920 540 1054 588 unde
1084 556 1342 604 synagoga,
1371 548 1419 588 et
1449 539 1872 602 convocationem,

85 642 107 682 5
133 624 265 672 unde
291 622 498 673 ecclesia
522 639 703 671 nomen
729 620 932 684 accepit,
961 620 1108 670 distet
1134 620 1320 685 aliquid
1337 640 1350 682 ;
1388 623 1524 685 quod
1551 621 1737 671 scilicet
1762 639 1875 671 con-

129 705 314 769 gregari
350 714 398 754 et
434 721 611 768 pecora
646 705 819 763 solent,
858 719 1066 766 quorum
1107 712 1155 752 et
1191 720 1359 767 greges
1402 703 1595 767 proprie
1632 703 1842 753 dicimus
1862 724 1873 765 3

130 788 390 835 convocari
408 796 573 835 autem
600 787 753 849 magis
774 793 847 834 est
867 793 1093 833 utentum
1120 784 1321 845 ratione,
1344 783 1470 834 sicut
1496 794 1608 834 sunt
1628 785 1871 836 homines.

267 870 349 916 DE
387 882 676 916 RELIGIONE
715 882 778 915 ET
816 881 953 915 FIDE.
1027 868 1224 929 Dogma
1262 884 1291 914 a
1328 868 1551 929 putando
1588 867 1872 932 philosophi
1899 877 1935 915 11

129 951 518 1007 nominaverunt,
547 947 597 996 id
635 956 719 1007 est,
751 949 874 996 ‘hoc
910 956 1031 1011 puto
1064 965 1169 996 esse
1203 948 1422 1008 bonum,’
1451 949 1576 997 ‘hoc
1609 959 1731 1013 puto
1765 968 1871 999 esse

57 1050 104 1078 10
127 1033 325 1080 verum.’
396 1029 590 1093 Religio
622 1031 878 1093 appellata,
912 1032 1048 1093 quod
1082 1047 1168 1093 per
1200 1047 1309 1079 eam
1346 1030 1431 1079 uni
1466 1033 1579 1080 Deo
1612 1032 1871 1096 religamus
1895 1042 1926 1077 2

126 1111 313 1160 animas
350 1120 537 1160 nostras
573 1112 637 1159 ad
674 1112 861 1159 cultum
899 1110 1121 1160 divinum
1151 1111 1349 1160 vinculo
1387 1112 1644 1162 serviendi.
1719 1116 1872 1176 Quod

126 1193 329 1242 verbum
367 1192 682 1256 conpositum
725 1203 797 1241 est
838 1211 867 1241 a
907 1195 1186 1256 relegend0‚
1229 1196 1279 1243 id
1317 1204 1390 1244 est
1429 1197 1671 1259 eligendo,
1714 1205 1767 1244 ut
1806 1196 1872 1245 ita

127 1273 358 1323 Latinum
396 1274 617 1323 videatur
650 1274 818 1338 religio
853 1274 977 1323 sicut
1011 1275 1169 1339 eligio.
1242 1275 1360 1324 Tria
1393 1287 1507 1326 sunt
1539 1288 1706 1327 autem
1744 1295 1871 1341 quae
1898 1290 1926 1335 3

125 1355 175 1403 in
211 1355 454 1419 religionis
492 1358 626 1404 cultu
662 1358 725 1404 ad
764 1358 1028 1406 colendum
1066 1360 1230 1406 Deum
1268 1357 1319 1406 in
1357 1359 1643 1408 hominibus
1680 1360 1870 1424 perqui-

54 1455 100 1495 15
123 1447 305 1498 runtur,
333 1437 384 1487 id
410 1447 482 1487 est
506 1439 642 1494 fides,
672 1455 796 1501 spes,
824 1439 1011 1488 caritas.
1071 1443 1131 1488 In
1157 1442 1269 1501 fide,
1298 1440 1418 1503 quid
1445 1443 1782 1504 credendum3
1818 1444 1869 1490 in

124 1537 222 1583 spe,
259 1519 379 1583 quid
418 1522 747 1583 sperandum3
782 1520 832 1569 in
869 1521 1082 1581 caritate,
1116 1522 1236 1585 quid
1270 1522 1330 1571 sit
1362 1526 1648 1573 amandum.
1721 1524 1867 1574 Fides
1891 1541 1923 1587 4

124 1610 196 1650 est
221 1618 319 1664 qua
337 1601 570 1651 veraciter
594 1602 840 1651 credimus
866 1603 916 1652 id
942 1605 1078 1666 quod
1103 1621 1421 1668 nequaquam
1442 1605 1607 1656 videre
1633 1608 1864 1656 valemus.

125 1684 256 1732 Nam
281 1686 479 1734 credere
497 1686 594 1733 iam
615 1702 717 1734 non
741 1703 1002 1749 possumus
1024 1688 1159 1750 quod
1181 1687 1420 1737 videmus.
1482 1691 1683 1754 Proprie
1703 1699 1868 1740 autem

124 1781 309 1814 nomen
327 1765 443 1815 fidei
468 1765 584 1816 inde
609 1777 682 1816 est
707 1767 910 1828 dictum,
931 1767 970 1816 si
991 1770 1196 1818 omnino
1218 1771 1300 1819 fiat
1320 1773 1455 1834 quod
1482 1771 1670 1821 dictum
1692 1782 1764 1822 est
1783 1783 1868 1822 aut

51 1865 101 1893 20
121 1846 431 1909 promissum.
507 1850 569 1896 Et
602 1848 718 1898 inde
752 1850 873 1899 fides
907 1860 1093 1911 vocata,
1125 1851 1189 1900 ab
1227 1868 1287 1901 eo
1324 1855 1460 1916 quod
1494 1856 1547 1902 fit
1581 1853 1701 1903 illud
1731 1856 1868 1918 quod

122 1926 246 1976 inter
281 1938 516 1992 utrosque
551 1929 786 1992 placitum
828 1941 915 1991 est,
955 1932 1094 1995 quasi
1131 1933 1256 1983 inter
1294 1937 1459 1984 Deum
1497 1945 1544 1984 et
1580 1935 1835 1986 hominem
1854 1957 1868 1999 3

121 2008 237 2058 hinc
269 2019 317 2058 et
348 2011 536 2060 foedus.
611 2013 731 2075 Spes
757 2022 930 2061 vocata
955 2016 1091 2076 quod
1125 2014 1185 2063 sit
1218 2033 1304 2079 pes
1339 2017 1697 2080 progrediendi,
1727 2020 1866 2082 quasi
1889 2032 1920 2081 5

124 2094 224 2140 ‘est
249 2094 364 2153 pes.’
424 2094 572 2141 Vnde
592 2102 640 2141 et
658 2110 685 2142 e
705 2094 947 2144 contrario
967 2097 1258 2159 desperatio.
1331 2102 1486 2148 Deest
1511 2101 1642 2149 enim
1668 2099 1737 2149 ibi
1762 2118 1862 2164 pes,

121 2174 352 2236 nullaque
372 2175 716 2237 progrediendi
736 2178 939 2226 facultas
960 2187 1032 2227 est
1050 2197 1063 2239 3
1096 2178 1211 2242 quia
1234 2182 1355 2230 dum
1376 2181 1585 2245 quisque
1604 2192 1862 2247 peccatum

48 2268 96 2308 25
118 2264 265 2313 amat,
308 2256 518 2303 futuram
565 2256 768 2319 gloriam
812 2275 914 2307 non
961 2269 1134 2323 sperat.
1208 2261 1397 2312 Caritas
1442 2264 1644 2324 Graece,
1687 2264 1863 2314 Latine
1887 2272 1921 2318 6

119 2335 319 2384 dilectio
348 2335 704 2400 interpretatur,
733 2341 869 2402 quod
906 2341 1032 2390 duos
1067 2340 1116 2390 in
1151 2359 1202 2391 se
1237 2342 1364 2406 liget.
1439 2346 1570 2393 Nam
1605 2345 1805 2394 dilectio
1834 2363 1863 2395 a

120 2418 314 2467 duobus
336 2417 519 2481 incipit,
539 2421 674 2482 quod
695 2430 767 2469 est
785 2438 924 2470 amor
947 2421 1042 2470 Dei
1059 2431 1106 2471 et
1123 2423 1329 2486 proximi
1348 2443 1361 2485 3
1397 2426 1460 2474 de
1480 2443 1577 2488 qua
1593 2429 1862 2490 Apostolus

177 2556 194 2581 1
228 2543 322 2594 ipso
350 2543 387 2582 T
463 2550 506 2584 et
526 2559 608 2585 om.
629 2545 708 2585 BC
814 2561 838 2586 2
871 2549 1091 2601 Nostram]
1113 2549 1220 2589 Nam
1240 2549 1402 2590 CDKO
1420 2551 1523 2603 (non
1537 2554 1577 2591 Α
1596 2554 1720 2593 Harl.
1739 2555 1858 2605 extr.)

120 2610 220 2636 vero
242 2612 323 2638 om.
348 2597 428 2638 CK
449 2601 549 2650 (non
574 2600 653 2638 ΘΑ
677 2601 800 2641 Harl.
825 2604 948 2654 extr.)
1115 2618 1140 2654 3
1171 2606 1272 2644 disc.
1298 2619 1384 2646 cau.
1407 2607 1519 2646 inter
1539 2610 1618 2648 sin.
1641 2615 1682 2647 et
1702 2622 1858 2657 conga-

118 2652 276 2692 tionem
293 2654 405 2692 unde
427 2660 469 2692 et
488 2655 693 2704 sinagoga
713 2666 944 2698 convocata
964 2660 1149 2699 aeclesia
1170 2673 1277 2699 nom.
1295 2674 1381 2702 acc.
1404 2661 1441 2700 O
1551 2677 1575 2711 4
1605 2662 1737 2714 inter]
1759 2664 1801 2701 in
1818 2663 1860 2700 B

117 2708 228 2746 unde
245 2714 311 2746 est
327 2709 406 2748 sin.
429 2707 487 2747 T:
507 2709 588 2749 sin.
603 2709 649 2747 K
663 2711 840 2764 (nonA)
945 2725 968 2763 5
991 2714 1117 2753 distat
1132 2713 1178 2752 K
1274 2717 1300 2753 6
1321 2717 1539 2766 proprium
1561 2717 1598 2755 T
1695 2731 1715 2766 7
1738 2725 1858 2756 uten-

118 2762 216 2800 dum
237 2761 348 2802 codd.
460 2764 575 2802 hom.
591 2771 688 2803 sunt
704 2765 745 2803 A
770 2766 871 2816 (non
890 2768 927 2806 O
945 2768 1069 2808 Harl.
1093 2769 1214 2821 extr.)
1326 2772 1351 2808 8
1379 2779 1519 2822 aza-put.
1548 2772 1596 2809 Tl
1617 2787 1626 2811 ε
1654 2787 1679 2811 a
1701 2774 1853 2820 disput.

124 2815 177 2854 T²
311 2830 338 2866 9
366 2817 445 2857 hoc
461 2848 471 2859 .
495 2847 504 2857 .
523 2848 534 2858 .
552 2819 707 2858 bonum
727 2833 807 2860 om.
832 2821 918 2861 ΚΟ
935 2824 1037 2874 (non
1051 2824 1115 2875 A)
1258 2838 1307 2862 12
1338 2825 1558 2875 religando
1579 2827 1620 2864 Β
1729 2827 1770 2866 id
1792 2833 1858 2865 est

119 2882 143 2907 a
157 2870 326 2920 ligendo
351 2870 388 2910 T
496 2886 543 2923 14
573 2875 626 2912 ad
642 2874 820 2914 colendo
837 2877 930 2916 Deo
946 2876 993 2914 K
1011 2893 1020 2917 :
1050 2891 1073 2916 a
1094 2878 1271 2918 colendo
1289 2879 1423 2918 Deum
1440 2880 1496 2918 Bl
1609 2881 1802 2920 omnibus
1826 2881 1863 2918 T

123 2935 169 2972 17
199 2925 295 2973 quia
309 2925 350 2963 Β
436 2927 478 2966 id
492 2934 556 2967 est
571 2930 683 2978 quod
701 2927 746 2966 K
857 2932 904 2970 18
933 2945 1020 2970 non
1037 2947 1120 2972 om.
1140 2932 1186 2970 K
1297 2947 1347 2983 19
1372 2935 1542 2974 ductum
1564 2935 1601 2974 T
1706 2949 1759 2975 20
1788 2935 1855 2986 fit]

118 2978 174 3016 sit
192 2977 238 3016 K
262 3007 263 3010 η
424 2995 476 3020 22
505 2995 604 3032 spes
626 2996 765 3034 progr.
799 2983 835 3022 T
1006 3000 1058 3036 23
1088 3000 1165 3038 pes
1187 2987 1299 3039 (pr.)
1319 3002 1397 3028 om.
1425 2989 1481 3027 Β1
1648 2996 1690 3028 et
1709 3003 1793 3030 om.
1825 2988 1863 3027 T

119 3045 142 3070 e
163 3045 246 3073 om.
265 3034 299 3074 C
486 3050 537 3085 24
566 3039 820 3088 progreendi
839 3040 892 3078 ibi
914 3041 992 3080 fac.
1013 3041 1054 3078 Β
1209 3049 1274 3082 est
1294 3057 1366 3082 om
1402 3044 1448 3082 K
1638 3056 1689 3094 25
1718 3044 1852 3096 amat]

118 3093 259 3126 manat
280 3088 330 3127 Cl
494 3093 546 3129 26
577 3092 697 3144 liget]
720 3093 865 3143 inliget
893 3094 944 3133 T2
964 3110 973 3135 :
1003 3096 1138 3146 inligit
1159 3096 1200 3134 Β

176 3151 279 3188 1182
946 3174 979 3206 X
