2176 3424
1035 72 1306 120 ISIDORI

319 191 434 254 quia
458 196 592 256 apud
617 195 847 259 antiquos
874 198 1034 247 brevis
1061 210 1162 248 erat
1196 211 1249 249 ut
1283 211 1474 251 tantum
1504 213 1677 267 pectus
1703 205 1926 269 operiret,
1953 206 2067 255 licet

264 278 293 324 8
319 290 452 322 nunc
491 277 734 338 profusior
773 288 860 329 est.
938 281 1238 331 Manicleata
1280 283 1460 344 tunica,
1501 284 1552 334 id
1596 295 1668 335 est
1708 287 1966 348 manicata,
2006 304 2067 338 eo

259 372 293 419 9
318 358 454 417 quod
488 359 668 408 habeat
703 361 921 411 manicas
940 382 953 424 3
990 380 1139 426 quam
1175 365 1445 430 χειροδύτην
1478 368 1654 417 Graeci
1689 379 1879 419 vocant.
1957 373 2069 419 Dal-

318 438 497 488 matica
534 441 680 490 vestis
717 443 930 505 primum
969 444 1019 492 in
1058 447 1319 510 Dalmatia,
1359 449 1611 512 provincia
1647 451 1897 512 Graeciae,
1938 461 2068 502 texta

235 533 294 568 10
318 530 404 581 est,
425 522 592 571 tunica
610 525 927 575 sacerdotalis
948 527 1162 576 candida
1182 546 1295 577 cum
1317 530 1466 579 clavis
1487 548 1543 579 ex
1561 548 1788 595 purpura.
1841 535 2064 594 Russata,
2093 554 2114 593 5

317 621 465 666 quam
506 605 683 654 Graeci
720 607 1048 670 phoeniceam
1087 621 1280 670 vocant,
1320 629 1411 660 nos
1451 612 1722 672 coccinam,
1763 624 2002 677 repertam
2039 633 2068 663 a

316 687 727 736 Lacedaemoniis
770 691 834 737 ad
878 691 1142 739 celandum
1186 692 1363 742 coloris
1413 693 1734 743 similitudine
1778 696 2066 759 sanguinem

315 767 544 830 quotiens
571 769 680 832 quis
716 769 766 817 in
798 770 904 819 acie
930 774 1277 834 vulneraretur,
1307 791 1369 823 ne
1400 776 1758 839 contemplanti
1789 778 2067 827 adversario

314 849 509 898 animus
546 861 843 915 augesceret.
921 856 1070 902 Hanc
1113 856 1205 904 sub
1249 856 1538 906 consulibus
1579 859 1796 906 Romani
1839 859 1913 907 usi
1954 869 2066 908 sunt

315 930 523 993 milites3
561 934 694 981 unde
722 933 869 982 etiam
896 936 1071 984 russati
1097 937 1418 986 vocabantur.
1492 939 1694 988 Solebat
1728 939 1875 988 etiam
1909 940 2066 1004 pridie
2092 965 2140 992 10

311 1030 460 1075 quam
493 1013 834 1064 dimicandum
870 1027 997 1065 esset
1034 1027 1150 1066 ante
1187 1018 1426 1083 principia
1459 1021 1685 1083 proponi,
1722 1021 1861 1083 quasi
1898 1024 2067 1071 admo—

240 1110 286 1142 11
311 1094 434 1142 nitio
483 1105 530 1143 et
573 1094 811 1145 indicium
853 1100 1043 1148 futurae
1083 1117 1292 1164 pugnae.
1366 1103 1601 1150 Laculata
1643 1112 1717 1151 est
1761 1119 1888 1165 quae
1930 1105 2065 1152 lacus

312 1178 577 1239 quadratos
604 1181 848 1240 quosdam
875 1197 987 1229 cum
1015 1183 1204 1244 pictura
1231 1184 1380 1232 habet
1406 1184 1618 1232 intextos
1638 1193 1721 1232 aut
1741 1185 1937 1234 additos
1956 1203 2063 1234 acu.

234 1274 285 1309 12
314 1257 593 1307 lacinthina
630 1260 776 1309 vestis
815 1271 888 1310 est
931 1265 1064 1312 aerio
1107 1266 1272 1313 colore
1314 1266 1648 1328 resplendens.
1739 1266 2061 1328 Molochinia,

311 1358 436 1403 quae
468 1343 737 1390 malvarum
773 1344 982 1393 stamine
1013 1347 1298 1406 conficitur3
1339 1364 1487 1411 quam
1521 1347 1600 1396 alii
1640 1347 1954 1408 molocinam,
1983 1349 2062 1397 alii
2090 1373 2135 1419 1‘5

233 1439 288 1486 13
312 1424 588 1471 malvellam
639 1434 830 1474 vocant.
931 1426 1240 1490 Bombycina
1290 1445 1316 1477 e
1365 1429 1612 1492 bombyce
1661 1427 1930 1477 vermiculo
1978 1430 2063 1493 qui

310 1504 596 1567 longissima
635 1522 693 1553 ex
733 1523 784 1555 se
827 1509 908 1555 fila
955 1519 1169 1571 generat,
1213 1527 1423 1572 quorum
1468 1520 1658 1559 textura
1706 1511 2062 1574 bombycinum

229 1603 284 1648 14
309 1586 488 1635 dicitur
507 1605 519 1646 3
561 1587 921 1651 conficiturque
959 1589 1009 1637 in
1046 1590 1207 1640 insula
1243 1592 1367 1642 Coo.
1442 1594 1761 1656 Apocalama.
1835 1593 1998 1642 Serica
2034 1611 2063 1642 a

307 1670 463 1717 serico
496 1668 642 1728 dicta,
669 1672 745 1719 vel
781 1673 917 1734 quod
948 1689 1055 1720 eam
1093 1676 1233 1722 Seres
1268 1674 1411 1736 primi
1439 1676 1689 1723 miserunt.
1767 1675 2062 1724 Holoserica

306 1759 408 1798 tota
448 1753 630 1811 serica3
684 1753 797 1802 ὅλον
845 1753 976 1801 enim
1022 1763 1195 1803 totum.
1278 1755 1621 1805 Tramoserica
1660 1754 1869 1804 stamine
1913 1756 2058 1816 lineO,
2087 1782 2137 1810 20

306 1842 461 1880 trama
487 1849 543 1880 ex
571 1833 740 1882 serico.
817 1834 1244 1900 Holo<por>phyra
1275 1846 1378 1885 tota
1409 1855 1466 1886 ex
1500 1854 1714 1901 purpura
1732 1854 1743 1896 ;
1783 1838 1896 1886 ὅλον
1926 1837 2059 1885 enim

230 1930 282 1976 15
306 1924 481 1962 totum.
556 1915 763 1978 Byssina
788 1918 1002 1965 candida
1028 1920 1256 1967 confecta
1282 1936 1339 1967 ex
1366 1921 1584 1982 quodam
1616 1936 1796 1982 genere
1821 1919 1907 1967 lini
1931 1936 2062 1982 gros-

307 1992 459 2043 sioris.
534 1998 658 2045 Sunt
693 1997 778 2060 qui
814 2008 861 2046 et
894 2016 1051 2062 genus
1088 2002 1344 2063 quoddam
1377 2000 1463 2048 lini
1497 2001 1699 2064 byssum
1729 1999 1878 2067 [esse]
1906 2000 2061 2050 existi—

224 2079 281 2125 16
307 2086 456 2125 mant.
547 2078 749 2128 Fibrina
797 2078 1031 2145 [tramam
1082 2084 1144 2131 de
1194 2082 1302 2131 fibri
1352 2085 1463 2131 lana
1511 2080 1738 2148 habens].
1828 2082 2056 2146 Caprina.

363 2220 380 2244 1
414 2209 483 2258 qui
504 2221 569 2258 ap.
597 2209 648 2248 C1
793 2224 816 2247 2
847 2211 1103 2252 Mancileata
1131 2212 1168 2250 T
1303 2225 1327 2261 3
1357 2213 1574 2251 ciroditam
1596 2212 1694 2250 BC:
1727 2213 1968 2252 cirodictam
1997 2213 2058 2253 T:

305 2263 565 2311 cyrodictam
588 2265 655 2315 (ex
675 2265 844 2315 -ditam)
869 2265 915 2303 K
1065 2281 1089 2316 4
1120 2267 1343 2307 dalmatica
1363 2280 1482 2318 prov.
1507 2267 1584 2306 CT
1729 2281 1753 2317 5
1786 2269 1968 2307 Rossata
1989 2267 2055 2308 K:

307 2316 467 2355 Rosata
489 2316 525 2356 C
741 2322 767 2358 6
795 2320 978 2360 fenicem
1004 2322 1039 2360 C
1228 2323 1468 2361 coccineam
1490 2322 1531 2360 Β
1761 2323 1785 2360 8
1817 2322 1891 2374 ne]
1914 2336 1992 2362 nec
2015 2322 2061 2360 K

304 2372 580 2422 contemplati
619 2374 677 2412 B1
857 2389 906 2414 10
935 2389 1054 2415 russa
1082 2376 1140 2416 T:
1189 2377 1341 2416 rossati
1381 2376 1427 2414 K
1444 2391 1453 2416 t
1502 2376 1632 2415 rusati
1675 2377 1725 2416 C1
1864 2377 2056 2416 solebant

302 2425 424 2464 BCT
613 2441 657 2466 11
692 2430 790 2477 poni
815 2429 849 2468 C
1028 2444 1075 2480 14
1108 2432 1315 2471 Iacintina
1335 2430 1482 2470 BCK:
1514 2431 1754 2480 Iaquintina
1774 2431 1812 2470 T
1919 2432 2055 2470 Molo-

305 2480 413 2519 cinia
431 2481 538 2521 BT:
573 2483 797 2522 Malocinia
818 2484 867 2522 Cl
885 2499 894 2523 ε
926 2486 1142 2525 Molocina
1162 2486 1209 2524 K
1457 2498 1504 2535 15
1536 2485 1806 2525 molociniam
1826 2486 1883 2524 Β1
1903 2492 1952 2526 ut
1970 2486 2049 2525 vid.

306 2537 354 2572 16
383 2537 606 2575 mavellam
631 2538 671 2576 Β
865 2540 1115 2579 Bombicina
1135 2541 1247 2580 codd.
1273 2541 1414 2591 (etiam
1441 2540 1500 2590 U>
1709 2541 1902 2580 bombice
1922 2540 2054 2579 codd.:

302 2590 494 2629 bomvice
519 2591 562 2630 U
671 2605 716 2641 17
747 2593 1036 2633 bombicinum
1058 2595 1250 2633 BKTU:
1280 2595 1576 2635 bombocinum
1601 2594 1637 2633 C
1765 2596 1812 2634 18
1843 2595 1884 2633 in
1905 2608 1988 2634 om.
2010 2594 2057 2632 K

301 2644 562 2693 Apucalama
578 2645 646 2685 K:
678 2647 772 2686 add.
797 2649 840 2686 in
862 2662 996 2699 marg.
1025 2650 1063 2687 T
1220 2663 1244 2688 a
1258 2651 1385 2688 sirico
1401 2648 1447 2687 K
1667 2662 1717 2699 19
1745 2663 1796 2688 ea
1811 2648 1858 2687 K
1871 2651 1972 2702 <non
1993 2649 2035 2687 U
2038 2651 2052 2698 )

304 2699 524 2739 Oloserica
542 2700 663 2739 BCK
681 2716 690 2740 :
722 2702 930 2741 Olosirica
957 2703 995 2741 T
1187 2718 1240 2743 20
1267 2704 1406 2743 siricia
1434 2703 1471 2742 T
1601 2705 1670 2743 olo
1691 2704 1801 2743 codd.
1907 2704 1992 2742 lino
2013 2705 2054 2742 B

301 2767 350 2791 21
384 2755 605 2804 Olophora
643 2756 749 2794 BT:
800 2757 978 2796 Olofora
1018 2758 1092 2797 K:
1141 2759 1334 2797 Oloforia
1376 2758 1410 2796 C
1578 2760 1641 2798 ὃλ.
1681 2773 1747 2799 en.
1789 2765 1848 2799 to.
1887 2772 1970 2798 om.
2008 2758 2055 2796 K

300 2809 369 2847 olo
392 2809 505 2849 codd.
698 2824 749 2848 22
781 2811 949 2851 Bissina
969 2813 1080 2852 codd.
1236 2813 1338 2863 ligni
1358 2812 1428 2852 K:
1458 2813 1546 2851 lino
1571 2813 1614 2851 U
1806 2825 1858 2862 23
1887 2819 1988 2852 sunt
2009 2819 2052 2852 et

299 2875 406 2911 quae
446 2863 496 2902 Cl
537 2864 636 2912 (non
681 2864 738 2917 U)
919 2867 1078 2906 bissum
1118 2867 1198 2907 BC
1215 2881 1225 2906 z
1268 2867 1473 2907 bissinum
1514 2867 1560 2905 K
1567 2867 1604 2906 T
1604 2867 1646 2906 U
1816 2879 1916 2906 esse
1954 2868 2050 2909 hab.

301 2916 336 2954 C
342 2916 379 2954 T
379 2918 422 2956 U
433 2933 442 2958 :
473 2932 555 2958 om.
577 2919 682 2957 B1K
816 2921 1061 2961 existiment
1079 2922 1182 2960 BlF
1197 2923 1300 2974 (non
1319 2921 1423 2972 PU)
1569 2934 1621 2970 24
1651 2922 1825 2971 Viprina
1842 2921 1929 2959 KP
1945 2922 2049 2974 (non

298 2971 474 3021 DEFU)
627 2981 804 3013 tramam
830 3005 838 3013 .
861 3005 868 3013 .
891 3007 898 3016 .
921 2977 1085 3016 habens
1103 2976 1194 3017 hab.
1228 2976 1329 3015 TU:
1359 2990 1443 3016 om.
1463 2975 1749 3016 BCDEFKP
