2228 3444
1157 167 1430 216 ISIDORI

412 296 703 346 memoriam
720 314 809 361 pro
829 297 975 347 nobis
998 298 1294 349 Dominicae
1313 299 1556 365 passionis
1575 319 1588 362 ,·
1612 301 1746 350 unde
1766 301 1862 351 hoc
1882 319 1942 352 eo
1959 300 2162 353 iubente

411 395 589 442 corpus
616 378 800 430 Christi
826 388 874 430 et
901 381 1192 443 sanguinem
1219 381 1445 432 dicimus.
1503 383 1656 442 Quod
1682 384 1803 432 dum
1829 383 1890 433 sit
1915 401 1974 433 ex
1997 385 2162 434 fructi·

412 463 504 511 bus
524 471 692 523 terrae,
717 462 1050 511 sanctificatur
1070 473 1118 512 et
1138 465 1191 512 fit
1204 474 1580 526 sacramentum,
1600 474 1835 529 operante
1854 465 2162 517 invisibiliter

408 544 590 609 Spiritu
631 544 761 606 Dei3
798 545 936 594 cuius
973 545 1115 609 panis
1153 555 1202 595 et
1238 546 1403 596 calicis
1440 557 1803 599 sacramentum
1848 549 2025 598 Graeci
2065 551 2161 599 Eu-

407 627 670 676 charistian
713 627 901 688 dicunt,
936 629 1073 691 quod
1114 627 1288 678 Latine
1321 629 1454 678 bona
1485 630 1637 693 gratia
1667 633 2024 696 interpretatur.
2096 634 2160 681 Et
2186 656 2207 695 5

311 721 380 769 39
406 709 526 773 quid
547 708 722 758 melius
743 709 981 773 sanguine
1007 720 1054 759 et
1079 726 1283 773 corpore
1309 710 1529 762 Christi?
1599 714 1970 763 Sacramentum
2002 723 2076 764 est
2109 714 2159 762 in

405 791 571 855 aliqua
603 791 950 851 celebratione,
980 809 1094 840 cum
1124 809 1200 842 res
1231 802 1369 856 gesta
1399 793 1466 843 ita
1499 796 1553 844 fit
1586 804 1638 844 ut
1671 795 1860 859 aliquid
1886 795 2158 858 significare

405 873 728 937 intellegatur,
757 875 894 937 quod
921 884 1090 923 sancte
1115 874 1460 938 accipiendum
1489 886 1578 926 est.
1650 880 1774 927 Sunt
1806 887 1973 928 autem
2006 895 2158 927 sacra·

406 965 574 1005 menta
616 956 919 1020 baptismum
964 965 1013 1005 et
1055 956 1281 1017 chrisma,
1327 975 1505 1021 corpus
1548 969 1596 1008 et
1644 960 1841 1024 sanguis
1891 957 2155 1026 [Domini].

307 1055 379 1104 40
408 1041 551 1100 Quae
590 1039 656 1087 ob
696 1038 746 1087 id
786 1049 1093 1087 sacramenta
1141 1039 1386 1100 dicuntur,
1433 1040 1547 1103 quia
1589 1042 1681 1090 sub
1724 1051 2011 1106 tegumento
2050 1059 2156 1091 cor·
2184 1065 2228 1093 10

407 1120 649 1184 poralium
702 1137 862 1169 rerum
914 1120 1064 1170 virtus
1119 1121 1285 1171 divina
1336 1123 1570 1171 secretius
1625 1125 1833 1173 salutem
1884 1126 2155 1174 eorundem

405 1213 826 1252 sacramentorum
865 1213 1093 1267 operatur
1111 1223 1124 1264 ,-
1160 1206 1293 1253 unde
1332 1214 1379 1253 et
1414 1223 1442 1253 a
1479 1205 1677 1255 secretis
1720 1206 1980 1256 virtutibus
2017 1208 2093 1255 vel
2129 1223 2157 1254 a

320 1296 378 1340 41
404 1285 551 1334 sacris
588 1294 894 1334 sacramenta
931 1287 1176 1337 dicuntur.
1250 1289 1394 1348 Quae
1433 1287 1547 1336 ideo
1586 1290 1834 1338 fructuose
1875 1305 2026 1352 penes
2068 1291 2158 1337 Ec-

405 1369 601 1417 clesiam
630 1369 767 1427 fiunt,
796 1367 912 1431 quia
939 1378 1137 1417 sanctus
1158 1368 1208 1416 in
1228 1386 1286 1417 ea
1311 1385 1517 1418 manens
1543 1370 1748 1433 Spiritus
1767 1371 1982 1419 eundem
2004 1387 2153 1419 sacra-

313 1460 379 1507 42
406 1459 687 1499 mentorum
707 1452 915 1499 latenter
933 1460 1162 1514 operatur
1182 1453 1429 1500 effectum.
1483 1453 1646 1513 Vnde,
1667 1469 1752 1500 seu
1779 1469 1864 1516 per
1889 1452 2046 1501 bonos
2068 1470 2153 1501 seu
2181 1471 2228 1512 15

405 1550 491 1596 per
508 1534 663 1582 malos
683 1532 932 1582 ministros
953 1532 1078 1581 intra
1092 1533 1185 1582 Dei
1203 1533 1463 1582 ecclesiam
1481 1533 1844 1597 dispensentur,
1856 1543 2023 1583 tamen
2040 1534 2155 1597 quia

404 1625 603 1665 sanctus
629 1614 835 1678 Spiritus
863 1615 1067 1678 mystice
1102 1615 1182 1664 illa
1207 1615 1432 1675 vivificat,
1461 1616 1545 1679 qui
1579 1617 1832 1679 quondam
1860 1616 2154 1679 Apostolico

402 1699 451 1746 in
473 1707 695 1761 ternpore
716 1697 993 1746 visibilibus
1017 1698 1287 1762 apparebat
1313 1697 1559 1762 operibus,
1582 1714 1675 1747 nec
1702 1699 1947 1747 bonorum
1969 1698 2153 1748 meritis

400 1780 796 1843 dispensatorum
817 1779 1182 1842 amplificantur
1200 1781 1320 1828 haec
1337 1781 1484 1841 dona,
1505 1797 1596 1829 nec
1618 1782 1858 1829 malorum
1883 1781 2153 1829 adtenuan-

397 1872 488 1922 tur,
516 1862 631 1925 quia
648 1861 696 1926 (1
713 1862 824 1910 Cor.
846 1879 889 1923 3,
911 1860 982 1926 7):
1020 1866 1203 1924 ‘neque
1230 1861 1314 1924 qui
1339 1863 1527 1925 plantat
1551 1872 1624 1911 est
1649 1862 1848 1925 aliquid,
1878 1879 2041 1926 neque
2066 1863 2150 1926 qui
2177 1882 2227 1910 20

394 1945 527 2008 rigat,
541 1945 629 1992 sed
646 1943 729 2007 qui
748 1943 1107 1992 incrementum
1127 1944 1225 2003 dat,
1246 1944 1428 2005 Deus',
1448 1945 1582 1993 unde
1599 1953 1647 1992 et
1657 1944 1846 1993 Graece
1864 1944 2148 2007 mysterium

304 2042 370 2089 43
394 2023 589 2086 dicitur,
610 2026 746 2088 quod
764 2034 1003 2074 secretam
1029 2034 1077 2074 et
1102 2024 1410 2074 reconditam
1431 2025 1610 2074 habeat
1627 2025 2021 2089 dispositionem.
2060 2029 2149 2075 Ba-

392 2105 627 2169 ptismum
648 2109 850 2167 Graece,
865 2106 1040 2156 Latine
1055 2106 1229 2156 tinctio
1246 2107 1590 2172 interpretatur
1597 2126 1610 2168 3
1631 2124 1759 2170 quae
1775 2107 1959 2157 idcirco
1976 2107 2148 2157 tinctio

394 2187 585 2250 dicitur,
623 2191 738 2252 quia
772 2189 840 2237 ibi
873 2191 1027 2237 homo
1058 2188 1229 2251 spiritu
1258 2189 1439 2252 gratiae
1477 2190 1528 2237 in
1564 2189 1739 2238 melius
1777 2189 2057 2250 inmutatur,
2098 2200 2147 2240 et

301 2283 369 2331 44
393 2269 540 2330 longe
573 2266 708 2315 aliud
734 2283 884 2330 quam
920 2276 1021 2315 erat
1054 2266 1272 2316 efficitur.
1346 2268 1487 2315 Prius
1522 2267 1654 2316 enim
1688 2267 1821 2317 foedi
1847 2285 2039 2317 eramus
2065 2270 2145 2318 de·
2171 2291 2219 2330 25

394 2349 640 2398 formitate
664 2357 996 2412 peccatorum,
1025 2348 1074 2396 in
1107 2348 1212 2411 ipsa
1245 2348 1484 2398 tinctione
1517 2349 1770 2398 reddimur
1801 2349 1992 2413 pulchri
2017 2351 2143 2399 deal·

392 2431 594 2480 batione
619 2430 852 2479 virtutum
874 2449 885 2490 3
922 2432 1056 2479 unde
1082 2439 1130 2478 et
1154 2429 1205 2478 in
1232 2431 1451 2481 Canticis
1482 2430 1709 2480 scribitur
1738 2430 2040 2480 canticorum
2074 2433 2140 2496 (8,

301 2528 366 2577 45
393 2513 442 2578 5)
465 2533 471 2561 :
515 2514 686 2574 ‘Quae
713 2521 785 2561 est
812 2514 902 2561 ista
927 2528 1055 2575 quae
1081 2512 1304 2561 ascendit
1330 2513 1557 2562 dealbata
1574 2515 1620 2562 ?⁷
1675 2513 1829 2562 Cuius
1856 2516 2139 2576 mysterium

445 2655 471 2691 3
501 2642 766 2680 sacrificatur
795 2641 854 2680 T:
881 2642 1171 2681 sanctificatus
1201 2641 1243 2678 Β
1434 2655 1458 2692 5
1489 2642 1622 2695 quod]
1653 2656 1734 2693 que
1769 2643 1804 2681 C
1991 2647 2017 2683 6
2047 2658 2140 2685 san-

394 2697 521 2746 guine
551 2702 593 2734 et
628 2697 819 2746 corporis
856 2695 923 2734 B:
953 2697 1149 2746 sanguini
1180 2702 1223 2735 et
1253 2698 1445 2747 corporis
1482 2696 1543 2737 T:
1580 2710 1756 2748 corpore
1787 2703 1830 2738 et
1859 2700 2066 2749 sanguine
2099 2699 2145 2737 K

396 2764 418 2800 7
450 2751 517 2802 fit]
540 2751 593 2789 sit
613 2749 659 2787 K
810 2752 917 2801 sign.
941 2751 1027 2790 inte
1050 2752 1182 2791 intell.
1206 2751 1255 2790 C¹
1434 2765 1460 2802 9
1489 2758 1532 2791 et
1553 2753 1735 2792 chrisma
1755 2766 1838 2793 om.
1861 2752 1909 2790 K
1925 2756 2028 2804 (non
2047 2754 2140 2806 A):

398 2812 440 2845 et
471 2819 554 2846 om.
587 2804 630 2843 B
869 2806 1044 2855 sanguis
1073 2804 1175 2846 BC:
1214 2807 1436 2856 sanguinis
1473 2807 1530 2847 T:
1579 2807 1751 2857 sanguis
1781 2808 1938 2847 domini
1966 2807 2014 2845 K
2039 2809 2138 2859 (non

393 2860 456 2912 A>
648 2872 697 2898 10
727 2866 926 2910 tegumen
947 2860 989 2898 Β
1186 2874 1232 2900 11
1265 2861 1402 2900 salute
1425 2860 1472 2899 K
1604 2875 1692 2902 eor.
1715 2875 1820 2902 sacr.
1838 2862 1923 2902 secl.
1947 2861 2141 2902 ΞεΙιωανε

398 2928 446 2954 12
476 2915 544 2955 vel
564 2915 698 2954 sacris
720 2913 755 2952 C
893 2917 942 2954 16
972 2916 1242 2965 dispensetur
1277 2915 1387 2954 ΤΚ
1376 2928 1476 2965 gnon
1495 2917 1561 2964 A)
1672 2916 1834 2968 tamen]
1855 2923 1954 2956 tunc
1973 2915 2021 2953 K
2037 2917 2138 2967 (non

392 2970 458 3021 A)
576 2970 625 3008 18
653 2968 938 3008 visibiliterK
1061 2984 1112 3020 19
1142 2971 1249 3009 haec
1270 2971 1382 3009 dona
1401 2984 1484 3009 om.
1499 2970 1556 3008 Β1
1667 2983 1721 3009 20
1749 2983 1887 3021 neque
1907 2971 2069 3022 plantat
2089 2971 2137 3010 C1

392 3036 533 3074 neque
549 3024 656 3074 rigat
679 3023 729 3062 Tl
840 3036 892 3062 22
921 3025 1298 3075 dispositionemA
1324 3024 1362 3062 T
1358 3038 1434 3064 rm
1456 3024 1517 3064 Τ·
1538 3025 1852 3076 disponsionem
1869 3024 1936 3064 B:
1967 3026 2138 3075 dispen-

392 3081 599 3117 sationem
623 3077 681 3118 C:
710 3078 1031 3129 dispensionem
1052 3079 1128 3120 D.
1158 3079 1464 3130 repositionem
1485 3078 1531 3117 K
1770 3093 1822 3128 24
1849 3079 1969 3131 quia]
1989 3080 2059 3129 qui
2080 3079 2135 3117 B¹

395 3135 448 3171 26
480 3133 627 3172 tinctio
654 3133 712 3173 T:
741 3133 995 3174 intinctione
1014 3133 1055 3171 B
