2176 3424
404 138 1034 186 ETYMOLOGIARVM
1075 138 1202 184 LIB.
1243 139 1409 183 XVII.
1447 137 1506 195 vi,
1535 137 1595 184 vii

122 269 273 328 dum3
311 267 379 315 sic
405 275 453 315 et
478 266 734 325 inmatura,
763 266 876 328 quia
910 268 1194 329 priusquam
1226 275 1414 314 matura
1445 267 1579 325 fiant,
1606 266 1728 314 dura
1754 275 1866 314 sunt

121 350 184 397 ad
225 349 578 397 mandendum.
655 347 810 410 Ligna
853 346 986 396 dicta
1027 346 1142 410 quia
1183 346 1385 396 incensa
1422 356 1775 396 convertuntur
1816 347 1868 395 in
1888 352 1953 402 25

120 433 302 479 lumen.
375 431 524 478 Vnde
553 438 601 477 et
638 428 888 491 lychnium
926 428 1117 489 dicitur,
1147 429 1284 491 quod
1317 429 1485 477 lumen
1522 430 1621 477 det.
1692 430 1867 478 Astula
1889 427 1958 473 26

120 529 149 560 a
173 513 395 561 tollendo
419 519 705 574 nuncupata
733 508 894 576 [quasi
933 507 1164 576 abstula}
1239 512 1278 558 F
1281 526 1419 559 omes
1453 519 1525 559 est
1549 512 1707 559 astula
1740 527 1867 574 quae

73 609 95 650 5
120 595 183 643 ab
207 593 462 643 arboribus
489 592 728 641 excutitur
746 590 1003 653 recisione,
1020 601 1104 641 aut
1128 594 1315 641 astulae
1333 593 1607 653 ambustae,
1629 602 1712 641 aut
1738 592 1868 656 ligna

120 681 288 721 cavata
308 691 321 733 3
357 689 385 720 a
411 671 571 734 fungis
597 686 781 719 nomen
807 680 1085 734 acceptum,
1109 672 1246 734 quod
1270 670 1336 719 ita
1361 673 1522 734 capiat
1547 671 1728 734 ignem.
1790 675 1867 721 De

120 770 220 816 quo
244 752 485 815 Vergilius
513 751 658 816 (Aen.
683 768 722 810 1,
742 750 856 815 176)
879 770 887 798 ε

553 832 836 895 Rapuitque
873 831 923 879 in
961 832 1130 881 fomite
1167 834 1431 881 flammam.

119 915 284 964 Torris
322 915 506 978 lignum
544 916 789 976 adustum,
833 931 982 977 quem
1019 917 1190 978 vulgus
1227 914 1452 963 titionem
1489 917 1753 978 appellant,
1793 933 1867 965 ex·
1890 921 1951 970 27

49 1019 97 1046 10
118 1006 326 1046 tractum
363 998 489 1056 foco,
530 996 820 1045 semiustum
859 1005 907 1046 et
949 998 1232 1045 extinctum.
1309 996 1617 1059 Quisquiliae
1659 996 1867 1059 stipulae
1888 994 1955 1042 28

118 1077 351 1126 inmixtae
383 1077 587 1126 surculis
617 1094 674 1126 ac
707 1078 834 1127 foliis
868 1077 1045 1127 aridis:
1083 1087 1196 1126 sunt
1224 1087 1390 1126 autem
1424 1087 1746 1141 purgamenta
1778 1086 1867 1126 ter-

117 1177 291 1208 rarum.
380 1159 548 1210 Caries
582 1161 792 1223 putredo
835 1159 1094 1223 lignorum,
1140 1159 1328 1208 dictum
1370 1161 1464 1208 hoc
1502 1177 1687 1209 nomen
1730 1161 1866 1223 quod

117 1243 309 1291 eveniat
333 1241 474 1305 lignis
501 1240 678 1290 virtute
703 1241 996 1290 carentibus.

252 1325 335 1371 DE
373 1338 613 1371 PROPRns
657 1338 949 1372 NOMiNles
998 1337 1269 1371 ARBORVM.
1358 1325 1528 1372 Palma
1571 1323 1704 1373 dicta
1751 1323 1867 1387 quia
1888 1335 1968 1374 VII

46 1427 93 1468 15
119 1421 292 1452 manus
331 1404 539 1453 victricis
582 1415 781 1454 ornatus
820 1415 906 1463 est,
949 1407 1024 1453 vel
1067 1407 1203 1467 quod
1243 1405 1475 1467 oppansis
1518 1415 1591 1454 est
1633 1405 1778 1454 ramis
1816 1405 1866 1453 in

117 1487 322 1535 modum
358 1487 551 1550 palmae
587 1486 816 1534 hominis.
910 1489 997 1534 Est
1040 1485 1172 1534 enim
1209 1486 1354 1534 arbor
1391 1486 1581 1549 insigne
1618 1487 1862 1548 victoriae,

116 1584 420 1632 proceroque
452 1585 509 1617 ac
543 1569 725 1617 decoro
761 1568 981 1632 virgulto,
1011 1568 1353 1631 diuturnisque
1386 1570 1560 1618 vestita
1590 1570 1862 1630 frondibus,

117 1658 163 1698 et
200 1649 315 1698 folia
352 1666 439 1698 sua
476 1649 581 1698 sine
618 1652 716 1698 ulla
753 1650 1066 1699 successione
1103 1667 1413 1699 conservans.
1497 1653 1648 1699 Hanc
1686 1652 1863 1701 Graeci

116 1731 412 1796 phoenicem
437 1731 622 1791 dicunt,
642 1733 778 1795 quod
803 1734 889 1781 diu
909 1734 1064 1792 duret,
1090 1749 1148 1781 ex
1166 1732 1370 1782 nomine
1385 1732 1487 1781 avis
1504 1732 1631 1781 illius
1652 1734 1864 1783 Arabiae

46 1833 95 1861 20
117 1829 243 1876 quae
269 1813 434 1862 multis
459 1814 600 1862 annis
626 1814 787 1863 vivere
811 1814 1108 1877 perhibetur.
1166 1816 1309 1876 Quae
1329 1816 1447 1863 dum
1476 1814 1525 1862 in
1552 1817 1717 1864 multis
1743 1816 1864 1865 locis

117 1904 357 1955 nascatur,
398 1912 500 1944 non
538 1895 589 1943 in
633 1895 865 1945 omnibus
905 1898 1090 1945 fructus
1134 1896 1324 1959 perficit
1365 1897 1727 1958 maturitatem3
1778 1900 1864 1947 fre-

115 1986 323 2038 quenter
346 1986 512 2026 autem
538 1978 589 2025 in
615 1981 841 2041 Aegypto
862 1988 910 2026 et
935 1978 1082 2041 Syria.
1139 1981 1346 2026 Fructus
1366 1987 1530 2026 autern
1554 1979 1657 2027 eius
1683 1980 1863 2043 dactyli

115 2075 143 2106 a
159 2058 422 2122 digitorum
440 2059 759 2108 similitudine
775 2061 1044 2122 nuncupati
1065 2069 1190 2118 sunt,
1204 2076 1414 2122 quorum
1432 2059 1578 2108 etiam
1596 2070 1643 2109 et
1661 2061 1863 2110 nomina

114 2139 387 2190 variantur:
426 2157 540 2189 nam
566 2140 646 2189 alii
677 2143 986 2204 appellantur
1021 2143 1282 2204 palmulae,
1311 2140 1493 2190 similes
1526 2142 1863 2205 myrobalani,

45 2235 92 2276 25
113 2221 193 2270 alii
209 2221 464 2282 Thebaici,
488 2222 571 2285 qui
599 2232 644 2271 et
673 2221 866 2271 Nicolai
883 2241 896 2283 3
932 2222 1012 2270 alii
1039 2224 1253 2282 nucales,
1277 2239 1402 2286 quos
1428 2224 1605 2272 Graeci
1631 2227 1863 2288 καρυωτάς

113 2313 304 2352 vocant.
379 2306 566 2352 Laurus
591 2321 620 2353 a
644 2304 795 2353 verbo
819 2304 978 2353 laudis
1003 2304 1136 2354 dicta
1154 2323 1167 2365 3
1202 2306 1294 2354 hac
1320 2304 1453 2353 enim
1484 2322 1598 2353 cum
1631 2306 1861 2356 laudibus
1884 2320 1914 2354 2

114 2385 351 2434 victorum
387 2387 548 2450 capita
578 2387 955 2435 coronabantur.
1027 2388 1179 2450 Apud
1215 2388 1444 2449 antiquos
1481 2396 1646 2436 autem
1685 2389 1862 2438 laudea

114 2467 490 2529 nominabatur3
525 2477 698 2531 postea
725 2470 771 2515 D
797 2467 956 2517 littera
981 2467 1173 2516 sublata
1198 2477 1246 2517 et
1271 2468 1606 2532 subrogataffR
1631 2469 1763 2518 dicta
1787 2480 1860 2519 est

114 2550 276 2598 laurus
299 2568 311 2609 3
369 2560 422 2598 ut
470 2550 520 2597 in
568 2549 810 2609 auriculis,
855 2566 982 2612 quae
1031 2549 1171 2598 initio
1213 2552 1470 2599 audiculae
1519 2552 1682 2600 dictae
1729 2562 1855 2611 sunt,

167 2693 192 2718 2
223 2679 286 2732 in]
309 2680 361 2718 ad
382 2679 425 2717 D
443 2684 536 2719 ante
554 2694 653 2719 corr.
887 2694 912 2730 3
944 2681 1128 2719 licinium
1157 2681 1212 2721 T:
1242 2681 1467 2720 lieicinium
1489 2683 1561 2722 K:
1591 2682 1794 2721 lucinium
1815 2683 1859 2721 D

113 2732 282 2774 Astulta
301 2733 363 2772 K1
464 2748 488 2784 4
518 2748 587 2784 qu.
608 2735 674 2775 ab.
695 2735 788 2775 hab.
818 2735 872 2774 T:
902 2748 983 2775 om.
1006 2735 1096 2774 DK
1193 2747 1217 2786 5
1246 2735 1296 2775 ab
1317 2749 1399 2776 om.
1427 2735 1480 2775 Tl
1581 2739 1607 2776 6
1637 2743 1783 2776 cavate
1806 2738 1857 2777 T1

114 2789 226 2841 fun.]
247 2789 450 2828 fructibus
470 2789 508 2827 T
679 2804 716 2828 n.
739 2795 914 2840 accepto
939 2790 997 2829 T:
1027 2790 1196 2829 nomine
1218 2798 1392 2841 accepto
1406 2790 1450 2829 D
1626 2806 1652 2842 9
1682 2805 1806 2841 quam
1827 2793 1864 2830 T

114 2843 300 2894 appellat
320 2843 364 2882 D
545 2850 734 2883 extracto
754 2845 799 2883 K
999 2858 1047 2884 10
1075 2852 1118 2884 et
1140 2859 1222 2884 om.
1250 2845 1287 2883 T
1465 2846 1609 2896 stipuli
1630 2847 1792 2886 inmissi
1813 2848 1857 2886 K

121 2910 167 2947 13
197 2898 346 2950 lignis]
367 2898 408 2936 in
430 2898 465 2937 is
493 2898 530 2936 T
718 2912 764 2949 17
795 2900 922 2952 vest.]
944 2906 1111 2939 vetusta
1131 2900 1176 2938 K
1357 2914 1409 2950 23
1439 2914 1509 2951 qu.
1533 2901 1658 2940 etiam
1680 2914 1791 2940 nom.
1811 2902 1855 2940 D

116 2962 168 3000 25
198 2953 389 2992 thebaice
409 2952 452 2990 D
662 2954 847 2994 mucales
867 2955 980 2994 codd.
1188 2967 1314 3004 grece
1334 2956 1377 2994 D
1582 2955 1762 2995 cariotas
1781 2956 1827 2994 K
1844 2972 1853 2996 z

119 3007 300 3046 cariutos
327 3007 382 3046 T:
411 3007 591 3046 cariatos
614 3007 658 3046 D
727 3010 780 3046 26
809 3008 906 3060 hac]
929 3011 1006 3048 hec
1028 3010 1170 3062 (haec)
1193 3009 1303 3049 codd.
1390 3011 1441 3048 28
1470 3010 1854 3049 nominabanturD

113 3073 166 3110 29
195 3074 303 3110 quae
323 3062 364 3100 in
387 3062 443 3100 in.
464 3062 508 3099 K
