<?xml version="1.0" encoding="UTF-8"?>
<!DOCTYPE html PUBLIC "-//W3C//DTD XHTML 1.0 Transitional//EN"
    "http://www.w3.org/TR/xhtml1/DTD/xhtml1-transitional.dtd">
<html xmlns="http://www.w3.org/1999/xhtml" xml:lang="en" lang="en">
 <head>
  <title>
</title>
<meta http-equiv="Content-Type" content="text/html;charset=utf-8" />
  <meta name='ocr-system' content='tesseract 3.04.00' />
  <meta name='ocr-capabilities' content='ocr_page ocr_carea ocr_par ocr_line ocrx_word'/>
</head>
<body>
  <div class='ocr_page' id='page_1' title='image "./isidori01isiduoft/isidori01isiduoft_0574.png"; bbox 0 0 2176 3424; ppageno 0'>
   <div class='ocr_carea' id='block_1_1' title="bbox 1100 130 1371 179">
    <p class='ocr_par' dir='ltr' id='par_1_1' title="bbox 1100 130 1371 179">
     <span class='ocr_line' id='line_1_1' title="bbox 1100 130 1371 179; baseline 0 -2"><span class='ocrx_word' id='word_1_1' title='bbox 1100 130 1371 179; x_wconf 90' lang='lat' dir='ltr'>ISIDORI</span> 
     </span>
    </p>
   </div>
   <div class='ocr_carea' id='block_1_2' title="bbox 267 257 2176 2450">
    <p class='ocr_par' dir='ltr' id='par_1_2' title="bbox 267 257 2176 2450">
     <span class='ocr_line' id='line_1_2' title="bbox 368 257 2117 327; baseline 0.004 -21"><span class='ocrx_word' id='word_1_2' title='bbox 368 257 500 307; x_wconf 90' lang='lat' dir='ltr'>dicta</span> <span class='ocrx_word' id='word_1_3' title='bbox 526 259 660 322; x_wconf 90' lang='lat' dir='ltr'>quod</span> <span class='ocrx_word' id='word_1_4' title='bbox 686 275 713 306; x_wconf 93' lang='lat' dir='ltr'>a</span> <span class='ocrx_word' id='word_1_5' title='bbox 739 260 891 307; x_wconf 89' lang='lat' dir='ltr'>Zanio</span> <span class='ocrx_word' id='word_1_6' title='bbox 929 276 1029 307; x_wconf 89' lang='lat' dir='ltr'>non</span> <span class='ocrx_word' id='word_1_7' title='bbox 1062 262 1233 323; x_wconf 92' lang='lat' dir='ltr'>procul</span> <span class='ocrx_word' id='word_1_8' title='bbox 1267 262 1340 320; x_wconf 89' lang='lat' dir='ltr'>sit,</span> <span class='ocrx_word' id='word_1_9' title='bbox 1370 263 1508 325; x_wconf 83' lang='lat' dir='ltr'>quasi</span> <span class='ocrx_word' id='word_1_10' title='bbox 1538 263 1722 312; x_wconf 86' lang='lat' dir='ltr'>abozus</span> <span class='ocrx_word' id='word_1_11' title='bbox 1737 280 1749 322; x_wconf 80' lang='lat'><em>3</em></span> <span class='ocrx_word' id='word_1_12' title='bbox 1786 280 1901 312; x_wconf 89' lang='lat' dir='ltr'>nam</span> <span class='ocrx_word' id='word_1_13' title='bbox 1927 272 2117 327; x_wconf 89' lang='lat' dir='ltr'>septua-</span> 
     </span>
     <span class='ocr_line' id='line_1_3' title="bbox 369 339 2113 410; baseline 0.004 -23"><span class='ocrx_word' id='word_1_14' title='bbox 369 339 502 402; x_wconf 83' lang='lat' dir='ltr'>ginta</span> <span class='ocrx_word' id='word_1_15' title='bbox 544 339 712 388; x_wconf 89' lang='lat' dir='ltr'>stadiis</span> <span class='ocrx_word' id='word_1_16' title='bbox 755 341 819 389; x_wconf 87' lang='lat' dir='ltr'>ab</span> <span class='ocrx_word' id='word_1_17' title='bbox 862 358 920 389; x_wconf 90' lang='lat' dir='ltr'>ea</span> <span class='ocrx_word' id='word_1_18' title='bbox 963 341 1126 391; x_wconf 89' lang='lat' dir='ltr'>distat.</span> <span class='ocrx_word' id='word_1_19' title='bbox 1200 343 1354 392; x_wconf 91' lang='lat' dir='ltr'>Cuius</span> <span class='ocrx_word' id='word_1_20' title='bbox 1399 352 1575 393; x_wconf 87' lang='lat' dir='ltr'>terram</span> <span class='ocrx_word' id='word_1_21' title='bbox 1613 355 1866 410; x_wconf 82' lang='lat' dir='ltr'><strong>serpentes</strong></span> <span class='ocrx_word' id='word_1_22' title='bbox 1908 346 2113 409; x_wconf 89' lang='lat' dir='ltr'>fugiunt.</span> 
     </span>
     <span class='ocr_line' id='line_1_4' title="bbox 278 421 2116 490; baseline 0.004 -21"><span class='ocrx_word' id='word_1_23' title='bbox 278 431 346 479; x_wconf 92' lang='lat'>44</span> <span class='ocrx_word' id='word_1_24' title='bbox 373 421 509 470; x_wconf 86' lang='lat' dir='ltr'>Huic</span> <span class='ocrx_word' id='word_1_25' title='bbox 534 422 776 471; x_wconf 88' lang='lat' dir='ltr'>contraria</span> <span class='ocrx_word' id='word_1_26' title='bbox 795 431 868 471; x_wconf 92' lang='lat' dir='ltr'>est</span> <span class='ocrx_word' id='word_1_27' title='bbox 888 422 1195 485; x_wconf 83' lang='lat' dir='ltr'>Colubraria,</span> <span class='ocrx_word' id='word_1_28' title='bbox 1217 441 1343 488; x_wconf 90' lang='lat' dir='ltr'>quae</span> <span class='ocrx_word' id='word_1_29' title='bbox 1363 427 1460 474; x_wconf 88' lang='lat' dir='ltr'>feta</span> <span class='ocrx_word' id='word_1_30' title='bbox 1480 435 1553 476; x_wconf 89' lang='lat' dir='ltr'>est</span> <span class='ocrx_word' id='word_1_31' title='bbox 1570 427 1828 490; x_wconf 86' lang='lat' dir='ltr'>anguibus.</span> <span class='ocrx_word' id='word_1_32' title='bbox 1892 429 2116 477; x_wconf 85' lang='lat' dir='ltr'>Baleares</span> 
     </span>
     <span class='ocr_line' id='line_1_5' title="bbox 370 503 2118 573; baseline 0.005 -22"><span class='ocrx_word' id='word_1_33' title='bbox 370 505 557 553; x_wconf 88' lang='lat' dir='ltr'>insulae</span> <span class='ocrx_word' id='word_1_34' title='bbox 585 503 859 567; x_wconf 85' lang='lat' dir='ltr'>Hispaniae</span> <span class='ocrx_word' id='word_1_35' title='bbox 879 505 1007 553; x_wconf 91' lang='lat' dir='ltr'>duae</span> <span class='ocrx_word' id='word_1_36' title='bbox 1029 514 1142 554; x_wconf 89' lang='lat' dir='ltr'>sunt</span> <span class='ocrx_word' id='word_1_37' title='bbox 1162 526 1171 555; x_wconf 74' lang='grc' dir='ltr'>ι</span> <span class='ocrx_word' id='word_1_38' title='bbox 1198 507 1534 570; x_wconf 88' lang='lat' dir='ltr'>Aphrosiades</span> <span class='ocrx_word' id='word_1_39' title='bbox 1554 519 1602 558; x_wconf 91' lang='lat' dir='ltr'>et</span> <span class='ocrx_word' id='word_1_40' title='bbox 1623 509 1940 573; x_wconf 89' lang='lat' dir='ltr'>Gymnaside,</span> <span class='ocrx_word' id='word_1_41' title='bbox 1963 509 2118 559; x_wconf 86' lang='lat' dir='ltr'>maior</span> 
     </span>
     <span class='ocr_line' id='line_1_6' title="bbox 368 585 2164 656; baseline 0.004 -23"><span class='ocrx_word' id='word_1_42' title='bbox 368 595 416 634; x_wconf 89' lang='lat' dir='ltr'>et</span> <span class='ocrx_word' id='word_1_43' title='bbox 442 585 632 643; x_wconf 85' lang='lat' dir='ltr'>minor;</span> <span class='ocrx_word' id='word_1_44' title='bbox 671 588 805 635; x_wconf 88' lang='lat' dir='ltr'>unde</span> <span class='ocrx_word' id='word_1_45' title='bbox 831 594 879 635; x_wconf 90' lang='lat' dir='ltr'>et</span> <span class='ocrx_word' id='word_1_46' title='bbox 905 602 986 634; x_wconf 88' lang='lat' dir='ltr'>eas</span> <span class='ocrx_word' id='word_1_47' title='bbox 1016 588 1188 650; x_wconf 88' lang='lat' dir='ltr'>vulgus</span> <span class='ocrx_word' id='word_1_48' title='bbox 1215 589 1505 638; x_wconf 90' lang='lat' dir='ltr'>Maioricam</span> <span class='ocrx_word' id='word_1_49' title='bbox 1537 599 1583 638; x_wconf 92' lang='lat' dir='ltr'>et</span> <span class='ocrx_word' id='word_1_50' title='bbox 1611 590 1906 640; x_wconf 90' lang='lat' dir='ltr'>Minoricarn</span> <span class='ocrx_word' id='word_1_51' title='bbox 1931 609 2118 640; x_wconf 87' lang='lat' dir='ltr'>nuncu·</span> <span class='ocrx_word' id='word_1_52' title='bbox 2143 617 2164 656; x_wconf 89' lang='lat'>5</span> 
     </span>
     <span class='ocr_line' id='line_1_7' title="bbox 368 667 2116 737; baseline 0.004 -22"><span class='ocrx_word' id='word_1_53' title='bbox 368 677 501 731; x_wconf 91' lang='lat' dir='ltr'>pant.</span> <span class='ocrx_word' id='word_1_54' title='bbox 579 670 638 716; x_wconf 91' lang='lat' dir='ltr'>In</span> <span class='ocrx_word' id='word_1_55' title='bbox 676 667 751 716; x_wconf 85' lang='lat' dir='ltr'>his</span> <span class='ocrx_word' id='word_1_56' title='bbox 788 667 1000 730; x_wconf 90' lang='lat' dir='ltr'>primum</span> <span class='ocrx_word' id='word_1_57' title='bbox 1044 668 1216 717; x_wconf 91' lang='lat' dir='ltr'>insulis</span> <span class='ocrx_word' id='word_1_58' title='bbox 1259 669 1459 719; x_wconf 89' lang='lat' dir='ltr'>inventa</span> <span class='ocrx_word' id='word_1_59' title='bbox 1495 681 1567 721; x_wconf 90' lang='lat' dir='ltr'>est</span> <span class='ocrx_word' id='word_1_60' title='bbox 1604 673 1759 721; x_wconf 88' lang='lat' dir='ltr'>funda</span> <span class='ocrx_word' id='word_1_61' title='bbox 1796 690 1893 736; x_wconf 89' lang='lat' dir='ltr'>qua</span> <span class='ocrx_word' id='word_1_62' title='bbox 1927 673 2116 737; x_wconf 89' lang='lat' dir='ltr'>lapides</span> 
     </span>
     <span class='ocr_line' id='line_1_8' title="bbox 371 750 2117 818; baseline 0.005 -22"><span class='ocrx_word' id='word_1_63' title='bbox 371 750 675 808; x_wconf 89' lang='lat' dir='ltr'>emittuntur,</span> <span class='ocrx_word' id='word_1_64' title='bbox 722 751 857 798; x_wconf 90' lang='lat' dir='ltr'>unde</span> <span class='ocrx_word' id='word_1_65' title='bbox 900 759 947 798; x_wconf 94' lang='lat' dir='ltr'>et</span> <span class='ocrx_word' id='word_1_66' title='bbox 992 752 1219 799; x_wconf 85' lang='lat' dir='ltr'>Baleares</span> <span class='ocrx_word' id='word_1_67' title='bbox 1260 751 1422 801; x_wconf 89' lang='lat' dir='ltr'>dictae</span> <span class='ocrx_word' id='word_1_68' title='bbox 1439 771 1450 813; x_wconf 87' lang='lat'>;</span> <span class='ocrx_word' id='word_1_69' title='bbox 1505 756 1710 818; x_wconf 82' lang='grc' dir='ltr'>βάλλειν</span> <span class='ocrx_word' id='word_1_70' title='bbox 1751 755 1883 803; x_wconf 91' lang='lat' dir='ltr'>enim</span> <span class='ocrx_word' id='word_1_71' title='bbox 1928 757 2117 804; x_wconf 83' lang='lat' dir='ltr'>Graece</span> 
     </span>
     <span class='ocr_line' id='line_1_9' title="bbox 373 831 2114 898; baseline 0.005 -20"><span class='ocrx_word' id='word_1_72' title='bbox 373 831 563 879; x_wconf 92' lang='lat' dir='ltr'>mittere</span> <span class='ocrx_word' id='word_1_73' title='bbox 590 831 801 891; x_wconf 83' lang='lat' dir='ltr'>dicitur3</span> <span class='ocrx_word' id='word_1_74' title='bbox 841 833 975 880; x_wconf 91' lang='lat' dir='ltr'>unde</span> <span class='ocrx_word' id='word_1_75' title='bbox 1009 842 1056 880; x_wconf 94' lang='lat' dir='ltr'>et</span> <span class='ocrx_word' id='word_1_76' title='bbox 1091 832 1298 894; x_wconf 88' lang='lat' dir='ltr'>ballista,</span> <span class='ocrx_word' id='word_1_77' title='bbox 1335 835 1474 898; x_wconf 83' lang='lat' dir='ltr'>quasi</span> <span class='ocrx_word' id='word_1_78' title='bbox 1509 835 1669 895; x_wconf 88' lang='lat' dir='ltr'>missa,</span> <span class='ocrx_word' id='word_1_79' title='bbox 1707 846 1754 885; x_wconf 91' lang='lat' dir='ltr'>et</span> <span class='ocrx_word' id='word_1_80' title='bbox 1789 837 2114 886; x_wconf 87' lang='lat' dir='ltr'>fundibalum.</span> 
     </span>
     <span class='ocr_line' id='line_1_10' title="bbox 371 911 1080 978; baseline 0.001 -19"><span class='ocrx_word' id='word_1_81' title='bbox 371 912 614 974; x_wconf 88' lang='lat' dir='ltr'>Vergilius</span> <span class='ocrx_word' id='word_1_82' title='bbox 642 911 840 978; x_wconf 85' lang='lat' dir='ltr'>(Georg.</span> <span class='ocrx_word' id='word_1_83' title='bbox 868 931 906 970; x_wconf 87' lang='lat'>1,</span> <span class='ocrx_word' id='word_1_84' title='bbox 927 913 1045 977; x_wconf 80' lang='lat'>309)</span> <span class='ocrx_word' id='word_1_85' title='bbox 1071 931 1080 960; x_wconf 73' lang='grc' dir='ltr'>ε</span> 
     </span>
     <span class='ocr_line' id='line_1_11' title="bbox 914 995 2176 1050; baseline 0.004 -7"><span class='ocrx_word' id='word_1_86' title='bbox 914 995 1129 1044; x_wconf 86' lang='lat' dir='ltr'>Balearis</span> <span class='ocrx_word' id='word_1_87' title='bbox 1166 997 1367 1046; x_wconf 88' lang='lat' dir='ltr'>verbera</span> <span class='ocrx_word' id='word_1_88' title='bbox 1403 999 1599 1047; x_wconf 91' lang='lat' dir='ltr'>fundae.</span> <span class='ocrx_word' id='word_1_89' title='bbox 2148 1023 2176 1050; x_wconf 72' lang='grc' dir='ltr'>ι.</span> 
     </span>
     <span class='ocr_line' id='line_1_12' title="bbox 267 1078 2116 1146; baseline 0.004 -24"><span class='ocrx_word' id='word_1_90' title='bbox 267 1084 348 1122; x_wconf 91' lang='lat' dir='ltr'>V11</span> <span class='ocrx_word' id='word_1_91' title='bbox 509 1078 593 1124; x_wconf 82' lang='lat' dir='ltr'>DE</span> <span class='ocrx_word' id='word_1_92' title='bbox 631 1079 1053 1126; x_wconf 85' lang='lat' dir='ltr'><strong>PROMVNTORIIS.</strong></span> <span class='ocrx_word' id='word_1_93' title='bbox 1117 1079 1400 1128; x_wconf 88' lang='lat' dir='ltr'>Commune</span> <span class='ocrx_word' id='word_1_94' title='bbox 1426 1089 1499 1128; x_wconf 92' lang='lat' dir='ltr'>est</span> <span class='ocrx_word' id='word_1_95' title='bbox 1518 1080 1688 1129; x_wconf 90' lang='lat' dir='ltr'>insulis</span> <span class='ocrx_word' id='word_1_96' title='bbox 1714 1090 1766 1130; x_wconf 90' lang='lat' dir='ltr'>ut</span> <span class='ocrx_word' id='word_1_97' title='bbox 1791 1081 2116 1146; x_wconf 89' lang='lat' dir='ltr'>promineant.</span> 
     </span>
     <span class='ocr_line' id='line_1_13' title="bbox 375 1159 2121 1223; baseline 0.005 -19"><span class='ocrx_word' id='word_1_98' title='bbox 375 1159 502 1206; x_wconf 91' lang='lat' dir='ltr'>Inde</span> <span class='ocrx_word' id='word_1_99' title='bbox 539 1168 586 1207; x_wconf 87' lang='lat' dir='ltr'>et</span> <span class='ocrx_word' id='word_1_100' title='bbox 623 1159 732 1206; x_wconf 88' lang='lat' dir='ltr'>loca</span> <span class='ocrx_word' id='word_1_101' title='bbox 769 1176 935 1207; x_wconf 91' lang='lat' dir='ltr'>earum</span> <span class='ocrx_word' id='word_1_102' title='bbox 974 1162 1311 1223; x_wconf 88' lang='lat' dir='ltr'>promuntoria</span> <span class='ocrx_word' id='word_1_103' title='bbox 1341 1161 1586 1211; x_wconf 89' lang='lat' dir='ltr'>dicuntur.</span> <span class='ocrx_word' id='word_1_104' title='bbox 1658 1162 1737 1211; x_wconf 90' lang='lat' dir='ltr'>Sic</span> <span class='ocrx_word' id='word_1_105' title='bbox 1768 1162 2024 1212; x_wconf 87' lang='lat' dir='ltr'>Sallustius</span> <span class='ocrx_word' id='word_1_106' title='bbox 2057 1165 2121 1212; x_wconf 91' lang='lat' dir='ltr'>de</span> 
     </span>
     <span class='ocr_line' id='line_1_14' title="bbox 372 1238 2117 1307; baseline 0.003 -20"><span class='ocrx_word' id='word_1_107' title='bbox 372 1238 596 1288; x_wconf 86' lang='lat' dir='ltr'>Sardinia</span> <span class='ocrx_word' id='word_1_108' title='bbox 636 1239 788 1303; x_wconf 90' lang='lat' dir='ltr'>(Hist.</span> <span class='ocrx_word' id='word_1_109' title='bbox 811 1258 852 1300; x_wconf 87' lang='lat'>2,</span> <span class='ocrx_word' id='word_1_110' title='bbox 872 1243 924 1288; x_wconf 90' lang='lat' dir='ltr'>fr.</span> <span class='ocrx_word' id='word_1_111' title='bbox 949 1241 1027 1304; x_wconf 89' lang='lat'>2):</span> <span class='ocrx_word' id='word_1_112' title='bbox 1080 1244 1170 1291; x_wconf 89' lang='lat' dir='ltr'>‘In</span> <span class='ocrx_word' id='word_1_113' title='bbox 1208 1242 1464 1292; x_wconf 89' lang='lat' dir='ltr'>Orientem</span> <span class='ocrx_word' id='word_1_114' title='bbox 1508 1261 1657 1307; x_wconf 89' lang='lat' dir='ltr'>quam</span> <span class='ocrx_word' id='word_1_115' title='bbox 1694 1244 1743 1293; x_wconf 91' lang='lat' dir='ltr'>in</span> <span class='ocrx_word' id='word_1_116' title='bbox 1789 1246 2117 1294; x_wconf 85' lang='lat' dir='ltr'>Occidentem</span> 
     </span>
     <span class='ocr_line' id='line_1_15' title="bbox 318 1320 2121 1390; baseline 0.003 -20"><span class='ocrx_word' id='word_1_117' title='bbox 318 1336 348 1370; x_wconf 89' lang='lat'>2</span> <span class='ocrx_word' id='word_1_118' title='bbox 372 1320 513 1369; x_wconf 90' lang='lat' dir='ltr'>latior</span> <span class='ocrx_word' id='word_1_119' title='bbox 538 1320 813 1385; x_wconf 85' lang='lat' dir='ltr'>prominet.&#39;</span> <span class='ocrx_word' id='word_1_120' title='bbox 885 1322 1084 1386; x_wconf 85' lang='lat' dir='ltr'>Sigeum</span> <span class='ocrx_word' id='word_1_121' title='bbox 1111 1324 1506 1385; x_wconf 84' lang='lat' dir='ltr'>promuntorium</span> <span class='ocrx_word' id='word_1_122' title='bbox 1528 1325 1690 1386; x_wconf 87' lang='lat' dir='ltr'>Asiae,</span> <span class='ocrx_word' id='word_1_123' title='bbox 1713 1326 1798 1375; x_wconf 91' lang='lat' dir='ltr'>ubi</span> <span class='ocrx_word' id='word_1_124' title='bbox 1824 1329 2121 1390; x_wconf 90' lang='lat' dir='ltr'>Hellespon-</span> 
     </span>
     <span class='ocr_line' id='line_1_16' title="bbox 372 1403 2165 1472; baseline 0.003 -21"><span class='ocrx_word' id='word_1_125' title='bbox 372 1412 449 1451; x_wconf 90' lang='lat' dir='ltr'>tus</span> <span class='ocrx_word' id='word_1_126' title='bbox 475 1404 689 1466; x_wconf 87' lang='lat' dir='ltr'>apertius</span> <span class='ocrx_word' id='word_1_127' title='bbox 715 1403 957 1452; x_wconf 83' lang='lat' dir='ltr'>dilatatur.</span> <span class='ocrx_word' id='word_1_128' title='bbox 1034 1404 1238 1454; x_wconf 92' lang='lat' dir='ltr'>Dictum</span> <span class='ocrx_word' id='word_1_129' title='bbox 1264 1415 1430 1455; x_wconf 92' lang='lat' dir='ltr'>autem</span> <span class='ocrx_word' id='word_1_130' title='bbox 1454 1407 1649 1471; x_wconf 88' lang='lat' dir='ltr'>Sigeum</span> <span class='ocrx_word' id='word_1_131' title='bbox 1671 1417 1868 1472; x_wconf 89' lang='lat' dir='ltr'>propter</span> <span class='ocrx_word' id='word_1_132' title='bbox 1889 1407 2121 1457; x_wconf 89' lang='lat' dir='ltr'>Herculis</span> <span class='ocrx_word' id='word_1_133' title='bbox 2149 1429 2165 1457; x_wconf 89' lang='lat'>1</span> 
     </span>
     <span class='ocr_line' id='line_1_17' title="bbox 372 1484 2121 1552; baseline 0.003 -20"><span class='ocrx_word' id='word_1_134' title='bbox 372 1484 771 1545; x_wconf 86' lang='lat' dir='ltr'>taciturnitatem,</span> <span class='ocrx_word' id='word_1_135' title='bbox 795 1485 910 1549; x_wconf 89' lang='lat' dir='ltr'>quia</span> <span class='ocrx_word' id='word_1_136' title='bbox 935 1486 1211 1549; x_wconf 87' lang='lat' dir='ltr'>prohibitus</span> <span class='ocrx_word' id='word_1_137' title='bbox 1233 1488 1447 1552; x_wconf 91' lang='lat' dir='ltr'>hospitio</span> <span class='ocrx_word' id='word_1_138' title='bbox 1467 1506 1496 1538; x_wconf 90' lang='lat' dir='ltr'>a</span> <span class='ocrx_word' id='word_1_139' title='bbox 1515 1492 1861 1539; x_wconf 88' lang='lat' dir='ltr'>Laumedonte</span> <span class='ocrx_word' id='word_1_140' title='bbox 1886 1490 2121 1538; x_wconf 90' lang='lat' dir='ltr'>Troiano-</span> 
     </span>
     <span class='ocr_line' id='line_1_18' title="bbox 372 1567 2119 1631; baseline 0.003 -16"><span class='ocrx_word' id='word_1_141' title='bbox 372 1584 479 1615; x_wconf 93' lang='lat' dir='ltr'>rum</span> <span class='ocrx_word' id='word_1_142' title='bbox 517 1583 643 1631; x_wconf 88' lang='lat' dir='ltr'>rege‚</span> <span class='ocrx_word' id='word_1_143' title='bbox 684 1567 930 1617; x_wconf 86' lang='lat' dir='ltr'>simulavit</span> <span class='ocrx_word' id='word_1_144' title='bbox 973 1570 1275 1631; x_wconf 90' lang='lat' dir='ltr'>abscessum,</span> <span class='ocrx_word' id='word_1_145' title='bbox 1314 1581 1362 1620; x_wconf 93' lang='lat' dir='ltr'>et</span> <span class='ocrx_word' id='word_1_146' title='bbox 1404 1571 1521 1621; x_wconf 92' lang='lat' dir='ltr'>inde</span> <span class='ocrx_word' id='word_1_147' title='bbox 1563 1581 1733 1621; x_wconf 90' lang='lat' dir='ltr'>contra</span> <span class='ocrx_word' id='word_1_148' title='bbox 1769 1572 1968 1622; x_wconf 88' lang='lat' dir='ltr'>Troiam</span> <span class='ocrx_word' id='word_1_149' title='bbox 2006 1589 2119 1621; x_wconf 91' lang='lat' dir='ltr'>cum</span> 
     </span>
     <span class='ocr_line' id='line_1_19' title="bbox 321 1649 2118 1718; baseline 0.004 -21"><span class='ocrx_word' id='word_1_150' title='bbox 321 1666 350 1711; x_wconf 89' lang='lat'><strong>3</strong></span> <span class='ocrx_word' id='word_1_151' title='bbox 372 1649 568 1698; x_wconf 91' lang='lat' dir='ltr'>silentio</span> <span class='ocrx_word' id='word_1_152' title='bbox 594 1649 741 1708; x_wconf 89' lang='lat' dir='ltr'>venit,</span> <span class='ocrx_word' id='word_1_153' title='bbox 765 1652 903 1712; x_wconf 93' lang='lat' dir='ltr'>quod</span> <span class='ocrx_word' id='word_1_154' title='bbox 924 1650 1102 1700; x_wconf 89' lang='lat' dir='ltr'>dicitur</span> <span class='ocrx_word' id='word_1_155' title='bbox 1127 1654 1254 1718; x_wconf 83' lang='grc' dir='ltr'>σιγή.</span> <span class='ocrx_word' id='word_1_156' title='bbox 1313 1655 1533 1703; x_wconf 86' lang='lat' dir='ltr'>Maleum</span> <span class='ocrx_word' id='word_1_157' title='bbox 1560 1654 1953 1718; x_wconf 84' lang='lat' dir='ltr'>promuntorium</span> <span class='ocrx_word' id='word_1_158' title='bbox 1973 1656 2118 1704; x_wconf 90' lang='lat' dir='ltr'>Grae·</span> 
     </span>
     <span class='ocr_line' id='line_1_20' title="bbox 372 1730 2119 1800; baseline 0.003 -20"><span class='ocrx_word' id='word_1_159' title='bbox 372 1731 492 1791; x_wconf 89' lang='lat' dir='ltr'>ciae,</span> <span class='ocrx_word' id='word_1_160' title='bbox 520 1732 656 1793; x_wconf 92' lang='lat' dir='ltr'>quod</span> <span class='ocrx_word' id='word_1_161' title='bbox 684 1730 830 1780; x_wconf 91' lang='lat' dir='ltr'>intrat</span> <span class='ocrx_word' id='word_1_162' title='bbox 857 1748 1003 1791; x_wconf 87' lang='lat' dir='ltr'>mare,</span> <span class='ocrx_word' id='word_1_163' title='bbox 1033 1741 1080 1781; x_wconf 93' lang='lat' dir='ltr'>et</span> <span class='ocrx_word' id='word_1_164' title='bbox 1110 1750 1196 1796; x_wconf 91' lang='lat' dir='ltr'>per</span> <span class='ocrx_word' id='word_1_165' title='bbox 1229 1734 1364 1783; x_wconf 91' lang='lat' dir='ltr'>milia</span> <span class='ocrx_word' id='word_1_166' title='bbox 1396 1736 1753 1800; x_wconf 87' lang='lat' dir='ltr'>quinquaginta</span> <span class='ocrx_word' id='word_1_167' title='bbox 1783 1736 2090 1800; x_wconf 91' lang='lat' dir='ltr'>protenditur</span> <span class='ocrx_word' id='word_1_168' title='bbox 2107 1756 2119 1797; x_wconf 80' lang='lat'><em>3</em></span> 
     </span>
     <span class='ocr_line' id='line_1_21' title="bbox 373 1812 2176 1882; baseline 0.004 -22"><span class='ocrx_word' id='word_1_169' title='bbox 373 1812 457 1861; x_wconf 88' lang='lat' dir='ltr'>ubi</span> <span class='ocrx_word' id='word_1_170' title='bbox 488 1815 624 1862; x_wconf 93' lang='lat' dir='ltr'>unda</span> <span class='ocrx_word' id='word_1_171' title='bbox 654 1813 720 1861; x_wconf 87' lang='lat' dir='ltr'>ita</span> <span class='ocrx_word' id='word_1_172' title='bbox 751 1830 895 1862; x_wconf 85' lang='lat' dir='ltr'>saeva</span> <span class='ocrx_word' id='word_1_173' title='bbox 925 1824 997 1863; x_wconf 91' lang='lat' dir='ltr'>est</span> <span class='ocrx_word' id='word_1_174' title='bbox 1031 1825 1084 1863; x_wconf 92' lang='lat' dir='ltr'>ut</span> <span class='ocrx_word' id='word_1_175' title='bbox 1113 1817 1342 1880; x_wconf 91' lang='lat' dir='ltr'>persequi</span> <span class='ocrx_word' id='word_1_176' title='bbox 1374 1818 1658 1882; x_wconf 88' lang='lat' dir='ltr'>navigantes</span> <span class='ocrx_word' id='word_1_177' title='bbox 1692 1818 1928 1868; x_wconf 87' lang='lat' dir='ltr'>videatur.</span> <span class='ocrx_word' id='word_1_178' title='bbox 2002 1822 2119 1868; x_wconf 90' lang='lat' dir='ltr'>Hoc</span> <span class='ocrx_word' id='word_1_179' title='bbox 2146 1839 2176 1867; x_wconf 56' lang='lat'>21</span> 
     </span>
     <span class='ocr_line' id='line_1_22' title="bbox 371 1895 2116 1965; baseline 0.005 -23"><span class='ocrx_word' id='word_1_180' title='bbox 371 1904 538 1943; x_wconf 88' lang='lat' dir='ltr'>autem</span> <span class='ocrx_word' id='word_1_181' title='bbox 563 1895 959 1958; x_wconf 87' lang='lat' dir='ltr'>promuntorium</span> <span class='ocrx_word' id='word_1_182' title='bbox 991 1913 1018 1944; x_wconf 91' lang='lat' dir='ltr'>a</span> <span class='ocrx_word' id='word_1_183' title='bbox 1046 1899 1215 1947; x_wconf 91' lang='lat' dir='ltr'>Maleo</span> <span class='ocrx_word' id='word_1_184' title='bbox 1246 1915 1358 1962; x_wconf 88' lang='lat' dir='ltr'>rege</span> <span class='ocrx_word' id='word_1_185' title='bbox 1384 1899 1675 1963; x_wconf 88' lang='lat' dir='ltr'>Argivorum</span> <span class='ocrx_word' id='word_1_186' title='bbox 1701 1917 1887 1950; x_wconf 90' lang='lat' dir='ltr'>nomen</span> <span class='ocrx_word' id='word_1_187' title='bbox 1912 1901 2116 1965; x_wconf 92' lang='lat' dir='ltr'>accepit.</span> 
     </span>
     <span class='ocr_line' id='line_1_23' title="bbox 316 1977 2120 2045; baseline 0.004 -21"><span class='ocrx_word' id='word_1_188' title='bbox 316 1997 348 2044; x_wconf 92' lang='lat'>4</span> <span class='ocrx_word' id='word_1_189' title='bbox 373 1978 603 2026; x_wconf 89' lang='lat' dir='ltr'>Pelorum</span> <span class='ocrx_word' id='word_1_190' title='bbox 642 1977 1039 2040; x_wconf 88' lang='lat' dir='ltr'>promuntorium</span> <span class='ocrx_word' id='word_1_191' title='bbox 1078 1979 1271 2029; x_wconf 89' lang='lat' dir='ltr'>Siciliae</span> <span class='ocrx_word' id='word_1_192' title='bbox 1310 1981 1575 2045; x_wconf 90' lang='lat' dir='ltr'>respiciens</span> <span class='ocrx_word' id='word_1_193' title='bbox 1609 1983 1925 2045; x_wconf 88' lang='lat' dir='ltr'>Aquilonem,</span> <span class='ocrx_word' id='word_1_194' title='bbox 1951 1999 2120 2032; x_wconf 90' lang='lat' dir='ltr'>secun-</span> 
     </span>
     <span class='ocr_line' id='line_1_24' title="bbox 372 2059 2120 2127; baseline 0.004 -20"><span class='ocrx_word' id='word_1_195' title='bbox 372 2061 492 2107; x_wconf 92' lang='lat' dir='ltr'>dum</span> <span class='ocrx_word' id='word_1_196' title='bbox 522 2060 807 2108; x_wconf 91' lang='lat' dir='ltr'>Sallustium</span> <span class='ocrx_word' id='word_1_197' title='bbox 841 2059 995 2122; x_wconf 92' lang='lat' dir='ltr'>(Hist.</span> <span class='ocrx_word' id='word_1_198' title='bbox 1016 2077 1060 2121; x_wconf 89' lang='lat'>4,</span> <span class='ocrx_word' id='word_1_199' title='bbox 1075 2061 1159 2126; x_wconf 85' lang='lat'>39)</span> <span class='ocrx_word' id='word_1_200' title='bbox 1187 2062 1375 2111; x_wconf 91' lang='lat' dir='ltr'>dictum</span> <span class='ocrx_word' id='word_1_201' title='bbox 1409 2080 1438 2112; x_wconf 92' lang='lat' dir='ltr'>a</span> <span class='ocrx_word' id='word_1_202' title='bbox 1466 2065 1793 2127; x_wconf 89' lang='lat' dir='ltr'>gubernatore</span> <span class='ocrx_word' id='word_1_203' title='bbox 1821 2065 2120 2114; x_wconf 87' lang='lat' dir='ltr'>Hannibalis</span> 
     </span>
     <span class='ocr_line' id='line_1_25' title="bbox 322 2140 2120 2210; baseline 0.005 -23"><span class='ocrx_word' id='word_1_204' title='bbox 322 2159 351 2206; x_wconf 89' lang='lat'>5</span> <span class='ocrx_word' id='word_1_205' title='bbox 374 2140 471 2188; x_wconf 90' lang='lat' dir='ltr'>illic</span> <span class='ocrx_word' id='word_1_206' title='bbox 507 2143 714 2204; x_wconf 87' lang='lat' dir='ltr'>sepulto.</span> <span class='ocrx_word' id='word_1_207' title='bbox 790 2143 1078 2204; x_wconf 90' lang='lat' dir='ltr'>Pachynum</span> <span class='ocrx_word' id='word_1_208' title='bbox 1112 2145 1508 2208; x_wconf 88' lang='lat' dir='ltr'>promuntorium</span> <span class='ocrx_word' id='word_1_209' title='bbox 1535 2146 1728 2196; x_wconf 90' lang='lat' dir='ltr'>Siciliae</span> <span class='ocrx_word' id='word_1_210' title='bbox 1753 2149 1990 2195; x_wconf 90' lang='lat' dir='ltr'>Austrum</span> <span class='ocrx_word' id='word_1_211' title='bbox 2017 2164 2120 2210; x_wconf 91' lang='lat' dir='ltr'>spe-</span> 
     </span>
     <span class='ocr_line' id='line_1_26' title="bbox 375 2222 2163 2294; baseline 0.005 -24"><span class='ocrx_word' id='word_1_212' title='bbox 375 2232 528 2281; x_wconf 89' lang='lat' dir='ltr'>ctans,</span> <span class='ocrx_word' id='word_1_213' title='bbox 556 2223 619 2271; x_wconf 91' lang='lat' dir='ltr'>ab</span> <span class='ocrx_word' id='word_1_214' title='bbox 652 2222 775 2271; x_wconf 88' lang='lat' dir='ltr'>aeris</span> <span class='ocrx_word' id='word_1_215' title='bbox 802 2223 1126 2274; x_wconf 89' lang='lat' dir='ltr'>crassitudine</span> <span class='ocrx_word' id='word_1_216' title='bbox 1160 2225 1349 2275; x_wconf 84' lang='lat' dir='ltr'>dictum</span> <span class='ocrx_word' id='word_1_217' title='bbox 1366 2242 1379 2285; x_wconf 88' lang='lat'>;</span> <span class='ocrx_word' id='word_1_218' title='bbox 1418 2244 1533 2275; x_wconf 91' lang='lat' dir='ltr'>nam</span> <span class='ocrx_word' id='word_1_219' title='bbox 1558 2230 1709 2294; x_wconf 83' lang='grc' dir='ltr'>παχὺς</span> <span class='ocrx_word' id='word_1_220' title='bbox 1741 2237 1813 2278; x_wconf 92' lang='lat' dir='ltr'>est</span> <span class='ocrx_word' id='word_1_221' title='bbox 1846 2229 2039 2292; x_wconf 89' lang='lat' dir='ltr'>pinguis</span> <span class='ocrx_word' id='word_1_222' title='bbox 2071 2239 2118 2279; x_wconf 91' lang='lat' dir='ltr'>et</span> <span class='ocrx_word' id='word_1_223' title='bbox 2145 2247 2163 2274; x_wconf 90' lang='lat'><strong>2</strong></span> 
     </span>
     <span class='ocr_line' id='line_1_27' title="bbox 318 2305 2119 2375; baseline 0.005 -24"><span class='ocrx_word' id='word_1_224' title='bbox 318 2313 352 2359; x_wconf 82' lang='lat'>5</span> <span class='ocrx_word' id='word_1_225' title='bbox 377 2321 597 2353; x_wconf 89' lang='lat' dir='ltr'>crassus:</span> <span class='ocrx_word' id='word_1_226' title='bbox 653 2307 837 2353; x_wconf 89' lang='lat' dir='ltr'>Austro</span> <span class='ocrx_word' id='word_1_227' title='bbox 881 2305 1015 2353; x_wconf 89' lang='lat' dir='ltr'>enim</span> <span class='ocrx_word' id='word_1_228' title='bbox 1058 2309 1302 2369; x_wconf 87' lang='lat' dir='ltr'>perflatur.</span> <span class='ocrx_word' id='word_1_229' title='bbox 1392 2308 1682 2372; x_wconf 88' lang='lat' dir='ltr'>Lilybaeum</span> <span class='ocrx_word' id='word_1_230' title='bbox 1725 2313 2119 2375; x_wconf 90' lang='lat' dir='ltr'>promuntorium</span> 
     </span>
     <span class='ocr_line' id='line_1_28' title="bbox 378 2386 2120 2450; baseline 0.005 -16"><span class='ocrx_word' id='word_1_231' title='bbox 378 2386 583 2446; x_wconf 90' lang='lat' dir='ltr'>Siciliae,</span> <span class='ocrx_word' id='word_1_232' title='bbox 613 2386 728 2434; x_wconf 92' lang='lat' dir='ltr'>solis</span> <span class='ocrx_word' id='word_1_233' title='bbox 750 2403 982 2435; x_wconf 91' lang='lat' dir='ltr'>occasum</span> <span class='ocrx_word' id='word_1_234' title='bbox 1009 2387 1285 2450; x_wconf 91' lang='lat' dir='ltr'>intendens,</span> <span class='ocrx_word' id='word_1_235' title='bbox 1313 2400 1543 2439; x_wconf 86' lang='lat' dir='ltr'>vocatum</span> <span class='ocrx_word' id='word_1_236' title='bbox 1568 2392 1632 2440; x_wconf 91' lang='lat' dir='ltr'>ab</span> <span class='ocrx_word' id='word_1_237' title='bbox 1658 2392 1880 2442; x_wconf 92' lang='lat' dir='ltr'>eiusdem</span> <span class='ocrx_word' id='word_1_238' title='bbox 1905 2393 2120 2442; x_wconf 87' lang='lat' dir='ltr'>nominis</span> 
     </span>
    </p>
   </div>
   <div class='ocr_carea' id='block_1_3' title="bbox 378 2515 2127 3007">
    <p class='ocr_par' dir='ltr' id='par_1_3' title="bbox 378 2515 2127 3007">
     <span class='ocr_line' id='line_1_29' title="bbox 436 2515 2122 2572; baseline 0.006 -19"><span class='ocrx_word' id='word_1_239' title='bbox 436 2527 451 2551; x_wconf 92' lang='lat'>1</span> <span class='ocrx_word' id='word_1_240' title='bbox 487 2516 623 2553; x_wconf 86' lang='lat' dir='ltr'>dictae</span> <span class='ocrx_word' id='word_1_241' title='bbox 645 2515 739 2564; x_wconf 89' lang='lat' dir='ltr'>quia</span> <span class='ocrx_word' id='word_1_242' title='bbox 760 2529 783 2553; x_wconf 86' lang='lat' dir='ltr'>a</span> <span class='ocrx_word' id='word_1_243' title='bbox 806 2515 846 2552; x_wconf 88' lang='grc' dir='ltr'><em>Β</em></span> <span class='ocrx_word' id='word_1_244' title='bbox 955 2529 978 2554; x_wconf 90' lang='lat' dir='ltr'>a</span> <span class='ocrx_word' id='word_1_245' title='bbox 999 2517 1124 2569; x_wconf 89' lang='lat' dir='ltr'>Zan.]</span> <span class='ocrx_word' id='word_1_246' title='bbox 1146 2517 1323 2556; x_wconf 84' lang='lat' dir='ltr'>bifzanio</span> <span class='ocrx_word' id='word_1_247' title='bbox 1346 2517 1396 2555; x_wconf 78' lang='lat' dir='ltr'>Cl</span> <span class='ocrx_word' id='word_1_248' title='bbox 1482 2533 1552 2569; x_wconf 90' lang='lat' dir='ltr'>qu.</span> <span class='ocrx_word' id='word_1_249' title='bbox 1575 2520 1730 2560; x_wconf 87' lang='lat' dir='ltr'>ebozus</span> <span class='ocrx_word' id='word_1_250' title='bbox 1754 2521 1852 2562; x_wconf 89' lang='lat' dir='ltr'>CK:</span> <span class='ocrx_word' id='word_1_251' title='bbox 1885 2523 2122 2572; x_wconf 88' lang='lat' dir='ltr'>qu.ebozos</span> 
     </span>
     <span class='ocr_line' id='line_1_30' title="bbox 378 2569 2127 2624; baseline 0.006 -17"><span class='ocrx_word' id='word_1_252' title='bbox 378 2569 465 2608; x_wconf 80' lang='lat' dir='ltr'>Bl:</span> <span class='ocrx_word' id='word_1_253' title='bbox 507 2583 562 2607; x_wconf 81' lang='lat' dir='ltr'>an</span> <span class='ocrx_word' id='word_1_254' title='bbox 595 2570 713 2620; x_wconf 87' lang='lat' dir='ltr'>quasi</span> <span class='ocrx_word' id='word_1_255' title='bbox 751 2573 933 2620; x_wconf 71' lang='lat' dir='ltr'>apozas?</span> <span class='ocrx_word' id='word_1_256' title='bbox 1121 2585 1146 2621; x_wconf 89' lang='lat'>3</span> <span class='ocrx_word' id='word_1_257' title='bbox 1178 2572 1283 2624; x_wconf 86' lang='lat' dir='ltr'>feta]</span> <span class='ocrx_word' id='word_1_258' title='bbox 1317 2573 1424 2612; x_wconf 85' lang='lat' dir='ltr'>ferta</span> <span class='ocrx_word' id='word_1_259' title='bbox 1455 2573 1564 2615; x_wconf 85' lang='lat' dir='ltr'>KO:</span> <span class='ocrx_word' id='word_1_260' title='bbox 1607 2576 1765 2616; x_wconf 88' lang='lat' dir='ltr'>referta</span> <span class='ocrx_word' id='word_1_261' title='bbox 1803 2577 1859 2616; x_wconf 89' lang='lat' dir='ltr'>T:</span> <span class='ocrx_word' id='word_1_262' title='bbox 1906 2578 2014 2617; x_wconf 89' lang='lat' dir='ltr'>freta</span> <span class='ocrx_word' id='word_1_263' title='bbox 2046 2578 2127 2618; x_wconf 88' lang='lat' dir='ltr'>BC</span> 
     </span>
     <span class='ocr_line' id='line_1_31' title="bbox 381 2623 2118 2685; baseline 0.006 -23"><span class='ocrx_word' id='word_1_264' title='bbox 381 2625 587 2663; x_wconf 87' lang='lat' dir='ltr'>Deleares</span> <span class='ocrx_word' id='word_1_265' title='bbox 620 2623 661 2661; x_wconf 89' lang='grc' dir='ltr'><em>Β</em></span> <span class='ocrx_word' id='word_1_266' title='bbox 843 2627 990 2675; x_wconf 86' lang='lat' dir='ltr'>4fort.</span> <span class='ocrx_word' id='word_1_267' title='bbox 1027 2626 1371 2676; x_wconf 88' lang='lat' dir='ltr'>Aphrodisiades</span> <span class='ocrx_word' id='word_1_268' title='bbox 1511 2631 1758 2678; x_wconf 88' lang='lat' dir='ltr'>gemnaside</span> <span class='ocrx_word' id='word_1_269' title='bbox 1792 2632 1927 2685; x_wconf 86' lang='lat' dir='ltr'>(-dae)</span> <span class='ocrx_word' id='word_1_270' title='bbox 1960 2633 2118 2672; x_wconf 88' lang='lat' dir='ltr'>BKT:</span> 
     </span>
     <span class='ocr_line' id='line_1_32' title="bbox 379 2679 2120 2735; baseline 0.005 -17"><span class='ocrx_word' id='word_1_271' title='bbox 379 2679 648 2728; x_wconf 87' lang='lat' dir='ltr'>gemnasside</span> <span class='ocrx_word' id='word_1_272' title='bbox 672 2679 707 2717; x_wconf 89' lang='lat' dir='ltr'><em>C</em></span> <span class='ocrx_word' id='word_1_273' title='bbox 850 2682 877 2718; x_wconf 89' lang='lat'><strong>6</strong></span> <span class='ocrx_word' id='word_1_274' title='bbox 906 2681 1179 2721; x_wconf 84' lang='lat' dir='ltr'>fundamenta</span> <span class='ocrx_word' id='word_1_275' title='bbox 1201 2681 1251 2720; x_wconf 81' lang='lat' dir='ltr'>Cl</span> <span class='ocrx_word' id='word_1_276' title='bbox 1360 2682 1460 2733; x_wconf 70' lang='lat' dir='ltr'>qua]</span> <span class='ocrx_word' id='word_1_277' title='bbox 1484 2685 1637 2733; x_wconf 88' lang='lat' dir='ltr'>quibus</span> <span class='ocrx_word' id='word_1_278' title='bbox 1657 2685 1737 2725; x_wconf 88' lang='lat' dir='ltr'>BC</span> <span class='ocrx_word' id='word_1_279' title='bbox 1871 2699 1894 2735; x_wconf 95' lang='lat'><strong>7</strong></span> <span class='ocrx_word' id='word_1_280' title='bbox 1924 2687 2120 2726; x_wconf 87' lang='lat' dir='ltr'>emittere</span> 
     </span>
     <span class='ocr_line' id='line_1_33' title="bbox 379 2733 2124 2792; baseline 0.004 -19"><span class='ocrx_word' id='word_1_281' title='bbox 379 2734 468 2773; x_wconf 89' lang='grc' dir='ltr'>ΒΚ</span> <span class='ocrx_word' id='word_1_282' title='bbox 647 2734 672 2771; x_wconf 92' lang='grc'>8</span> <span class='ocrx_word' id='word_1_283' title='bbox 701 2733 962 2773; x_wconf 87' lang='lat' dir='ltr'>fundibulum</span> <span class='ocrx_word' id='word_1_284' title='bbox 994 2735 1061 2774; x_wconf 88' lang='lat' dir='ltr'>B:</span> <span class='ocrx_word' id='word_1_285' title='bbox 1105 2736 1368 2775; x_wconf 89' lang='lat' dir='ltr'>fondivolum</span> <span class='ocrx_word' id='word_1_286' title='bbox 1403 2736 1450 2774; x_wconf 88' lang='lat' dir='ltr'><em>K</em></span> <span class='ocrx_word' id='word_1_287' title='bbox 1628 2753 1676 2778; x_wconf 83' lang='lat'>12</span> <span class='ocrx_word' id='word_1_288' title='bbox 1704 2740 1786 2792; x_wconf 88' lang='lat' dir='ltr'>sic]</span> <span class='ocrx_word' id='word_1_289' title='bbox 1820 2741 1932 2779; x_wconf 91' lang='lat' dir='ltr'>unde</span> <span class='ocrx_word' id='word_1_290' title='bbox 1963 2746 2007 2779; x_wconf 89' lang='lat' dir='ltr'>et</span> <span class='ocrx_word' id='word_1_291' title='bbox 2038 2741 2124 2779; x_wconf 89' lang='lat' dir='ltr'>KP</span> 
     </span>
     <span class='ocr_line' id='line_1_34' title="bbox 384 2787 2124 2847; baseline 0.005 -21"><span class='ocrx_word' id='word_1_292' title='bbox 384 2801 431 2838; x_wconf 88' lang='lat'>13</span> <span class='ocrx_word' id='word_1_293' title='bbox 453 2788 621 2827; x_wconf 87' lang='lat' dir='ltr'>oriente</span> <span class='ocrx_word' id='word_1_294' title='bbox 641 2787 728 2825; x_wconf 90' lang='lat' dir='ltr'>KP</span> <span class='ocrx_word' id='word_1_295' title='bbox 807 2789 849 2827; x_wconf 92' lang='lat' dir='ltr'>in</span> <span class='ocrx_word' id='word_1_296' title='bbox 867 2789 978 2841; x_wconf 87' lang='lat' dir='ltr'>(alt.)</span> <span class='ocrx_word' id='word_1_297' title='bbox 994 2803 1074 2830; x_wconf 85' lang='lat' dir='ltr'>om.</span> <span class='ocrx_word' id='word_1_298' title='bbox 1093 2790 1135 2828; x_wconf 89' lang='grc' dir='ltr'><em>Β</em></span> <span class='ocrx_word' id='word_1_299' title='bbox 1217 2791 1258 2829; x_wconf 92' lang='lat' dir='ltr'>in</span> <span class='ocrx_word' id='word_1_300' title='bbox 1280 2803 1338 2830; x_wconf 88' lang='lat' dir='ltr'>or.</span> <span class='ocrx_word' id='word_1_301' title='bbox 1360 2791 1411 2831; x_wconf 92' lang='lat' dir='ltr'>la.</span> <span class='ocrx_word' id='word_1_302' title='bbox 1431 2805 1494 2842; x_wconf 86' lang='lat' dir='ltr'>pr.</span> <span class='ocrx_word' id='word_1_303' title='bbox 1510 2807 1549 2843; x_wconf 90' lang='lat' dir='ltr'>q.</span> <span class='ocrx_word' id='word_1_304' title='bbox 1570 2793 1612 2832; x_wconf 90' lang='lat' dir='ltr'>in</span> <span class='ocrx_word' id='word_1_305' title='bbox 1635 2795 1797 2834; x_wconf 85' lang='lat' dir='ltr'>oriente</span> <span class='ocrx_word' id='word_1_306' title='bbox 1819 2796 1940 2845; x_wconf 87' lang='lat' dir='ltr'>(-tem</span> <span class='ocrx_word' id='word_1_307' title='bbox 1959 2795 2018 2847; x_wconf 86' lang='lat' dir='ltr'>P)</span> <span class='ocrx_word' id='word_1_308' title='bbox 2037 2795 2124 2834; x_wconf 90' lang='lat' dir='ltr'>KP</span> 
     </span>
     <span class='ocr_line' id='line_1_35' title="bbox 384 2841 2126 2900; baseline 0.005 -20"><span class='ocrx_word' id='word_1_309' title='bbox 384 2856 432 2893; x_wconf 89' lang='lat'>14</span> <span class='ocrx_word' id='word_1_310' title='bbox 463 2844 531 2882; x_wconf 93' lang='lat' dir='ltr'>ubi</span> <span class='ocrx_word' id='word_1_311' title='bbox 551 2856 634 2882; x_wconf 88' lang='lat' dir='ltr'>om.</span> <span class='ocrx_word' id='word_1_312' title='bbox 658 2841 706 2880; x_wconf 90' lang='lat' dir='ltr'><em>K</em></span> <span class='ocrx_word' id='word_1_313' title='bbox 889 2845 938 2883; x_wconf 90' lang='lat'>16</span> <span class='ocrx_word' id='word_1_314' title='bbox 966 2845 1036 2894; x_wconf 92' lang='lat' dir='ltr'>qui</span> <span class='ocrx_word' id='word_1_315' title='bbox 1058 2846 1177 2894; x_wconf 86' lang='lat' dir='ltr'>proh.</span> <span class='ocrx_word' id='word_1_316' title='bbox 1201 2844 1318 2885; x_wconf 84' lang='lat' dir='ltr'>Serv.</span> <span class='ocrx_word' id='word_1_317' title='bbox 1341 2845 1402 2884; x_wconf 87' lang='lat' dir='ltr'>ad</span> <span class='ocrx_word' id='word_1_318' title='bbox 1415 2847 1525 2887; x_wconf 86' lang='lat' dir='ltr'>Aen.</span> <span class='ocrx_word' id='word_1_319' title='bbox 1547 2860 1677 2898; x_wconf 84' lang='lat'><strong>2‚312</strong></span> <span class='ocrx_word' id='word_1_320' title='bbox 1859 2861 1906 2899; x_wconf 93' lang='lat'>17</span> <span class='ocrx_word' id='word_1_321' title='bbox 1937 2862 2062 2900; x_wconf 88' lang='lat' dir='ltr'>reges</span> <span class='ocrx_word' id='word_1_322' title='bbox 2089 2851 2126 2888; x_wconf 92' lang='lat' dir='ltr'><em>T</em></span> 
     </span>
     <span class='ocr_line' id='line_1_36' title="bbox 383 2897 2124 2952; baseline 0.005 -16"><span class='ocrx_word' id='word_1_323' title='bbox 383 2901 432 2937; x_wconf 91' lang='lat'>18</span> <span class='ocrx_word' id='word_1_324' title='bbox 462 2897 595 2948; x_wconf 92' lang='lat' dir='ltr'>quod]</span> <span class='ocrx_word' id='word_1_325' title='bbox 627 2910 754 2946; x_wconf 87' lang='lat' dir='ltr'>quam</span> <span class='ocrx_word' id='word_1_326' title='bbox 791 2897 834 2936; x_wconf 88' lang='grc' dir='ltr'><em>Β</em></span> <span class='ocrx_word' id='word_1_327' title='bbox 959 2899 1132 2938; x_wconf 86' lang='lat' dir='ltr'>Malium</span> <span class='ocrx_word' id='word_1_328' title='bbox 1165 2899 1212 2937; x_wconf 83' lang='lat' dir='ltr'><em>K</em></span> <span class='ocrx_word' id='word_1_329' title='bbox 1377 2913 1426 2951; x_wconf 91' lang='lat'>19</span> <span class='ocrx_word' id='word_1_330' title='bbox 1455 2915 1562 2952; x_wconf 89' lang='lat' dir='ltr'>quae</span> <span class='ocrx_word' id='word_1_331' title='bbox 1591 2902 1634 2940; x_wconf 91' lang='lat' dir='ltr'>B</span> <span class='ocrx_word' id='word_1_332' title='bbox 1758 2904 1833 2942; x_wconf 88' lang='lat' dir='ltr'>int.</span> <span class='ocrx_word' id='word_1_333' title='bbox 1858 2904 1902 2942; x_wconf 92' lang='lat' dir='ltr'>in</span> <span class='ocrx_word' id='word_1_334' title='bbox 1934 2917 2013 2944; x_wconf 89' lang='lat' dir='ltr'>ma.</span> <span class='ocrx_word' id='word_1_335' title='bbox 2043 2904 2124 2944; x_wconf 91' lang='lat' dir='ltr'>BC</span> 
     </span>
     <span class='ocr_line' id='line_1_37' title="bbox 381 2951 2118 3007; baseline 0.005 -17"><span class='ocrx_word' id='word_1_336' title='bbox 381 2953 628 2991; x_wconf 83' lang='lat' dir='ltr'>extenditur</span> <span class='ocrx_word' id='word_1_337' title='bbox 646 2951 693 2989; x_wconf 92' lang='lat' dir='ltr'><em>K</em></span> <span class='ocrx_word' id='word_1_338' title='bbox 799 2965 853 2990; x_wconf 84' lang='lat'>20</span> <span class='ocrx_word' id='word_1_339' title='bbox 883 2955 1083 3004; x_wconf 88' lang='lat' dir='ltr'>prosequi</span> <span class='ocrx_word' id='word_1_340' title='bbox 1103 2953 1151 2991; x_wconf 89' lang='lat' dir='ltr'><em>K</em></span> <span class='ocrx_word' id='word_1_341' title='bbox 1256 2967 1304 2994; x_wconf 83' lang='lat'>21</span> <span class='ocrx_word' id='word_1_342' title='bbox 1337 2955 1389 2994; x_wconf 85' lang='lat' dir='ltr'>ab</span> <span class='ocrx_word' id='word_1_343' title='bbox 1408 2954 1610 2996; x_wconf 86' lang='lat' dir='ltr'>amiIioK</span> <span class='ocrx_word' id='word_1_344' title='bbox 1715 2970 1766 3007; x_wconf 85' lang='lat'>24</span> <span class='ocrx_word' id='word_1_345' title='bbox 1796 2958 1996 2997; x_wconf 89' lang='lat' dir='ltr'>Pacinum</span> <span class='ocrx_word' id='word_1_346' title='bbox 2007 2959 2118 3000; x_wconf 84' lang='lat' dir='ltr'>codd.</span> 
     </span>
    </p>
   </div>
   <div class='ocr_carea' id='block_1_4' title="bbox 381 3007 2118 3111">
    <p class='ocr_par' dir='ltr' id='par_1_4' title="bbox 381 3007 2118 3111">
     <span class='ocr_line' id='line_1_38' title="bbox 381 3007 2118 3056; baseline 0.005 -11"><span class='ocrx_word' id='word_1_347' title='bbox 381 3020 432 3056; x_wconf 79' lang='lat'>25</span> <span class='ocrx_word' id='word_1_348' title='bbox 462 3020 557 3046; x_wconf 85' lang='lat' dir='ltr'>narn</span> <span class='ocrx_word' id='word_1_349' title='bbox 583 3007 641 3044; x_wconf 89' lang='lat' dir='ltr'>ita</span> <span class='ocrx_word' id='word_1_350' title='bbox 667 3021 792 3056; x_wconf 79' lang='grc' dir='ltr'>παχυς</span> <span class='ocrx_word' id='word_1_351' title='bbox 819 3007 856 3044; x_wconf 84' lang='lat' dir='ltr'><em>T</em></span> <span class='ocrx_word' id='word_1_352' title='bbox 986 3014 1051 3047; x_wconf 89' lang='lat' dir='ltr'>est</span> <span class='ocrx_word' id='word_1_353' title='bbox 1078 3022 1159 3049; x_wconf 88' lang='lat' dir='ltr'>om.</span> <span class='ocrx_word' id='word_1_354' title='bbox 1182 3008 1229 3046; x_wconf 92' lang='lat' dir='ltr'><em>K</em></span> <span class='ocrx_word' id='word_1_355' title='bbox 1390 3013 1443 3050; x_wconf 89' lang='lat'>26</span> <span class='ocrx_word' id='word_1_356' title='bbox 1472 3012 1596 3050; x_wconf 86' lang='lat' dir='ltr'>ssatur</span> <span class='ocrx_word' id='word_1_357' title='bbox 1624 3011 1666 3050; x_wconf 89' lang='lat' dir='ltr'>B</span> <span class='ocrx_word' id='word_1_358' title='bbox 1802 3012 1974 3052; x_wconf 89' lang='lat' dir='ltr'>Libeum</span> <span class='ocrx_word' id='word_1_359' title='bbox 2005 3013 2118 3053; x_wconf 86' lang='lat' dir='ltr'>codd.</span> 
     </span>
     <span class='ocr_line' id='line_1_39' title="bbox 383 3060 1321 3111; baseline 0.003 -12"><span class='ocrx_word' id='word_1_360' title='bbox 383 3075 433 3111; x_wconf 86' lang='lat'>27</span> <span class='ocrx_word' id='word_1_361' title='bbox 465 3063 705 3108; x_wconf 86' lang='lat' dir='ltr'>extendens</span> <span class='ocrx_word' id='word_1_362' title='bbox 727 3060 772 3098; x_wconf 93' lang='lat' dir='ltr'><em>K</em></span> <span class='ocrx_word' id='word_1_363' title='bbox 880 3063 1050 3102; x_wconf 84' lang='lat' dir='ltr'>nomine</span> <span class='ocrx_word' id='word_1_364' title='bbox 1071 3063 1252 3103; x_wconf 84' lang='lat' dir='ltr'>civitatis</span> <span class='ocrx_word' id='word_1_365' title='bbox 1274 3063 1321 3102; x_wconf 89' lang='lat' dir='ltr'><em>K</em></span> 
     </span>
    </p>
   </div>
  </div>
 </body>
</html>
