2176 3424
1135 111 1406 160 ISIDORI

375 236 444 286 eis
480 246 719 286 creentur.
794 237 929 287 Sicut
964 248 1130 287 autem
1174 240 1437 288 scabrones
1476 250 1742 290 nascuntur
1778 244 1842 291 de
1880 259 2120 305 equorum

373 319 602 368 carnibus
628 319 850 383 putridis,
877 320 943 368 ita
969 338 1026 369 ex
1056 320 1131 368 his
1156 320 1331 370 iterum
1365 338 1512 385 saepe
1543 332 1810 372 nascuntur
1843 324 2121 385 scarabaei;

318 414 350 463 5
373 403 507 451 unde
533 411 580 451 et
605 401 941 465 cognominati
966 411 1092 451 sunt.
1158 403 1309 452 Tauri
1336 413 1572 452 vocantur
1597 405 1846 455 scarabaei
1872 415 2118 456 terrestres

370 483 526 532 ricino
545 483 742 532 similes.
806 483 1056 547 Buprestis
1076 483 1259 533 animal
1278 495 1350 534 est
1368 502 1569 548 parvum
1586 486 1635 535 in
1655 487 1797 536 Italia
1816 487 2117 537 simillimum

370 566 653 627 scaraban,
689 566 1026 630 longipedum.
1100 569 1243 616 Fallit
1286 567 1411 617 inter
1450 569 1627 618 herbas
1670 570 1849 619 bovem
1891 570 2114 631 maxime,
2141 590 2170 630 5-

369 647 503 694 unde
524 655 570 693 et
591 661 775 693 nomen
796 646 957 706 habet,
982 647 1371 710 devoratumque
1397 657 1528 696 tacto
1549 649 1660 696 felle
1682 648 1749 696 ita
1774 648 2046 698 inflammat
2065 659 2119 698 ut

310 733 344 779 6
367 736 575 790 rumpat.
639 726 896 777 Cicindela
922 727 1296 777 scarabaeorum
1322 746 1475 792 genus
1502 739 1574 778 est
1593 747 1604 789 ;
1643 747 1704 779 eo
1729 733 1865 793 quod
1890 731 2115 794 gradiens

315 825 342 874 7
368 810 443 856 vel
463 810 633 857 volans
653 810 798 857 lucet.
862 811 1053 858 Blattae
1077 827 1106 857 a
1131 812 1296 858 colore
1322 820 1648 874 nuncupatae,
1672 811 1915 874 siquidem
1936 822 1984 861 et
2004 830 2117 861 con—

366 892 638 953 prehensae
672 908 875 939 manum
908 891 1103 955 tingunt
1120 910 1133 952 3
1169 893 1303 940 unde
1337 901 1383 940 et
1416 892 1655 942 blatteum
1686 895 1903 942 colorem
1929 894 2112 943 dicunt.

367 975 484 1021 Hoc
500 984 666 1022 autem
687 973 868 1021 animal
888 975 1050 1022 lucem
1067 975 1232 1022 videre
1252 990 1355 1023 non
1375 974 1567 1038 patitur,
1587 975 1883 1024 contrarium
1902 994 2114 1038 muscae,
2142 997 2168 1025 1·

364 1071 479 1103 nam
515 1072 684 1104 musca
716 1055 943 1119 lucipeta,
977 1065 1025 1104 et
1058 1055 1212 1105 blatta
1245 1055 1457 1119 lucifuga
1491 1066 1563 1105 est
1582 1075 1595 1118 3
1631 1074 1715 1120 per
1747 1067 1947 1106 noctem
1981 1058 2113 1107 enirn

309 1146 339 1192 8
365 1147 555 1186 tantum
581 1138 817 1187 ambulat.
890 1137 1171 1201 Papiliones
1196 1137 1415 1187 aviculae
1441 1147 1554 1186 sunt
1575 1156 1701 1202 quae
1726 1139 1938 1189 maxime
1962 1140 2114 1189 abun-

364 1222 485 1268 dant
526 1220 814 1269 florentibus
854 1219 1037 1279 malvis,
1078 1219 1262 1283 quique
1298 1219 1590 1270 vermiculos
1627 1219 1735 1288 [ex]
1770 1231 1981 1271 stercore
2023 1239 2113 1271 suo

305 1319 338 1364 9
364 1303 548 1350 faciunt
585 1302 734 1351 nasci.
809 1304 1035 1361 Locusta,
1076 1304 1213 1365 quod
1255 1302 1467 1365 pedibus
1504 1302 1565 1352 sit
1601 1305 1758 1366 longis
1794 1303 1943 1352 veluti
1978 1313 2111 1364 asta3

362 1386 496 1433 unde
530 1395 577 1433 et
615 1402 723 1433 eam
750 1383 927 1434 Graeci
964 1394 1063 1432 tam
1103 1383 1397 1433 maritimam
1424 1402 1571 1448 quam
1605 1394 1879 1434 terrestrem
1907 1388 2113 1436 ἀστακὸν
2139 1406 2172 1446 η

279 1487 337 1521 10
361 1468 624 1530 appellant.
699 1467 910 1517 Cicades
948 1483 1005 1515 ex
1043 1466 1314 1515 ciculorum
1351 1476 1619 1516 nascuntur
1649 1477 1809 1531 sputo.
1883 1471 2026 1517 Haec
2060 1468 2109 1517 in

295 1566 340 1600 11
364 1549 505 1597 Italia
540 1551 674 1612 apud
701 1550 957 1612 Rheginos
996 1559 1160 1598 mutae
1198 1559 1325 1608 sunt,
1355 1567 1446 1598 nec
1483 1566 1693 1613 usquam
1729 1549 1861 1599 alibi.
1933 1553 2111 1599 Musca

360 1647 418 1679 ex
443 1632 637 1681 Graeco
662 1633 808 1692 venit,
837 1630 963 1680 sicut
989 1640 1038 1680 et
1064 1649 1186 1680 mus.
1262 1634 1420 1692 Haec,
1449 1631 1574 1680 sicut
1599 1642 1648 1681 et
1672 1650 1802 1697 apes,
1831 1642 2034 1683 necatae
2059 1633 2109 1682 in

282 1725 337 1760 12
356 1730 485 1776 aqua
499 1713 796 1776 aliquotiens
817 1722 928 1776 post
946 1713 1090 1761 unius
1107 1715 1256 1763 horae
1274 1713 1486 1777 spatium
1503 1716 1810 1763 reviviscunt.
1852 1717 2110 1779 Cynomya

358 1797 547 1845 Graece
572 1805 787 1855 vocatur,
816 1795 867 1844 id
900 1805 973 1844 est
1011 1812 1180 1844 musca
1216 1795 1423 1857 canina,
1459 1813 1574 1844 nam
1609 1798 1725 1846 κύων
1751 1799 1939 1846 Graece
1972 1799 2107 1845 canis
2132 1818 2176 1846 2c

280 1890 335 1937 13
357 1887 572 1928 vocatur.
627 1879 783 1928 Culex
802 1878 866 1926 ab
885 1880 1058 1926 aculeo
1076 1879 1252 1938 dictus,
1270 1880 1406 1940 quod
1426 1881 1715 1942 sanguinem
1736 1879 1876 1943 sugit.
1935 1880 2107 1930 Habet

356 1961 488 2010 enim
515 1960 564 2008 in
591 1977 674 2009 ore
701 1962 914 2008 fistulam
941 1959 990 2007 in
1018 1961 1224 2008 modum
1250 1959 1447 2020 stimuli,
1471 1978 1569 2024 qua
1594 1978 1791 2010 carnem
1817 1961 2028 2010 terebrat
2052 1972 2106 2011 ut

275 2056 331 2101 14
354 2042 645 2106 sanguinem
670 2041 822 2091 bibat.
879 2041 1138 2105 Sciniphes
1165 2058 1365 2090 muscae
1394 2041 1748 2092 minutissimae
1773 2053 1899 2103 sunt,
1922 2043 2104 2093 aculeis

355 2126 691 2188 permolestae.
766 2126 879 2185 Qua
905 2123 1045 2172 tertia
1074 2125 1214 2187 plaga
1245 2123 1484 2186 superbus
1511 2124 1865 2188 Aegyptiorum
1890 2127 2102 2188 populus

279 2227 334 2276 15
357 2223 528 2255 caesus
585 2215 671 2255 est.
770 2208 976 2255 Oestrus
1028 2204 1212 2252 animal
1265 2216 1615 2267 armentorum,
1676 2208 1859 2255 aculeis
1913 2224 2101 2269 permo-
2125 2226 2173 2267 25

356 2291 548 2337 lestum.
646 2289 851 2337 Oestrus
909 2295 1075 2335 autem
1125 2289 1371 2335 Graecum
1434 2297 1520 2348 est,
1573 2288 1657 2352 qui
1714 2288 1887 2338 Latine
1936 2289 2096 2351 asilus,

272 2371 330 2417 16
353 2373 499 2433 vulgo
538 2371 748 2418 tabanus
780 2378 995 2417 vocatur.
1070 2367 1307 2417 Bibiones
1355 2379 1468 2417 sunt
1511 2371 1594 2432 qui
1644 2370 1694 2418 in
1736 2370 1852 2419 vino
1894 2388 2100 2419 nascun-

413 2513 429 2536 1
464 2504 660 2537 creantur
675 2498 764 2536 ΒΚ
854 2509 1086 2547 scaprones
1103 2497 1149 2534 K
1256 2510 1280 2534 2
1311 2510 1365 2535 ex
1383 2497 1445 2536 eis
1461 2498 1583 2536 BCK
1675 2513 1803 2549 sepae
1820 2513 1868 2538 ex
1879 2512 2036 2549 vespae
2052 2500 2099 2538 K

353 2568 377 2603 4
409 2566 557 2603 parum
599 2553 635 2590 T
792 2554 818 2589 6
848 2554 1021 2591 devorat
1044 2552 1112 2600 (ex
1140 2551 1293 2602 -atum)
1326 2558 1569 2602 tactumque
1602 2553 1647 2591 K
1812 2567 1833 2602 7
1865 2554 2095 2594 Cicendela

353 2607 498 2647 BCT:
528 2609 759 2646 Cecindela
779 2607 825 2644 K
932 2614 997 2645 est
1018 2620 1098 2646 om.
1124 2606 1170 2644 K
1296 2620 1321 2656 9
1351 2607 1405 2644 ob
1425 2608 1597 2645 latteum
1627 2608 1768 2659 T(pr0
1790 2610 1842 2647 ob
1863 2609 2043 2647 lacteum
2058 2611 2093 2656 2)

356 2675 405 2701 12
434 2663 624 2712 apiculae
645 2663 691 2700 K
868 2675 914 2711 13
945 2662 1124 2711 quisque
1154 2660 1206 2700 T:
1240 2674 1407 2710 quoque
1429 2661 1476 2699 K
1584 2676 1638 2701 ex
1658 2664 1748 2702 hab.
1776 2662 1875 2703 CK:
1908 2677 1990 2702 om.
2014 2663 2102 2702 BT

357 2732 403 2767 14
435 2717 621 2757 Lucusta
644 2717 739 2756 CT:
773 2717 983 2756 Locustae
1004 2716 1072 2756 K:
1106 2716 1319 2764 Langusta
1337 2715 1437 2754 Isid.
1456 2719 1469 2756 ’ζ
1579 2719 1695 2757 velut
1714 2718 1803 2757 ΒΚ
1966 2730 2012 2767 15
2043 2732 2095 2756 ea

361 2773 398 2810 T
529 2779 675 2812 astaco
705 2771 765 2810 T:
796 2778 943 2820 astago
977 2771 1046 2809 B:
1087 2777 1234 2821 astapo
1263 2770 1336 2808 K:
1378 2771 1552 2810 hastaco
1589 2772 1624 2811 C
1799 2774 1848 2811 16
1877 2773 2094 2822 appellent

353 2826 389 2866 C
499 2840 545 2878 17
578 2828 731 2866 multae
753 2827 852 2879 (-te)
874 2824 1042 2865 CKOX
1151 2828 1200 2864 18
1229 2826 1270 2863 in
1293 2838 1440 2875 aquam
1467 2826 1528 2864 T:
1557 2840 1639 2868 om.
1658 2827 1705 2864 K
1811 2839 1859 2864 21
1891 2827 2039 2866 eculeo
2063 2827 2101 2865 T

350 2882 484 2934 quod]
511 2883 609 2933 quia
641 2882 720 2920 BC
882 2895 933 2919 22
964 2894 1093 2920 carne
1126 2880 1232 2918 KT1
1369 2880 1434 2932 ut]
1457 2887 1499 2920 et
1527 2880 1565 2918 T
1722 2893 1774 2930 23
1805 2881 2000 2920 Scenises
2019 2882 2093 2921 Kt

353 2937 538 2976 Scinifes
580 2937 649 2976 TC
774 2948 942 2974 muscae
973 2949 1057 2976 om.
1095 2935 1130 2974 C
1255 2934 1375 2986 sunt]
1411 2936 1486 2975 sed
1522 2935 1568 2973 K
1755 2948 1807 2983 24
1837 2935 2014 2986 aegypti
2048 2936 2095 2975 K

350 3005 458 3031 caes.
498 2998 563 3031 est
601 3005 696 3042 pop.
735 2989 769 3029 C
1023 3004 1072 3040 27
1116 2995 1289 3029 tavanos
1323 2990 1370 3027 K
1533 2990 1715 3029 Bibones
1753 2990 1832 3030 CT
1994 2997 2092 3030 sunt

349 3061 431 3086 om.
474 3047 510 3084 T
