2176 3424
560 108 1194 160 ETYMOLOGIARVM
1234 110 1364 156 LIB.
1403 110 1450 155 X

158 246 389 304 nominis,
416 242 501 306 qui
525 241 680 306 possit
706 241 811 290 sine
835 239 1054 304 periculo
1080 239 1268 288 fortiter
1290 238 1479 301 aliquid
1504 230 1677 287 facere.
1748 240 1902 300 Argu-

157 336 248 385 tus,
272 325 387 389 quia
404 333 749 387 argumentum
771 322 868 371 cito
888 323 1076 370 invenit
1094 321 1146 368 in
1164 321 1433 383 loquendo.
1495 322 1637 378 Acer,
1660 318 1710 366 in
1732 335 1901 366 unam-

156 423 406 471 quamque
438 407 647 454 formam
684 412 884 467 vegetus
913 419 971 451 ac
1004 402 1200 451 nimius.
1274 403 1464 460 Alacer,
1497 418 1526 448 a
1559 399 1818 449 velocitate
1851 409 1900 449 et

156 506 313 548 cursu,
334 482 472 550 quasi
493 486 677 535 diceret
693 484 854 549 aliger.
916 483 1154 547 Armiger,
1178 485 1315 546 quod
1334 500 1470 531 arma
1488 492 1634 546 gerat.
1693 482 1896 541 Alacris,

107 588 128 627 5
155 573 309 620 laetus
334 589 342 618 :
379 571 551 629 alacer,
571 566 784 631 gestiens
804 575 853 615 et
871 563 1093 631 [nullius]
1111 565 1180 614 rei
1199 564 1416 613 novitate
1436 565 1674 613 turbatus.
1726 563 1895 626 Agilis,

154 653 217 701 ab
251 653 446 714 agendo
480 648 666 712 aliquid
697 647 928 706 celeriter,
963 646 1088 695 sicut
1119 645 1308 695 docilis.
1381 647 1636 705 Aemulus,
1674 644 1897 693 eiusdem
1925 657 1954 706 7

155 733 223 782 rei
244 731 509 791 studiosus,
533 729 673 792 quasi
692 728 908 777 imitator
928 737 976 785 et
995 727 1236 776 amabilis.
1298 728 1434 775 Alias
1460 726 1689 775 inimicus
1715 726 1899 774 inveni-

154 824 245 864 tur.
307 817 510 876 Aequus
537 821 609 860 est
635 811 911 859 secundum
933 818 1157 857 naturam
1175 808 1332 857 iustus
1352 807 1529 868 dictus,
1551 808 1615 856 ab
1634 807 1896 870 aequitate,

155 898 250 945 hoc
275 904 348 944 est
371 895 435 942 ab
455 909 516 942 eo
537 894 673 955 quod
699 891 761 940 sit
785 890 1005 954 aequalis
1024 909 1036 951 3
1073 892 1207 939 unde
1233 899 1280 939 et
1306 889 1527 952 aequitas
1553 890 1812 952 appellata,
1835 889 1899 936 ab

83 997 132 1025 ιο
154 976 447 1040 aequalitate
480 975 694 1037 quadam
727 972 926 1021 scilicet.
1001 975 1311 1035 Aequaevus,
1339 972 1404 1019 ab
1431 988 1489 1020 eo
1515 972 1651 1034 quod
1677 970 1738 1019 sit
1761 971 1899 1019 alteri

153 1057 371 1122 aequalis
395 1073 531 1115 aevo,
561 1057 611 1104 id
638 1064 712 1104 est
740 1063 1055 1103 coaetaneus.
1129 1055 1406 1117 Adrogans‚
1436 1070 1496 1102 eo
1522 1055 1659 1116 quod
1685 1054 1897 1101 multum
1969 1105 1971 1107 v

152 1149 359 1203 rogetur,
396 1148 444 1187 et
473 1138 554 1186 ille
586 1136 869 1186 fastidiosus
908 1136 982 1185 sit,
1057 1137 1237 1184 Audax
1272 1134 1468 1198 proprie
1504 1152 1594 1198 pro
1630 1136 1900 1198 adrogante

151 1222 365 1287 ponitur.
437 1219 723 1279 Animosus,
752 1220 889 1282 quod
920 1218 982 1267 sit
1014 1217 1191 1266 animis
1226 1227 1274 1265 et
1306 1216 1491 1264 viribus
1517 1218 1706 1279 plenus.
1781 1216 1896 1264 Ani-

154 1313 329 1364 matus,
353 1301 492 1366 quasi
516 1301 685 1350 animo
709 1309 898 1360 auctus,
922 1300 1062 1363 quasi
1081 1299 1249 1348 animo
1271 1301 1506 1347 firmatus.
1567 1300 1787 1358 Aelatus,
1811 1315 1899 1361 pro
1923 1310 1953 1355 8

80 1406 126 1446 15
152 1404 211 1435 eo
238 1386 375 1448 quod
401 1402 453 1434 se
478 1383 639 1447 ipsum
667 1400 813 1446 super
843 1399 1126 1431 mensuram
1160 1398 1300 1429 suam
1335 1382 1504 1439 elevet,
1535 1381 1654 1428 dum
1690 1397 1898 1442 magnus

151 1469 245 1518 sibi
282 1469 474 1516 videtur
511 1467 573 1514 de
611 1464 685 1513 his
726 1481 852 1528 quae
889 1463 1001 1527 agit.
1075 1464 1352 1522 Adtollens,
1396 1463 1533 1525 quod
1573 1478 1624 1510 se
1667 1463 1824 1510 elevet
1850 1471 1898 1510 et

155 1551 317 1614 erigat.
392 1547 716 1606 Ambitiosus,
745 1547 882 1609 quod
912 1547 1124 1595 honores
1154 1543 1355 1593 ambiat.
1428 1544 1619 1592 Avidus
1646 1542 1808 1592 dictus
1834 1543 1897 1591 ab
1924 1558 1958 1604 9

151 1633 345 1680 avendo
364 1648 377 1691 ,·
412 1646 555 1678 avere
581 1629 712 1678 enirn
745 1644 924 1691 cupere
958 1636 1045 1676 est.
1120 1626 1257 1674 Hinc
1284 1635 1331 1674 et
1356 1642 1544 1674 avarus.
1619 1626 1749 1672 Nam
1777 1624 1898 1686 quid

151 1723 223 1762 est
256 1728 456 1760 avarum
489 1713 632 1759 esse?
667 1709 894 1773 progredi
920 1711 1046 1757 ultra
1076 1725 1225 1771 quam
1257 1707 1450 1756 sufficit.
1524 1709 1716 1754 Avarus
1750 1722 1807 1753 ex
1838 1722 1899 1753 eo

79 1817 129 1844 20
152 1796 328 1854 dictus,
357 1795 493 1857 quod
518 1792 580 1840 sit
603 1793 777 1840 avidus
810 1790 929 1851 auri,
958 1799 1005 1838 et
1038 1806 1313 1852 numquam
1347 1788 1526 1852 opibus
1557 1789 1821 1850 expleatur,
1850 1796 1899 1834 et

151 1885 392 1940 quantum
425 1876 535 1937 plus
573 1873 799 1922 habuerit
835 1882 1028 1920 tantum
1062 1873 1173 1934 plus
1204 1872 1382 1934 cupiat,
1419 1869 1582 1917 Flacci
1620 1885 1764 1931 super
1802 1870 1898 1916 hoc

151 1958 485 2007 concordante
511 1954 767 2013 sententia,
797 1953 882 2016 qui
906 1955 972 2001 ait
1000 1951 1147 2017 (Epp.
1173 1969 1212 2012 1,
1236 1969 1277 2011 2,
1299 1950 1383 2014 56)
1408 1970 1416 1999 :

735 2038 938 2098 Semper
972 2050 1146 2083 avarus
1183 2043 1306 2096 eget.

152 2124 216 2170 Et
242 2119 498 2170 Sallustius
526 2120 656 2183 (Cat.
681 2137 699 2166 1
715 2136 753 2177 1,
775 2116 855 2182 3):
895 2117 1058 2179 ‘quod
1082 2132 1245 2178 neque
1270 2113 1470 2162 avaritia
1495 2130 1521 2162 e
1547 2112 1703 2176 copia,
1731 2129 1895 2175 neque

79 2224 125 2264 25
150 2202 317 2266 inopia
343 2201 618 2249 minuatur.'
690 2202 901 2248 Amarus
927 2215 955 2246 a
990 2214 1163 2260 sapore
1194 2198 1483 2245 translatum
1514 2212 1699 2244 nomen
1729 2195 1892 2243 habet.
1918 2203 1976 2237 10

152 2288 240 2334 Est
264 2283 397 2333 enim
428 2281 656 2341 insuavis,
689 2298 782 2329 nec
815 2280 952 2329 novit
986 2295 1289 2343 quemquam
1320 2280 1384 2327 ad
1414 2278 1718 2326 consortium
1750 2293 1893 2325 suum

148 2367 314 2430 aliqua
339 2364 543 2413 invitare
570 2364 848 2413 dulcedine.
921 2363 1146 2420 Adulter,
1174 2360 1380 2409 violator
1410 2359 1642 2407 maritalis
1675 2358 1891 2422 pudoris,

150 2467 210 2499 eo
236 2449 372 2512 quod
397 2445 594 2495 alterius
621 2455 783 2494 torum
809 2446 1010 2508 polluat.
1073 2446 1287 2506 AncepS,
1311 2444 1409 2491 huc
1435 2450 1483 2491 et
1508 2441 1623 2489 illuc
1649 2442 1894 2489 fluctuans
1917 2454 1963 2489 11

207 2591 224 2617 1
247 2578 415 2616 fortiter
429 2590 509 2617 om.
536 2577 577 2616 U
590 2576 690 2626 (non
709 2576 822 2626 VW)
928 2573 1088 2623 aliquid
1105 2587 1187 2613 om.
1208 2572 1437 2624 PW<n0n
1457 2572 1557 2625 UV)
1672 2585 1696 2610 2
1717 2573 1788 2622 qui
1801 2585 1888 2621 arg.

149 2634 190 2672 A
198 2632 312 2685 ,(non
333 2631 404 2683 W)
517 2644 542 2681 3
571 2632 649 2671 for.
665 2632 780 2680 viget
797 2630 982 2669 Iscanius
1002 2629 1142 2667 alacer
1158 2630 1276 2679 (corr.
1296 2627 1387 2679 A1-)
1405 2627 1446 2664 A
1552 2640 1576 2676 4
1597 2626 1749 2678 aliger]
1769 2627 1894 2664 aliter

157 2686 194 2725 T
296 2687 411 2726 Arm.
438 2715 447 2725 .
474 2717 483 2726 .
502 2715 514 2727 .
539 2698 627 2736 ger.
649 2699 730 2724 om.
762 2685 799 2723 T
816 2686 915 2734 (non
935 2683 1059 2734 AW)
1200 2693 1224 2731 5
1255 2682 1435 2721 alarcter
1460 2682 1507 2721 Cl
1528 2696 1537 2720 t
1567 2681 1764 2720 alacriter
1784 2680 1896 2718 BIK

149 2741 304 2780 nullius
324 2755 406 2780 om.
430 2739 468 2778 T
483 2741 587 2793 (non
607 2740 635 2778 I
639 2742 655 2792 )
767 2740 792 2777 8
821 2737 1053 2789 aequitate]
1076 2737 1329 2787 aequalitate
1350 2737 1440 2776 dett.
1559 2749 1608 2775 10
1637 2737 1892 2784 Aequaevus

151 2825 161 2836 .
187 2827 197 2836 .
219 2826 228 2836 .
253 2803 387 2835 coaet.
408 2809 490 2835 om.
512 2794 558 2832 K
663 2793 839 2843 Aequus
854 2795 896 2831 A
932 2834 935 2835 ⁷
1015 2805 1059 2830 11
1092 2792 1134 2830 id
1154 2791 1237 2843 est]
1261 2791 1373 2830 idem
1388 2791 1430 2828 A
1549 2804 1597 2829 12
1627 2795 1800 2839 rogatur
1819 2789 1860 2828 A
1883 2803 1892 2827 ε

150 2856 272 2901 roget
291 2851 332 2889 Β
498 2862 546 2898 13
575 2848 745 2900 animis]
770 2850 895 2888 nimis
924 2847 974 2886 Tl
1081 2846 1305 2885 virtutibus
1327 2845 1372 2883 K
1553 2859 1601 2894 14
1631 2845 1823 2882 firmatur
1844 2843 1894 2881 Cl

153 2917 201 2956 15
230 2919 281 2945 eo
302 2918 388 2945 om.
412 2904 447 2944 C
592 2916 720 2953 supra
738 2902 779 2940 Β
943 2914 1062 2941 suam
1083 2914 1166 2941 om.
1188 2900 1235 2938 K
1251 2902 1350 2952 (non
1369 2900 1431 2952 A)
1666 2900 1715 2936 16
1744 2899 1827 2937 vid.
1850 2904 1893 2937 et

151 2960 205 2998 de
226 2960 276 2999 C1
439 2972 496 2998 er.
521 2963 563 2998 et
583 2958 636 2997 el.
660 2957 701 2996 Β
863 2957 1031 2996 adlevet
1051 2955 1097 2994 K
1113 2955 1216 3005 (non
1234 2955 1301 3007 A)
1503 2967 1558 2993 20
1586 2953 1696 3004 auri]
1718 2954 1833 2991 avari
1862 2952 1900 2990 T

151 3027 198 3052 21
223 3019 379 3064 quanto
396 3013 579 3064 amplius
596 3012 639 3051 A
754 3017 871 3052 tanto
889 3011 975 3051 AC
1095 3023 1146 3048 22
1177 3010 1486 3049 concordantes
1507 3007 1554 3047 Cl
1674 3019 1726 3056 24
1755 3007 1889 3059 quod]

151 3081 275 3118 quam
296 3067 338 3106 B
445 3067 510 3108 vel
523 3067 724 3107 avaritiae
747 3080 807 3107 co.
827 3083 835 3107 ε
865 3065 1040 3106 avaritie
1063 3077 1123 3104 co.
1156 3063 1193 3102 T
1343 3077 1393 3114 27
1424 3063 1534 3103 dulc.
1556 3075 1640 3102 om.
1663 3064 1704 3099 A
