2176 3424
14 992 74 1021 ¹10

28 1399 74 1439 15

15 1810 78 1838 420

32 2219 79 2259 25

509 105 1143 154 ETYMOLOGIARVM
1184 106 1315 154 LIB.
1355 106 1401 152 X

95 235 352 299 gnanimis,
379 236 442 284 ab
468 252 528 284 eo
554 237 691 298 quod
710 235 770 284 sit
789 237 953 298 magni
978 235 1129 283 animi
1158 245 1204 284 et
1233 251 1441 298 magnae
1467 236 1672 285 virtutis.
1747 235 1842 286 Cui

95 319 365 366 contrarius
382 325 455 366 est
474 316 812 380 pusillanimis.
888 316 1185 380 Magnificus
1205 334 1233 365 a
1253 333 1432 380 magna
1448 317 1676 367 faciendo
1701 335 1843 367 voca-

95 399 268 448 bulum
316 398 470 448 traxit.
560 401 868 458 Mansuetus,
915 398 1046 447 mitis
1095 401 1170 448 vel
1219 398 1452 458 domitus,
1504 399 1644 462 quasi
1693 417 1842 448 manu
1866 410 1960 457 168

95 482 356 529 adsuetus.⁴
417 482 680 529 Modestus
698 482 858 529 dictus
884 497 913 528 a
940 482 1092 529 modo
1118 490 1166 529 et
1191 480 1441 544 temperie,
1463 498 1555 529 nec
1582 483 1692 544 plus
1712 483 1844 544 quic-

97 579 244 625 quam
262 578 353 611 nec
371 561 533 610 minus
550 578 712 625 agens.
741 562 894 622 Mitis,
908 564 1030 611 lenis
1051 572 1099 611 et
1119 572 1406 611 mansuetus
1424 572 1472 611 et
1489 562 1845 626 cedensinpro-

98 643 334 692 bitatibus
351 646 470 693 etad
489 643 830 693 sustinendam
848 644 1074 693 iniuriam
1087 655 1268 704 tacens,
1283 644 1423 707 quasi
1440 654 1621 693 mutus.
1651 646 1840 706 Mutus,
1868 648 1968 706 169

98 725 213 788 quia
238 743 331 774 vox
356 725 459 775 eius
485 742 587 774 non
607 735 680 774 est
706 743 883 786 sermo,
902 726 995 774 nisi
1022 726 1264 790 mugitus:
1304 728 1527 775 vocalem
1554 728 1685 775 enim
1713 726 1845 789 spiri-

96 817 202 855 tum
228 825 314 871 per
338 824 477 855 nares
503 807 642 870 quasi
668 807 892 871 mugiens
913 807 1105 857 emittit.
1170 810 1380 867 Memor,
1399 809 1476 857 vel
1502 808 1587 871 qui
1607 810 1846 858 memoria

98 898 245 949 tenet,
273 891 349 939 vel
375 890 489 951 quia
515 889 754 937 memoria
784 899 989 939 tenetur.
1065 890 1315 954 Magister,
1345 889 1501 938 maior
1526 890 1575 938 in
1603 890 1844 940 statione:
1868 907 1959 957 170

97 989 211 1020 nam
232 976 470 1023 †steron†
494 972 682 1020 Graece
700 971 845 1020 statio
862 971 1054 1020 dicitur.
1107 971 1346 1032 Minister,
1371 971 1532 1020 minor
1548 972 1596 1019 in
1618 972 1843 1031 statione,

98 1054 197 1102 sive
229 1053 344 1116 quia
377 1053 591 1101 officium
619 1053 842 1102 debiturn
871 1053 1100 1103 manibus
1127 1054 1395 1117 exequitur.
1471 1054 1735 1115 Maximus,
1763 1064 1847 1103 aut
1869 1068 1948 1117 171

98 1135 293 1194 meritis,
322 1144 406 1183 aut
439 1144 612 1195 aetate,
651 1145 735 1184 aut
769 1137 972 1196 honore,
1009 1145 1094 1184 aut
1127 1136 1374 1196 facundia,
1410 1145 1495 1184 aut
1532 1136 1722 1196 virtute,
1763 1146 1847 1185 aut

98 1217 329 1266 omnibus
356 1217 510 1280 magis
536 1217 756 1267 eximius.
832 1218 1007 1268 Maior.
1084 1218 1265 1279 Minor,
1296 1218 1544 1279 minimus,
1573 1235 1602 1267 a
1639 1235 1847 1268 numero

98 1299 338 1358 monadis,
366 1301 502 1362 quod
536 1309 648 1362 post
682 1316 795 1348 eum
826 1316 928 1348 non
962 1300 1022 1349 sit
1050 1302 1184 1350 alter.
1261 1302 1508 1361 Modicus,
1538 1318 1729 1364 parvus,
1759 1303 1847 1350 sed
1871 1320 1956 1369 172

98 1381 299 1430 abusive
317 1399 330 1441 3
366 1390 583 1430 ceterum
610 1381 929 1430 rationabilis.
1006 1384 1310 1442 Moderatus,
1340 1400 1369 1431 a
1402 1384 1556 1431 modo
1590 1383 1774 1432 scilicet
1801 1393 1847 1433 et

98 1472 504 1526 temperamento.
569 1463 852 1523 Mediocris,
877 1466 1012 1526 quod
1040 1464 1294 1513 modicum
1322 1464 1390 1512 illi
1415 1464 1637 1513 sufficiat.
1694 1464 1848 1513 Miser
1871 1486 1958 1535 173

99 1544 291 1608 proprie
303 1542 522 1611 [dicitur]
541 1561 600 1593 eo
613 1547 748 1608 quod
758 1562 959 1594 omnem
971 1545 1252 1594 felicitatem
1270 1545 1501 1595 amiserit.
1558 1547 1845 1595 Secundum

99 1636 264 1675 autern
309 1626 603 1676 Ciceronem
647 1627 842 1690 proprie
879 1637 1116 1688 mortuus,
1158 1628 1242 1690 qui
1286 1627 1335 1675 in
1373 1628 1670 1676 Tusculanis
1710 1628 1774 1691 (1,
1797 1628 1846 1691 5)

101 1707 303 1757 miseros
354 1717 574 1756 mortuos
624 1718 781 1769 vocat,
823 1718 1021 1772 propter
1065 1711 1202 1772 quod
1239 1709 1334 1758 iam
1372 1710 1642 1759 amiserunt
1679 1710 1843 1759 vitam.

102 1789 412 1850 Miserabilis‚
432 1792 568 1852 quod
589 1790 648 1838 sit
666 1790 888 1839 miseriae
908 1791 1098 1839 habilis.
1158 1793 1365 1850 Mestus,
1387 1791 1667 1841 naturaliter
1684 1792 1844 1852 tristis,
1870 1807 1958 1856 174

100 1888 202 1920 non
222 1888 351 1920 casu.
427 1874 515 1920 Est
535 1871 666 1920 enim
692 1889 721 1919 a
746 1881 917 1920 natura
943 1872 1094 1921 animi
1122 1882 1169 1921 et
1195 1873 1387 1933 mentis,
1408 1875 1542 1922 unde
1568 1883 1616 1922 et
1642 1883 1843 1923 mestus.

103 1955 368 2005 Mendicus
385 1955 547 2005 dictus
574 1955 689 2018 quia
714 1956 876 2004 minus
903 1958 1053 2006 habet
1078 1959 1212 2007 unde
1237 1957 1386 2006 vitam
1415 1960 1589 2021 degat:
1618 1958 1718 2008 sive
1734 1959 1849 2022 quia
1872 1972 1960 2023 175

102 2053 210 2085 mos
259 2046 361 2085 erat
397 2039 531 2100 apud
568 2037 798 2100 antiquos
836 2054 891 2087 os
929 2040 1159 2088 claudere
1197 2055 1408 2102 egenum
1448 2049 1496 2088 et
1533 2057 1735 2089 manum
1775 2058 1849 2090 ex-

103 2120 318 2178 tendere,
352 2119 491 2182 quasi
525 2136 674 2168 manu
707 2119 884 2169 dicere.
960 2122 1194 2182 Mendax,
1232 2123 1368 2184 quod
1403 2131 1621 2171 mentem
1651 2123 1849 2172 alterius

104 2202 249 2250 fallat.
324 2201 588 2265 Malignus,
616 2203 730 2264 quia
751 2202 965 2252 malitiae
985 2212 1154 2252 votum
1176 2205 1252 2252 vel
1278 2220 1402 2266 opus
1428 2206 1627 2268 peragit.
1685 2207 1850 2253 Malus
1874 2199 1966 2259 176

104 2284 377 2346 appellatus
412 2300 441 2332 a
478 2285 616 2347 nigro
654 2285 780 2344 felle,
811 2287 948 2347 quod
986 2285 1162 2334 Graeci
1202 2287 1352 2349 μέλαν
1388 2286 1594 2336 dicunt:
1632 2289 1766 2337 unde
1803 2298 1850 2337 et

164 2425 181 2450 1
215 2413 469 2462 magnanimi
498 2412 535 2450 T
694 2419 736 2452 et
758 2413 885 2453 BCI:
916 2414 992 2452 sed
1022 2413 1078 2453 T:
1107 2414 1177 2453 vel
1198 2414 1244 2452 K
1425 2428 1446 2464 7
1479 2422 1546 2455 est
1566 2430 1644 2456 nec
1665 2420 1849 2457 sermoni

107 2469 180 2507 sed
203 2480 287 2506 mu.
309 2467 355 2505 K
375 2482 383 2507 :
412 2468 618 2507 sermonis
640 2468 683 2506 in
706 2467 775 2518 (ut
791 2468 894 2522 vad.)
917 2482 1000 2508 mu.
1025 2468 1067 2505 A
1196 2470 1221 2508 8
1250 2470 1348 2519 quia
1376 2469 1414 2508 T
1515 2484 1637 2512 mern.
1663 2473 1850 2525 (pn'us)]

107 2523 347 2561 memoriam
367 2522 408 2560 Β
540 2536 589 2561 10
617 2522 784 2573 στερρόν
805 2523 846 2562 A
853 2536 946 2572 rev
962 2523 1035 2562 sed
1049 2523 1098 2574 cs.
1118 2536 1180 2574 15,
1202 2538 1241 2576 4,
1265 2537 1288 2574 5
1311 2525 1521 2573 †sterio†
1542 2528 1681 2575 statio,
1705 2532 1743 2566 et
1747 2528 1851 2576 foa!

111 2577 230 2628 Corp.
257 2577 386 2617 Gloss.
411 2577 506 2615 Lat.
527 2590 565 2628 2,
588 2578 676 2628 187,
692 2579 741 2616 61
758 2578 899 2627 statio,
918 2579 1175 2629 †‹57·777·0pa†
1271 2591 1314 2618 11
1340 2587 1601 2630 exsequatur
1620 2582 1660 2620 Β
1736 2582 1848 2622 MaX.

107 2658 119 2671 ‹.
143 2661 151 2671 .
176 2661 185 2670 .
209 2644 317 2681 mag.
336 2633 460 2671 exim.
478 2636 574 2682 post
587 2633 694 2671 alter
709 2631 922 2673 ABCIU:
943 2634 1071 2675 zterat.
1083 2638 1180 2683 post
1191 2634 1318 2672 vitam
1337 2635 1376 2684 (ξ
1399 2637 1495 2684 173)
1513 2635 1560 2674 K
1710 2637 1823 2676 Max.
1832 2637 1848 2688 ]

110 2686 310 2725 minimus
329 2685 374 2724 K
393 2687 496 2738 (non
517 2685 610 2724 ΑΚ
622 2687 772 2735 iterat)
1094 2700 1142 2727 12
1171 2688 1271 2729 hon.
1277 2689 1294 2741 ]
1317 2702 1390 2728 ore
1404 2690 1450 2727 K
1468 2691 1568 2741 (non
1589 2690 1684 2729 ΑΚ
1699 2691 1851 2741 iterat.)

112 2746 182 2779 aut
201 2753 284 2780 om.
290 2740 307 2792 ]
331 2754 383 2779 an
408 2741 476 2793 (ut
493 2740 573 2780 vid.
583 2742 598 2793 )
620 2742 830 2781 ominibus
859 2742 901 2780 A
1102 2755 1150 2791 13
1181 2744 1314 2783 maius
1335 2744 1518 2784 eximius
1557 2745 1615 2784 T:
1646 2746 1780 2795 magis
1811 2751 1853 2784 et

113 2795 317 2834 maximus
329 2795 371 2833 A
392 2794 460 2844 (ex
478 2795 583 2848 -me)
602 2795 736 2835 ΒΚΖ]
745 2797 813 2844 (ex
831 2798 971 2844 -mis).
998 2798 1131 2847 magis
1147 2803 1190 2837 et
1203 2798 1386 2838 eximius
1403 2798 1437 2838 C
1451 2800 1554 2852 (non
1569 2800 1615 2850 I)
1702 2800 1851 2839 Maior.

116 2848 251 2889 Minor
270 2863 351 2890 om.
380 2849 418 2888 T
598 2863 645 2900 14
677 2852 889 2890 monadiis
908 2851 955 2890 K
1059 2852 1181 2891 aliter
1201 2851 1293 2890 ΑΚ
1455 2867 1502 2904 15
1533 2854 1780 2893 rationabile
1803 2854 1853 2893 C¹

119 2915 164 2952 17
186 2904 264 2944 dic.
291 2917 341 2943 eo
362 2903 434 2942 Κ.
464 2905 560 2944 ideo
580 2904 621 2943 Β
637 2909 768 2956 (pro·
759 2907 811 2945 ..d
835 2908 962 2959 eo?):
983 2920 1034 2946 eo
1054 2906 1200 2947 CITU
1289 2909 1338 2946 18
1358 2914 1478 2948 mort.
1505 2915 1568 2948 est
1589 2909 1659 2959 qui
1676 2907 1723 2946 K
1806 2922 1854 2960 19

116 2970 194 2997 am.
211 2958 292 2997 iarn
308 2957 356 2997 K
367 2958 469 3009 (non
481 2959 546 3010 A)
634 2973 688 2999 20
716 2959 837 3000 abilis
853 2961 963 3001 codd.
1056 2975 1104 3001 21
1139 2962 1293 3002 mentis
1309 2968 1351 3002 et
1366 2963 1495 3003 animi
1511 2963 1552 3001 Β
1637 2976 1688 3001 22
1718 2963 1855 3003 dictus

115 3024 198 3051 om.
214 3012 254 3050 Β
321 3013 474 3053 habeat
499 3012 536 3052 T
629 3027 680 3065 23
712 3028 760 3055 os
774 3015 909 3055 claud.
929 3021 972 3055 et
987 3016 1046 3056 C·
1076 3030 1150 3056 ore
1167 3016 1339 3056 laudare
1356 3017 1418 3055 K:
1454 3018 1662 3057 ducereA
1681 3016 1789 3067 (non
1805 3018 1832 3057 I
1835 3020 1851 3072 )

117 3079 243 3105 manu
265 3073 351 3108 ext.
373 3066 420 3107 K
436 3070 537 3119 (non
556 3069 619 3122 A)
743 3083 795 3119 24
824 3070 908 3111 fall.
931 3070 1000 3111 alt.
1022 3070 1063 3108 B
1192 3073 1244 3111 26
1272 3071 1430 3121 μέλαν.
1456 3101 1465 3112 .
1488 3077 1565 3113 e.t
1585 3085 1668 3112 om.
1700 3071 1746 3111 Tl
