2176 3424
342 114 972 162 ETYMOLOGIARVM
1013 115 1139 162 LIB.
1179 115 1348 161 XVII.
1388 112 1469 174 vii,
1505 113 1587 162 viii

94 244 294 306 Myrrha
323 252 488 292 autern
522 244 806 306 Trogodyte
838 243 901 292 ab
934 242 1093 292 insula
1117 243 1330 292 Arabiae
1359 242 1505 302 dicta,
1541 243 1628 292 ubi
1663 243 1836 293 melior

91 323 334 386 colligitur
357 333 406 373 et
429 323 607 387 purior.
681 326 852 373 Storax
870 324 1015 372 arbor
1033 323 1263 386 Arabiae,
1277 323 1447 374 similis
1468 325 1584 374 mali
1603 325 1834 388 Cydonii‚
1859 338 1891 386 5

93 405 232 454 cuius
273 407 486 468 virgulae
533 407 657 454 inter
706 404 974 456 Caniculae
1022 415 1184 455 ortum
1237 405 1536 456 cavernatim
1584 406 1836 456 lacrimam

92 489 266 535 fluunt.
339 486 605 535 Distillatio
639 486 742 535 eius
775 488 826 535 in
858 496 1035 536 terram
1069 489 1254 537 cadens
1288 489 1475 537 munda
1500 505 1602 538 non
1632 498 1718 548 est,
1748 489 1837 537 sed

48 591 70 632 5
93 585 206 617 cum
230 567 455 632 propriae
480 567 673 617 corticis
699 566 921 634 sc[r]0be
947 578 1177 618 servatur.
1234 571 1325 619 Illa
1343 579 1525 630 autem,
1547 586 1675 634 quae
1694 569 1837 633 virgis

91 660 140 700 et
166 651 364 699 calamis
389 650 665 710 inhaeserit,
694 652 880 700 munda
905 660 978 700 est
1003 661 1051 701 et
1075 651 1255 711 albida,
1284 652 1466 702 dehinc
1491 653 1623 702 fulva
1643 654 1697 702 fit
1722 652 1837 701 solis

93 748 252 781 causa.
328 734 392 780 Et
426 731 530 795 ipsa
563 741 723 781 storax
755 733 1022 792 calamites,
1059 733 1268 797 pinguis,
1304 733 1536 794 resinosa,
1568 733 1734 784 odoris
1771 735 1840 782 iu-

93 812 258 872 cundi,
287 814 517 862 humecta
542 822 590 862 et
614 812 764 861 veluti
790 815 1051 863 mellosum
1077 816 1319 878 liquorem
1350 815 1594 864 emittens.
1668 818 1840 865 Storax

93 904 259 942 autem
285 895 417 943 dicta
441 896 578 957 quod
598 893 658 942 sit
682 904 820 957 gutta
837 895 1024 944 arboris
1044 897 1293 959 profluens
1313 906 1360 946 et
1381 899 1651 961 congelata.
1708 900 1839 947 Nam

25 995 74 1024 10
97 975 273 1024 Graeci
315 974 497 1024 stiriam
539 984 727 1038 guttam
771 975 957 1037 dicunt,
998 978 1187 1028 Graece
1227 988 1393 1028 autern
1432 981 1624 1043 στύραξ,
1665 979 1842 1028 Latine

96 1067 256 1106 storax
280 1056 470 1106 dicitur.
546 1057 792 1106 Bdellium
829 1058 1003 1108 Indiae
1037 1068 1084 1108 et
1117 1059 1330 1108 Arabiae
1359 1061 1517 1120 arbor,
1545 1061 1684 1109 cuius
1710 1061 1845 1109 lacri-
1868 1063 1902 1110 6

96 1154 176 1186 ma
201 1137 372 1187 melior
396 1137 621 1186 Arabica.
697 1141 785 1187 Est
811 1139 943 1188 enim
969 1140 1146 1200 lucida,
1170 1141 1445 1199 subalbida,
1472 1142 1604 1202 levis,
1633 1142 1843 1206 pinguis,

95 1219 363 1281 aequaliter
388 1235 542 1279 cerea,
565 1229 612 1268 et
637 1237 764 1282 quae
789 1220 932 1270 facile
957 1222 1216 1285 molliatur,
1241 1239 1404 1286 neque
1430 1225 1562 1287 ligno
1588 1226 1666 1273 vel
1690 1234 1845 1273 terrae

98 1301 375 1361 commixta,
403 1318 582 1360 amara,
611 1303 776 1352 odoris
811 1303 944 1352 boni.
1021 1306 1151 1353 Nam
1182 1323 1241 1354 ex
1271 1305 1418 1354 India
1451 1305 1650 1356 sordida
1686 1316 1761 1356 est
1797 1316 1845 1356 et

27 1400 73 1442 15
98 1381 233 1445 nigra
258 1392 305 1431 et
331 1382 514 1432 maiore
539 1384 697 1446 gleba.
770 1386 1087 1434 Adulteratur
1105 1395 1271 1436 autem
1297 1387 1518 1436 admixto
1537 1387 1739 1450 gummi,
1762 1388 1846 1451 qui

99 1480 202 1511 non
237 1464 304 1512 ita
340 1463 608 1513 amarificat
642 1474 856 1528 gustum.
930 1466 1112 1515 Mastix
1146 1468 1332 1517 arboris
1366 1468 1557 1517 lentisci
1589 1478 1726 1532 gutta
1757 1478 1843 1518 est.
1870 1478 1900 1527 7

102 1547 244 1593 Haec
269 1545 598 1608 granomastix
623 1548 772 1606 dicta,
792 1549 907 1610 quia
926 1547 976 1596 in
997 1550 1204 1598 modum
1228 1566 1491 1613 granorum
1519 1559 1607 1599 est.
1664 1550 1845 1599 Melior

98 1636 263 1674 autem
305 1625 355 1673 in
398 1626 526 1676 Chio
577 1626 736 1676 insula
777 1628 1002 1692 gignitur,
1045 1630 1210 1679 odoris
1255 1631 1385 1691 boni,
1429 1631 1657 1681 candoris
1706 1649 1846 1681 cerae

102 1706 331 1756 Punicae.
392 1710 541 1757 Vnde
566 1718 614 1757 et
639 1711 955 1772 splendorem
980 1711 1105 1760 cutis
1132 1712 1455 1774 pulchrificat.
1528 1714 1847 1762 Adulteratur

29 1808 79 1838 20
101 1787 347 1836 interdurn
386 1787 543 1837 resina
576 1790 652 1837 vel
690 1798 808 1839 ture.
883 1792 1069 1854 Piperis
1102 1794 1247 1842 arbor
1280 1793 1495 1842 nascitur
1526 1795 1575 1842 in
1608 1793 1766 1854 India,
1795 1795 1845 1842 in
1872 1795 1903 1842 8

101 1867 249 1915 latere
286 1869 466 1917 montis
503 1871 727 1931 Caucasi,
764 1873 902 1934 quod
938 1873 1029 1921 soli
1066 1873 1329 1923 obversum
1368 1885 1454 1934 est,
1487 1876 1602 1924 folia
1639 1875 1847 1939 iuniperi

102 1946 436 1998 similitudine.
508 1951 662 2001 Cuius
706 1952 849 2002 silvas
888 1963 1139 2016 serpentes
1179 1957 1480 2015 custodiunt,
1525 1958 1613 2006 sed
1655 1956 1847 2007 incolae

101 2029 312 2092 regionis
345 2030 487 2092 illius,
515 2049 670 2094 quum
703 2044 922 2083 maturae
958 2037 1150 2097 suerint,
1187 2036 1475 2097 incendunt,
1512 2047 1561 2087 et
1596 2048 1848 2102 serpentes

103 2111 203 2174 igni
229 2113 455 2175 fugantur
473 2132 486 2175 3
522 2123 569 2162 et
594 2113 710 2164 inde
735 2132 794 2164 ex
818 2117 1017 2164 flamma
1043 2118 1236 2180 nigrum
1261 2118 1400 2183 piper
1424 2119 1643 2169 efficitur.
1716 2122 1847 2170 Nam

33 2215 82 2255 25
105 2201 278 2241 natura
302 2193 481 2257 piperis
500 2195 614 2244 alba
631 2205 718 2256 est,
738 2196 876 2246 cuius
902 2199 1103 2261 quidem
1125 2200 1345 2250 diversus
1364 2210 1438 2250 est
1462 2203 1662 2252 fructus.
1718 2204 1847 2251 Nam

162 2334 179 2359 1
212 2334 318 2371 myr.
344 2352 353 2362 .
379 2352 388 2363 .
413 2353 423 2364 .
447 2325 590 2374 purior
609 2338 692 2365 om.
717 2326 846 2366 KNP
1023 2329 1236 2377 trogodite
1259 2329 1385 2381 (-tae)
1411 2329 1530 2369 DCF
1542 2344 1552 2370 ε
1581 2331 1790 2380 tragodite
1818 2331 1855 2370 T
1931 2330 1938 2337 ’

105 2389 129 2414 2
159 2377 292 2415 stirax
312 2377 356 2415 D
466 2380 574 2419 mala
602 2380 657 2419 T:
688 2382 797 2420 malo
817 2381 861 2420 D
1044 2395 1069 2431 3
1099 2383 1211 2422 intra
1231 2384 1406 2423 concule
1434 2383 1471 2423 T
1576 2386 1772 2425 lacrimae
1789 2385 1850 2423 Kl

105 2445 129 2480 4
160 2431 249 2469 fluit
275 2431 333 2470 T:
364 2433 494 2472 ssuant
513 2433 602 2473 D1:
632 2436 762 2474 fluent
783 2435 845 2475 D2
988 2448 1012 2486 5
1042 2438 1215 2487 proprie
1243 2437 1303 2477 T:
1333 2439 1506 2490 propria
1524 2439 1595 2479 K:
1625 2441 1784 2491 proprii
1805 2441 1849 2479 D

104 2498 255 2525 scruve
275 2486 345 2526 D:
373 2500 475 2527 corr.
498 2489 696 2528 Schwarz
955 2493 981 2529 6
1010 2491 1202 2543 calamis]
1226 2494 1354 2532 ramis
1374 2492 1421 2531 K
1625 2501 1691 2534 est
1711 2498 1744 2547 (3
1763 2498 1848 2548 set)

104 2553 209 2579 eras.
239 2538 277 2578 T
412 2543 551 2582 olbida
571 2544 615 2581 D
799 2557 820 2593 7
854 2545 1013 2584 istorax
1033 2546 1077 2583 D
1220 2548 1423 2587 calamitis
1445 2548 1492 2587 K
1677 2550 1702 2587 8
1733 2550 1846 2590 mell.

105 2595 323 2633 humorem
346 2595 498 2647 (delet.)
521 2597 698 2646 ligorem
718 2599 763 2637 K
869 2613 896 2649 9
926 2613 1023 2639 narn
1044 2614 1127 2642 om.
1150 2599 1197 2638 K
1313 2616 1363 2642 10
1391 2616 1517 2653 grece
1537 2603 1581 2641 D
1671 2604 1847 2643 istiriam

105 2646 176 2688 K:
206 2654 322 2688 stran
347 2651 449 2702 (-am
467 2654 500 2702 2)
530 2651 567 2689 T
583 2654 650 2704 (cf.
674 2653 797 2692 XIII.
823 2666 895 2693 xx.
917 2657 961 2707 5)
1146 2657 1261 2705 greci
1281 2655 1325 2694 D
1505 2658 1575 2697 lat.
1597 2664 1762 2698 storace
1790 2658 1847 2698 T:

106 2703 221 2742 latini
243 2705 424 2744 storicae
444 2706 488 2744 D
561 2718 606 2744 11
641 2707 806 2747 Bidella
828 2708 939 2749 codd.
963 2713 1001 2747 et
1014 2708 1117 2748 Isid.
1198 2722 1246 2748 12
1276 2711 1383 2750 lenis
1399 2712 1442 2750 D
1520 2725 1568 2762 13
1589 2713 1786 2752 moliatur
1805 2712 1850 2751 D

111 2769 159 2806 15
189 2756 281 2808 qui]
303 2772 410 2808 quae
430 2759 476 2798 K
494 2759 557 2809 (D
577 2761 648 2800 vix
665 2762 763 2814 leg.)
916 2765 965 2801 16
994 2770 1119 2814 gustu
1139 2763 1252 2804 DT:
1282 2772 1407 2815 gusto
1427 2765 1472 2804 K
1574 2767 1648 2818 le.]
1672 2768 1788 2806 lintis
1807 2768 1854 2806 K

110 2824 157 2860 17
188 2825 364 2861 granum
386 2815 541 2853 mastix
559 2814 606 2852 K
747 2828 797 2867 19
825 2818 992 2867 pumice
1021 2817 1059 2856 T
1169 2821 1282 2859 unde
1302 2833 1387 2860 om.
1409 2821 1455 2860 K
1564 2821 1854 2872 splendoreK

107 2868 238 2915 guttis
257 2866 348 2906 DK
633 2883 686 2908 20
715 2871 881 2910 resinae
902 2872 946 2910 D
1190 2874 1278 2926 vel]
1301 2881 1345 2914 ut
1365 2874 1411 2913 K
1659 2876 1788 2927 Piper
1806 2877 1851 2916 D

109 2932 158 2958 21
188 2921 355 2961 caticasi
375 2921 419 2961 D
608 2937 692 2973 quo
711 2937 772 2965 so.
797 2926 1002 2967 obversus
1030 2926 1068 2965 T
1251 2929 1338 2970 iun.
1363 2929 1682 2970 similitudinem
1710 2929 1768 2970 T:
1797 2932 1849 2971 ad

110 2973 196 3013 iun.
222 2975 537 3017 similitudinem
558 2977 690 3019 Solin.
715 2991 783 3030 52,
802 2992 849 3030 51
1003 2994 1056 3020 22
1087 2981 1191 3021 silva
1218 2981 1256 3020 T
1371 2985 1549 3024 incultas
1572 2986 1637 3036 (as
1656 2998 1706 3026 ex
1724 2987 1848 3035 corr.)

111 3027 308 3078 regiones
333 3030 370 3069 T
522 3044 573 3082 24
605 3032 692 3083 igni
712 3046 762 3072 ex
779 3035 891 3083 ignis
909 3035 952 3072 D
1083 3042 1127 3075 et
1145 3037 1302 3076 exinde
1323 3037 1370 3076 K
1531 3050 1583 3089 25
1613 3039 1792 3080 diversis
1819 3040 1856 3080 T

934 3113 1032 3149 R2
