2176 3424
430 129 1059 179 ETYMOLOGIARVM
1098 129 1228 175 LIB.
1270 128 1386 173 XII.
1425 125 1488 173 vii

90 265 152 313 de
175 262 368 327 propria
392 278 512 312 voce
537 269 850 324 sumpserunt
868 278 881 321 3
917 257 1001 307 tali
1026 257 1159 307 enim
1185 273 1310 306 sono
1341 263 1606 305 susurrant.
1682 257 1826 304 Haec

88 354 252 393 autem
289 346 409 394 dum
445 352 722 407 properant,
750 358 899 390 unam
938 349 1211 404 sequuntur
1243 338 1416 388 ordine
1445 338 1670 387 litterato.
1748 339 1825 385 De

89 426 270 490 quibus
297 428 527 475 Lucanus
555 425 619 489 (5,
644 424 759 488 716)
786 443 795 471 ε

363 509 453 556 'Et
490 507 683 556 turbata
719 505 842 569 perit
878 504 1110 568 dispersis
1148 504 1305 552 littera
1342 503 1519 566 pinnis.

42 618 63 659 5
90 591 294 639 Excelsa
325 599 491 638 autem
526 597 714 652 petunt,
742 604 841 651 quo
875 586 1064 635 facilius
1091 585 1288 635 videant
1315 601 1437 648 quas
1462 591 1634 647 petant
1660 590 1821 630 terras.

89 670 306 735 Castigat
330 680 496 720 autem
521 687 642 719 voce
677 686 803 733 quae
837 668 968 732 cogit
995 685 1202 732 agmen:
1240 676 1289 716 at
1322 666 1409 714 ubi
1442 664 1694 724 raucescit,
1723 681 1827 713 suc·
1846 679 1902 728 15

87 752 218 802 cedit
237 753 330 802 alia
350 772 358 801 :
385 761 530 802 nocte
546 762 711 800 autem
729 751 959 800 excubias
980 750 1220 810 dividunt,
1244 759 1291 798 et
1309 749 1533 798 ordinem
1554 746 1825 811 vigiiiarum

88 852 172 898 per
213 836 343 884 vices
386 834 584 894 faciunt,
627 842 853 883 tenentes
902 832 1094 896 lapillos
1134 830 1384 894 suspensis
1424 829 1600 892 digitis,
1647 828 1826 893 quibus

88 934 290 967 somnos
305 926 508 981 arguant
531 938 539 967 :
566 918 702 980 quod
719 917 996 965 cavendum
1014 914 1116 975 erit,
1138 916 1323 963 clamor
1342 912 1540 962 indicat.
1596 914 1827 960 Aetatem

0 1019 68 1065 ξω
90 1001 139 1048 in
181 999 272 1048 illis
315 1001 449 1049 color
487 998 649 1062 prodit
673 1017 683 1058 3
736 1016 850 1047 nam
900 1006 1153 1047 senectute
1202 995 1497 1059 nigrescunt.
1590 993 1827 1044 Ciconiae
1852 997 1911 1043 16

89 1090 290 1130 vocatae
331 1099 360 1130 a
398 1098 522 1130 sono
561 1097 662 1143 quo
704 1079 956 1144 crepitant,
995 1080 1133 1142 quasi
1173 1077 1391 1126 cicaniae
1413 1096 1421 1125 :
1460 1093 1610 1140 quem
1647 1093 1826 1125 sonum

87 1165 181 1213 oris
207 1163 370 1227 potius
394 1180 501 1212 esse
526 1180 676 1226 quam
702 1162 849 1221 vocis,
873 1161 989 1225 quia
1013 1179 1127 1210 eum
1155 1160 1406 1224 quatiente
1436 1168 1592 1208 rostro
1626 1157 1825 1207 faciunt.

89 1249 203 1296 Hae
228 1246 350 1296 veris
377 1245 592 1305 nuntiae,
622 1244 867 1294 societatis
894 1243 1115 1303 comites,
1144 1244 1446 1307 serpentium
1473 1243 1653 1301 hostes,
1679 1242 1830 1290 maria

88 1330 401 1386 transvolant,
421 1329 471 1375 in
488 1327 659 1376 Asiam
680 1329 889 1376 collecto
908 1326 1103 1390 agmine
1123 1334 1347 1390 pergunt.
1421 1322 1656 1374 Cornices
1676 1323 1829 1371 duces

4 1421 69 1478 ,ῃ
88 1427 169 1460 eas
195 1411 508 1474 praecedunt,
538 1419 586 1458 et
612 1411 746 1472 ipsae
766 1408 905 1472 quasi
923 1408 1161 1458 exercitus
1182 1415 1560 1471 prosequuntur.
1637 1403 1830 1452 Eximia
1853 1415 1905 1464 17

48 1479 61 1485 ν
88 1492 179 1541 illis
196 1492 323 1541 circa
340 1491 464 1540 filios
480 1490 635 1554 pietas
648 1510 661 1552 3
674 1508 790 1540 narn
806 1492 933 1540 adeo
950 1492 1093 1539 nidos
1110 1489 1362 1552 inpensius
1378 1490 1544 1537 fovent
1561 1496 1614 1535 ut
1630 1485 1830 1535 assiduo

89 1574 310 1624 incubitu
327 1576 519 1638 plumas
539 1583 732 1623 exuant.
770 1574 1026 1634 Quantum
1047 1582 1212 1621 autem
1233 1581 1427 1634 tempus
1448 1568 1763 1633 inpenderint
1779 1567 1830 1616 in

89 1655 268 1705 fetibus
288 1655 573 1716 educandis,
596 1665 788 1704 tantum
809 1664 857 1704 et
876 1654 1011 1718 ipsae
1031 1653 1241 1703 invicem
1268 1670 1296 1702 a
1322 1652 1465 1716 pullis
1491 1650 1591 1701 suis
1617 1652 1826 1699 aluntur.

92 1739 212 1787 Olor
236 1737 337 1786 avis
363 1747 435 1786 est
461 1755 610 1800 quem
636 1736 814 1787 Graeci
834 1739 996 1786 κύκνον
1014 1738 1279 1800 appellant.
1343 1736 1464 1785 Olor
1482 1744 1649 1783 autern
1666 1733 1829 1783 dictus
1853 1737 1909 1784 18

4 1841 69 1871 ,κο
91 1820 226 1882 quod
266 1819 327 1868 sit
365 1829 496 1868 totus
536 1819 716 1882 plumis
756 1819 926 1868 albus:
980 1820 1143 1866 nullus
1181 1816 1314 1866 enim
1355 1815 1580 1866 meminit
1618 1833 1829 1879 cygnum

90 1899 280 1964 nigrum
299 1919 312 1962 3
349 1902 461 1950 ὅλον
497 1900 628 1949 enim
666 1903 856 1950 Graece
893 1910 1052 1950 totum
1088 1899 1281 1950 dicitur.
1361 1901 1562 1962 Cygnus
1598 1908 1766 1947 autem
1803 1915 1832 1946 a

90 1984 316 2032 canendo
341 1993 414 2031 est
438 1984 725 2046 appellatus,
746 1999 805 2031 eo
823 1984 959 2045 quod
979 1981 1208 2030 carminis
1229 1980 1547 2030 dulcedinem
1566 1981 1832 2029 modulatis

90 2065 294 2113 vocibus
319 2064 494 2114 fundit.
569 2065 694 2113 Ideo
719 2073 885 2112 autem
913 2065 1123 2112 suaviter
1149 2081 1263 2112 eum
1289 2079 1478 2123 canere,
1507 2061 1623 2125 quia
1647 2064 1831 2111 collum

0 2155 7 2212 ᾗ
42 2151 43 2167 ³
90 2147 292 2209 longum
319 2155 366 2195 et
391 2145 624 2194 inflexum
651 2146 814 2205 habet,
844 2154 891 2194 et
916 2161 1120 2194 necesse
1140 2154 1214 2195 est
1231 2147 1531 2194 eluctantem
1551 2161 1726 2194 vocem
1745 2161 1832 2208 per

3 2247 70 2291 ⁸²5
90 2229 291 2291 longum
308 2237 356 2277 et
381 2229 654 2276 flexuosum
680 2227 769 2276 iter
793 2226 946 2276 varias
972 2228 1178 2276 reddere
1204 2226 1585 2277 modulationes.
1647 2228 1832 2276 Ferunt
1854 2244 1915 2291 19

91 2308 140 2357 in
162 2309 499 2373 Hyperboreis
524 2308 743 2373 partibus
770 2308 1167 2372 praecinentibus
1194 2308 1492 2358 citharoedis
1513 2310 1673 2358 olores
1691 2311 1833 2372 pluri-

93 2408 199 2440 mos
240 2393 483 2451 advolare,
524 2401 739 2454 apteque
776 2392 1053 2440 admodum
1097 2390 1374 2440 concinere.
1450 2392 1626 2440 Olores
1665 2401 1832 2440 autem

94 2471 323 2521 Latinum
339 2490 524 2522 nomen
544 2483 616 2522 est
634 2492 647 2534 3
684 2490 798 2521 nam
817 2475 1007 2522 Graece
1025 2475 1178 2522 κύκνοι
1197 2472 1444 2523 dicuntur.
1506 2475 1554 2522 N
1558 2482 1702 2522 autae
1718 2490 1834 2523 vero

93 2553 184 2603 sibi
204 2555 337 2603 hunc
357 2556 540 2604 bonam
560 2554 844 2619 prognosim
865 2557 1024 2604 facere
1041 2555 1227 2616 dicunt,
1248 2557 1373 2604 sicut
1390 2555 1631 2604 Aemilius
1650 2555 1718 2604 ait
1735 2556 1833 2621 (4):

151 2698 167 2724 1
201 2687 252 2725 de
275 2697 335 2736 pr.
362 2699 427 2725 vo,
454 2699 523 2725 110.
546 2687 587 2725 Β
765 2700 789 2736 4
821 2687 946 2737 periit
970 2686 1004 2725 C
1019 2690 1112 2724 ante
1131 2700 1231 2726 corr.
1400 2699 1425 2737 5
1454 2686 1648 2737 inpetunt
1667 2688 1778 2737 quod
1805 2686 1842 2725 T

95 2739 119 2779 6
150 2740 444 2790 CastigantB1
529 2740 694 2790 agmina
713 2740 748 2779 C
858 2742 883 2779 8
913 2740 1021 2792 dig.]
1035 2741 1214 2780 dictisB
1334 2754 1361 2790 9
1391 2754 1519 2780 sonos
1544 2741 1581 2780 T
1658 2749 1833 2780 arceant

98 2795 132 2834 C
236 2794 344 2845 cav.]
365 2796 602 2834 acuendum
618 2794 674 2833 Β1
788 2809 832 2834 11
856 2797 1003 2848 quem]
1022 2795 1217 2846 quoniam
1231 2795 1274 2834 K
1387 2808 1435 2846 15
1457 2802 1765 2847 persequentur
1787 2794 1823 2835 C
1827 2797 1837 2819 ¹

100 2861 145 2898 17
176 2856 330 2888 exeant
358 2849 414 2888 Β1
610 2851 658 2888 18
688 2850 916 2890 edocandis
951 2850 989 2889 T
1012 2851 1115 2902 (non
1145 2847 1235 2901 X):
1265 2855 1307 2889 et
1336 2849 1379 2888 in
1410 2851 1529 2890 cunis
1549 2851 1616 2889 B:
1645 2864 1726 2889 om.
1748 2850 1835 2889 ΚΟ

97 2904 372 2998 {39C01usoliis
391 2959 436 2997 K
478 2905 662 2998 quangoc
695 2959 706 2996 l
743 2959 810 2999 alb
849 2905 1017 2998 {teignssm
1048 2903 1172 2997 66¹de
1201 2972 1225 2997 a
1302 2905 1521 2999 agsliegant
1541 2904 1838 2999 Idiildid'izcearllg

97 3023 150 3062 23
170 3026 233 3052 ca.
251 3013 392 3053 dicunt
407 3027 473 3062 qu.
493 3012 540 3052 K
647 2972 783 3062 21<)‡·est
800 2990 843 3053 iit
860 2989 913 3053 el..
928 3013 974 3052 K
1081 3025 1134 3062 25
1165 2972 1284 3052 intlgi?
1287 2990 1393 3053 'C1T
1499 3016 1552 3052 26
1582 3014 1729 3053 citaret
1745 3016 1780 3054 is
1795 3013 1835 3054 Β

97 3078 146 3115 27
177 3073 275 3117 apte
298 3069 334 3107 C
438 3069 491 3106 28
516 3081 630 3109 nom.
646 3068 717 3108 lat.
746 3068 784 3106 T
870 3068 982 3118 cigni
1003 3068 1110 3107 codd.
1224 3080 1278 3118 29
1303 3068 1418 3108 bonu
1441 3069 1486 3107 K
1567 3069 1832 3119 prognosiam

100 3120 135 3159 C
238 3120 396 3161 faciunt
413 3121 460 3162 si.
479 3121 520 3160 Β
