2176 3424
567 90 1209 139 ETYMOLOGIARVM
1253 94 1382 139 LIB.
1424 94 1510 140 IX.
1552 93 1582 140 ii

195 218 299 266 chis
330 220 479 279 ducit,
509 219 591 281 qui
618 218 753 267 missi
787 221 850 268 ad
874 222 1187 282 Argonautas
1222 225 1608 285 persequendos,
1640 234 1693 272 ut
1726 242 1754 273 a
1788 228 1951 275 Ponto

198 300 497 348 intraverunt
515 302 697 349 Istrum
724 303 943 359 fluvium,
972 319 1000 349 a
1027 302 1272 351 vocabulo
1296 304 1473 362 amnis,
1495 322 1596 367 quo
1615 323 1644 354 a
1662 307 1782 355 mari
1799 325 1951 358 reces-

193 391 372 444 serunt,
402 382 634 445 appellati
661 391 788 431 sunt.
864 383 1084 432 Romani
1117 401 1146 432 a
1178 387 1385 433 Romuli
1417 387 1621 436 nomine
1653 390 1944 454 nuncupati,
1975 395 2040 454 84

192 463 277 526 qui
310 463 481 512 urbem
510 467 727 513 Romam
754 465 980 513 condidit
1006 466 1241 530 gentique
1276 477 1324 516 et
1356 467 1541 517 civitati
1575 487 1761 519 nomen
1795 473 1946 522 dedit,

147 560 168 599 5
194 544 262 592 Hi
289 554 435 593 antea
458 563 487 593 a
513 548 724 595 Saturno
752 547 981 604 Saturnii,
1000 565 1030 595 a
1053 548 1230 597 Latino
1253 549 1417 598 Latini
1444 551 1607 600 vocati
1623 562 1753 601 sunt.
1816 556 1948 604 Nam

192 625 398 674 Latinus
426 627 600 675 Italiae
625 644 707 676 rex
738 627 843 685 fuit,
871 627 957 690 qui
990 645 1049 677 ex
1084 647 1175 677 suo
1206 631 1410 680 nomine
1438 632 1642 682 Latinos
1667 636 1945 697 appellavit,

191 707 275 770 qui
300 717 473 770 postea
500 708 718 756 Romani
743 709 1018 772 nuncupati
1055 720 1182 759 sunt.
1258 712 1329 760 Hi
1356 722 1405 761 et
1433 714 1650 775 Quirites
1676 715 1811 771 dicti,
1833 718 1949 780 quia

193 788 428 850 Quirinus
449 789 609 838 dictus
628 799 701 839 est
728 792 990 849 Romulus,
1009 795 1146 855 quod
1173 810 1366 857 semper
1391 797 1532 844 hasta
1557 798 1802 856 utebatur,
1820 816 1948 862 quae

191 870 486 918 Sabinorum
513 870 678 935 lingua
713 872 840 920 curis
872 872 1065 922 dicitur.
1142 877 1296 924 Italus
1336 893 1537 940 quoque
1568 888 1616 927 et
1651 880 1864 929 Sabinus
1899 890 1947 930 et
1971 888 2036 946 85

121 966 168 993 10
190 950 394 999 Sicanus
428 953 596 1000 fratres
632 955 844 1016 fuerunt,
879 972 937 1003 ex
971 955 1152 1017 quibus
1186 957 1392 1006 nomina
1425 961 1621 1023 populis
1655 961 1869 1024 inposita
1899 974 1947 1012 et

189 1031 468 1094 regionibus
489 1043 614 1082 sunt.
690 1037 822 1083 Nam
842 1037 905 1084 ab
934 1038 1062 1085 Italo
1089 1038 1216 1096 Itali,
1234 1056 1262 1087 a
1290 1040 1475 1090 Sabino
1502 1042 1686 1102 Sabini,
1717 1061 1745 1091 a
1765 1044 1945 1093 Sicano

191 1113 354 1162 Sicani
380 1115 717 1177 cognominati
743 1126 871 1175 sunt,
899 1118 985 1180 qui
1010 1129 1058 1167 et
1078 1119 1243 1181 Siculi,
1273 1121 1324 1170 id
1350 1133 1423 1171 est
1444 1123 1738 1174 Sicilienses.
1791 1127 1946 1175 Tusci
1970 1130 2038 1177 86

190 1195 360 1244 Italiae
385 1213 504 1259 gens
531 1207 603 1246 est
628 1215 657 1245 a
682 1199 958 1262 frequentia
984 1217 1234 1250 sacrorum
1262 1213 1309 1252 et
1335 1204 1454 1253 turis
1480 1216 1666 1266 vocata,
1697 1207 1748 1256 id
1764 1218 1837 1257 est
1853 1211 1944 1257 ἀπὸ

185 1281 267 1325 τοῦ
294 1278 538 1337 θυσιάζειν.
613 1280 790 1329 Vmbri
817 1281 990 1330 Italiae
1015 1300 1152 1346 gens,
1181 1287 1269 1333 sed
1304 1286 1562 1336 Gallorum
1589 1298 1808 1338 veterum
1837 1308 1943 1354 pro-
1968 1303 2032 1362 87

118 1380 162 1419 15
185 1375 326 1421 pag0‚
355 1359 439 1422 qui
464 1363 821 1424 Appenninum
848 1372 1071 1412 montem
1102 1364 1327 1416 incolunt
1348 1386 1361 1428 3
1399 1370 1461 1417 de
1492 1369 1674 1432 quibus
1709 1373 1940 1422 historiae

186 1440 447 1502 perhibent
497 1458 558 1490 eo
595 1445 732 1505 quod
770 1452 993 1507 tempore
1029 1463 1249 1509 aquosae
1286 1451 1439 1498 cladis
1485 1451 1727 1501 imbribus
1779 1471 1942 1518 super-

186 1521 377 1582 fuerint,
409 1520 479 1588 [et
512 1523 577 1571 ob
612 1521 731 1590 hoc]
758 1524 1016 1589 Ὀμβρίους
1048 1528 1237 1577 Graece
1270 1533 1568 1582 nominatos.
1645 1537 1795 1584 Marsi
1821 1554 1940 1599 gens
1963 1545 2028 1592 88

188 1602 359 1652 Italiae
399 1605 529 1653 dicta
569 1622 598 1653 a
631 1606 813 1656 comite
858 1608 1024 1657 Liberi
1070 1612 1282 1674 Marsya,
1326 1615 1410 1676 qui
1450 1632 1592 1663 usum
1634 1616 1727 1665 illis
1766 1618 1939 1667 vitium

188 1685 435 1746 ostendit,
473 1696 520 1735 et
547 1687 613 1734 ob
639 1689 734 1736 hoc
760 1687 827 1736 illi
855 1698 1065 1738 statuam
1093 1693 1328 1753 fecerunt,
1352 1711 1501 1757 quam
1529 1707 1701 1759 postea
1722 1700 1938 1748 Romani

117 1788 166 1815 20
187 1766 326 1816 victis
368 1768 544 1816 Marsis
582 1771 809 1819 tulerunt.
894 1774 1087 1821 Marsos
1125 1783 1291 1823 autem
1330 1778 1506 1826 Graeci
1545 1780 1705 1829 Oscos
1742 1793 1935 1844 vocant,

186 1849 326 1912 quasi
359 1853 581 1912 ὀφσκους,
609 1855 745 1914 quod
780 1855 959 1903 multas
991 1866 1243 1918 serpentes
1271 1859 1500 1920 habeant,
1530 1871 1578 1910 et
1605 1864 1712 1925 ὄφις
1736 1881 1936 1927 serpens

186 1930 388 1980 dicatur.
447 1935 668 1982 Inlaesos
694 1944 858 1983 autem
887 1953 993 1985 esse
1021 1938 1294 1987 carminum
1322 1943 1590 1992 maleficiis.
1649 1947 1938 1996 Inhabitant

183 2022 350 2061 autem
386 2016 579 2078 plagam
613 2017 901 2078 Appennini
938 2019 1120 2067 montis
1158 2020 1303 2069 simul
1341 2039 1455 2071 cum
1482 2026 1694 2075 Vmbris.
1771 2025 1937 2094 [Alex-

183 2095 335 2143 ander
352 2095 769 2159 historiographus
786 2099 883 2147 ait:
927 2102 1164 2149 ‘Vulscos
1196 2102 1399 2164 quidam
1432 2109 1704 2169 appellatos
1737 2110 1876 2159 aiunt
1909 2128 1936 2160 a

236 2236 260 2260 2
302 2224 397 2276 Ist.]
426 2231 558 2263 strum
592 2226 717 2265 deum
749 2230 796 2264 ut
821 2226 902 2267 vid.
932 2228 984 2266 Tl
1203 2245 1284 2270 am.
1316 2246 1398 2282 qua
1430 2235 1533 2273 mari
1564 2246 1867 2279 concesserant
1904 2241 1942 2279 T

179 2291 205 2327 3
235 2292 259 2316 a
279 2280 439 2318 romolo
464 2286 765 2330 nuncupantur
783 2282 830 2318 K
848 2282 948 2333 (non
968 2283 1031 2335 A)
1162 2299 1186 2334 4
1216 2287 1314 2336 quia
1337 2288 1372 2327 C
1511 2291 1607 2331 ded.
1635 2305 1745 2333 nom.
1762 2295 1814 2337 ,K
1834 2296 1933 2346 (non

179 2333 244 2383 A)
358 2345 381 2383 5
412 2341 511 2373 ante
531 2335 652 2374 BCK
746 2337 925 2375 saturnii
944 2338 1013 2376 K:
1045 2340 1102 2377 -ni
1117 2340 1261 2382 ACT:
1292 2344 1462 2382 nomine
1485 2347 1663 2385 saturnii
1683 2349 1725 2386 Β
1837 2364 1932 2389 nam

180 2400 262 2426 om.
287 2387 333 2424 K
357 2392 458 2440 (non
477 2389 539 2441 A)
664 2403 686 2438 7
717 2397 814 2440 post
834 2396 882 2429 ut
900 2392 981 2431 vid.
1011 2393 1048 2430 T
1152 2408 1254 2434 nun.
1279 2409 1311 2436 s.
1339 2397 1461 2437 Rom.
1486 2399 1533 2436 K
1641 2402 1718 2442 dic.
1740 2411 1839 2443 sunt
1860 2419 1927 2455 qu.

188 2441 239 2479 T2
404 2444 429 2480 8
458 2445 570 2492 quod
591 2446 781 2497 semper]
803 2459 1082 2495 quxsaessssssem
1112 2449 1164 2487 T1
1328 2465 1354 2500 9
1384 2454 1498 2502 cyris
1519 2454 1564 2492 K
1727 2457 1873 2497 Italius
1901 2461 1939 2498 T

180 2509 345 2546 quoque
362 2510 445 2535 om.
459 2497 618 2549 K(n0n
635 2500 698 2550 Α)
790 2513 839 2538 10
858 2514 954 2550 pop.
974 2508 1015 2541 et
1030 2515 1118 2551 reg.
1135 2504 1221 2553 inp.
1245 2512 1346 2544 sunt
1367 2506 1412 2544 K
1496 2522 1540 2546 11
1566 2523 1660 2548 nam
1682 2525 1762 2552 om.
1788 2513 1834 2550 K
1853 2515 1931 2565 (T1

181 2563 219 2590 n.
245 2551 271 2590 l.
292 2565 300 2588 z
332 2565 427 2589 nam
456 2551 508 2590 ΤὮ
527 2553 570 2590 in
593 2556 700 2606 νας.)
813 2555 865 2593 ab
885 2556 936 2594 ab
963 2557 1010 2596 It.
1039 2557 1076 2595 T
1185 2572 1232 2596 12
1254 2573 1375 2609 cogn.
1398 2576 1480 2602 om.
1506 2563 1671 2604 K<non
1691 2567 1756 2620 A)
1857 2569 1927 2617 qui

181 2610 222 2642 et
240 2604 320 2643 Sic.
338 2605 381 2644 id
399 2612 464 2644 est
483 2607 610 2657 <idem
628 2614 670 2646 et
684 2608 743 2660 Β)
758 2609 871 2648 Sicil.
889 2610 1000 2648 BK:
1031 2612 1143 2650 idem
1161 2613 1249 2663 (ide
1265 2614 1325 2666 D)
1342 2622 1384 2654 et
1403 2617 1518 2658 sicil.
1536 2618 1658 2658 CDT
1768 2634 1814 2670 13
1845 2636 1927 2671 gen

181 2672 279 2699 corr.
298 2673 404 2709 gens
423 2661 461 2699 T
569 2675 616 2711 14
639 2663 747 2713 θυσ.]
765 2664 949 2703 tissiazin
967 2666 1075 2717 (-im,
1094 2666 1230 2719 ticci-)
1249 2670 1360 2710 codd.
1467 2685 1602 2721 genus
1622 2674 1659 2712 T
1768 2689 1814 2724 15
1847 2691 1928 2727 qua

179 2713 291 2763 App.
314 2714 352 2752 T
458 2718 507 2753 16
537 2729 588 2754 eo
602 2729 685 2765 quo
703 2718 752 2756 C1
868 2732 914 2768 17
947 2728 989 2758 et
1006 2721 1058 2758 ob
1074 2722 1155 2760 hoc
1170 2722 1262 2762 hab.
1281 2724 1490 2776 BDK(cf.
1508 2727 1623 2769 XIV.
1642 2742 1699 2768 1v.
1717 2729 1786 2782 21)
1803 2745 1811 2769 :
1843 2745 1924 2772 om.

182 2767 259 2806 CT
360 2770 407 2806 18
430 2770 689 2817 dictilssnon
700 2771 761 2823 A)
867 2775 964 2823 quia
979 2789 1099 2814 usum
1113 2790 1162 2814 ex
1172 2778 1269 2826 quia
1282 2791 1372 2816 sum
1385 2779 1540 2833 K(non
1552 2782 1616 2834 A)
1734 2797 1781 2834 19
1803 2798 1926 2834 quem

177 2829 405 2871 propterea
427 2824 550 2864 Rom.
576 2824 622 2862 K
638 2825 741 2869 (non
761 2826 826 2879 A)
970 2843 1024 2868 20
1055 2832 1213 2883 Oscos]
1238 2845 1361 2872 uscos
1388 2834 1450 2874 T:
1480 2842 1626 2876 tuscos
1647 2837 1755 2879 BK:
1785 2853 1868 2881 om.
1894 2842 1930 2880 C

176 2889 223 2913 21
255 2875 372 2930 'O‹p.]
395 2886 551 2928 οφεκοις
570 2878 658 2916 ΒΚ
673 2894 682 2918 :
711 2883 851 2919 οθσκυς
869 2881 943 2922 C1:
975 2892 1110 2934 οφικυς
1133 2886 1219 2936 <vix
1229 2889 1393 2940 οφσκυς)
1424 2890 1485 2930 T:
1514 2893 1584 2930 vix
1602 2891 1786 2939 Ὀπικούς
1804 2897 1924 2944 quasi

173 2929 360 2980 Ὀφικούς
380 2932 470 2984 (sed
484 2934 528 2982 cf.
548 2934 659 2974 codd.
682 2934 819 2974 Servii
832 2937 892 2975 ad
905 2937 1012 2978 Aen.
1037 2953 1076 2989 7,
1099 2940 1196 2993 730)
1326 2956 1378 2992 23
1410 2944 1534 2986 Alex.
1557 2977 1565 2986 .
1589 2978 1597 2987 .
1625 2977 1634 2987 .
1685 2947 1816 2990 dictos
1829 2955 1929 3002 post

176 2983 246 3023 IV.
265 2997 340 3026 vn.
360 3000 413 3036 34
433 2986 523 3026 hah.
554 2988 633 3026 TU
635 2989 675 3027 V
686 3003 694 3028 ε
725 3001 807 3031 om.
825 2990 1041 3048 BCKMffi
1060 2995 1160 3033 Huc
1177 2995 1410 3038 dubitanter
1439 3002 1639 3040 transtuli
1764 3026 1770 3029 -

967 3096 1108 3129 Aa2
