2176 3424
493 119 766 167 ISIDORI
808 119 1443 167 ETVMOLOGIARVM
1482 120 1611 166 LIB.
1652 121 1822 167 XVII.
1861 119 1906 166 xi

325 251 514 298 σέλινον
560 248 691 297 enim
742 249 931 298 Graece
977 249 1146 311 apium
1193 247 1385 297 dicitur.
1458 250 1556 298 Sed
1605 258 1678 298 est
1725 266 1973 299 summum
2016 266 2074 298 ac

325 330 582 395 probabile
639 329 1044 389 Macedonicum,
1102 337 1246 392 gustu
1294 345 1443 379 suave
1491 339 1539 379 et
1587 332 1741 381 odore
1786 331 2070 381 aromatico

272 425 302 472 3
328 413 698 478 Hipposelinon
734 412 921 462 dictum
961 413 1098 475 quod
1135 411 1197 461 sit
1235 413 1411 461 durum
1452 421 1500 462 et
1535 421 1799 463 austerum.
1875 414 2074 464 Oleose-

268 514 301 560 4
325 495 477 556 linon,
507 496 644 558 quod
670 496 866 544 mollius
892 495 1010 542 folio
1035 502 1083 543 et
1107 495 1248 543 caule
1280 502 1518 544 tenerum.
1593 495 1884 545 Feniculum
1911 495 2075 545 Latini

326 586 505 627 vocant
543 578 679 640 quod
713 576 817 626 eius
850 575 1002 639 thyrsi
1027 592 1113 625 seu
1147 575 1322 625 radicis
1353 593 1499 625 sucus
1524 586 1668 625 acuat
1693 576 1882 626 visum:
1936 576 2075 626 cuius
2099 595 2120 634 5

326 662 475 709 virtus
509 658 716 708 traditur
741 667 795 707 ut
830 666 1081 721 serpentes
1113 674 1330 706 annuam
1358 667 1665 707 senectutem
1693 658 1798 707 eius
1823 668 1968 722 gustu
1995 661 2076 708 de—

272 750 302 799 5
325 750 528 805 ponant.
605 743 722 789 Hoc
756 742 864 789 olus
891 739 1069 790 Graeci
1095 741 1334 804 μάραθρον
1357 749 1550 790 vocant.
1627 742 1930 804 Ligusticum
1956 759 1986 790 a
2009 759 2077 791 re—

325 820 472 884 gione
509 836 693 869 nomen
731 818 934 883 accepit.
1011 818 1243 868 Nascitur
1285 818 1416 868 enim
1460 819 1723 882 plurimum
1770 819 1821 868 in
1865 819 2074 884 Liguria,

266 905 300 951 6
327 903 481 951 odore
517 900 787 951 aromatico
825 911 872 951 et
909 910 1054 965 gustu
1097 902 1210 950 acri.
1288 900 1501 965 ’Άνησον
1537 901 1715 951 Graeci
1751 903 1923 951 dicunt
1959 901 2074 962 sive,

279 1013 285 1019 ·
326 993 379 1033 ut
418 983 595 1045 Latini,
634 1000 854 1044 anesum,
894 983 1048 1032 herba
1084 982 1317 1032 omnibus
1353 982 1562 1047 cognita,
1601 982 1837 1033 acerrime
1869 985 2074 1044 fervens,
2103 1003 2152 1032 10

273 1081 302 1130 7
326 1065 586 1114 mictualis.
671 1067 941 1114 Anethum.
1029 1064 1314 1130 Cyminum.
1402 1064 1730 1115 Coriandrum
1780 1082 1837 1115 ex
1885 1067 2078 1115 Graeco

326 1147 529 1196 nomine
566 1156 832 1212 sumptum,
879 1147 1016 1210 quod
1059 1146 1127 1194 illi
1171 1147 1325 1210 κόριον
1360 1155 1552 1195 vocant.
1628 1146 1783 1197 Cuius
1820 1163 1989 1195 semen
2026 1146 2076 1195 in

327 1230 473 1278 dulce
521 1228 636 1277 vino
685 1230 857 1277 datum
905 1227 1158 1291 proniores
1207 1228 1368 1277 reddit
1417 1227 1466 1275 in
1514 1230 1793 1289 Venerem3
1851 1229 1890 1277 si
1934 1245 2080 1292 supra

328 1312 533 1360 modum
569 1310 780 1369 dederis,
808 1309 1077 1359 amentiam
1104 1308 1269 1358 nutrit.
1345 1311 1511 1359 Canos
1541 1311 1687 1358 etiam
1727 1327 1786 1359 ex
1818 1309 2077 1359 coriandro

272 1393 302 1439 8
327 1391 460 1441 infici
503 1392 735 1441 traditum
777 1401 864 1441 est.
937 1392 1267 1441 Abrotanum.
1317 1391 1687 1442 ·Caerefolium.
1776 1394 1908 1440 Ruta
1947 1391 2080 1441 dicta
2105 1411 2151 1452 15

328 1476 465 1538 quod
509 1476 570 1523 sit
611 1473 982 1524 ferventissima.
1055 1473 1212 1524 Cuius
1260 1474 1411 1522 altera
1457 1474 1658 1536 agrestis
1707 1482 1856 1536 atque
1903 1472 2079 1522 virtute

327 1555 513 1617 acrior3
552 1557 639 1605 sed
666 1564 872 1619 utraque
900 1554 1287 1604 ferventissimae
1307 1555 1687 1617 conprobantur.
1766 1557 1914 1603 Hanc
1939 1572 2080 1604 vene—

328 1638 404 1687 nis
429 1655 701 1702 repugnare
734 1639 974 1686 mustelae
1007 1639 1204 1698 docent,
1233 1653 1360 1700 quae
1393 1638 1514 1686 dum
1548 1653 1660 1685 cum
1689 1645 1915 1700 serpente
1941 1636 2081 1686 dimi-

270 1730 304 1776 9
329 1720 559 1780 caverint,
605 1720 718 1769 cibo
760 1721 864 1769 eius
912 1728 1176 1769 armantur.
1256 1718 1429 1768 Salvia.
1506 1720 1665 1779 Inula,
1715 1735 1864 1782 quarn
1912 1718 2080 1768 rustici

326 1804 455 1852 alam
473 1811 666 1863 vocant,
684 1801 849 1851 radice
867 1801 1147 1861 aromatica,
1167 1800 1332 1850 odoris
1350 1800 1528 1849 summi
1548 1817 1662 1849 cum
1682 1800 1776 1850 levi
1794 1799 2078 1850 acrimonia.
2104 1821 2153 1848 20

330 1887 384 1933 M
391 1894 535 1946 enta3
570 1884 716 1933 huius
741 1900 920 1948 genera
945 1900 1041 1933 sex.

390 2028 407 2054 1
438 2015 548 2067 σελ.]
570 2016 749 2055 silenum
774 2015 889 2066 (-lin-
912 2015 973 2068 D)
996 2014 1108 2054 codd.
1220 2014 1295 2053 sed
1310 2026 1392 2054 om.
1411 2012 1458 2051 K
1619 2024 1644 2061 3
1678 2012 1955 2063 Ipposilenon
1968 2011 2079 2053 codd.

332 2070 479 2121 (Inpo-
500 2071 561 2122 D)
703 2070 980 2110 Oleosilenon
1003 2069 1120 2108 DK:
1153 2069 1471 2108 Oleumsilenon
1500 2067 1538 2106 T
1729 2081 1754 2117 4
1783 2067 1948 2106 mollior
1966 2066 2077 2106 codd.

331 2138 355 2175 5
387 2125 499 2177 eius]
520 2132 585 2165 est
604 2125 650 2164 K
785 2138 861 2164 seu
881 2126 995 2175 quod
1016 2125 1103 2164 rad.
1127 2123 1174 2162 K
1318 2124 1393 2163 vis.
1415 2123 1548 2162 oculis
1567 2137 1631 2162 cu.
1655 2123 1699 2161 D
1862 2124 1888 2160 6
1917 2135 2080 2161 annuas

332 2186 553 2219 senectute
592 2180 636 2218 D
789 2180 972 2230 deponat
1010 2179 1054 2218 D
1260 2190 1282 2226 7
1314 2177 1585 2228 Legusticum
1633 2176 1694 2216 T:
1743 2176 1998 2215 Licusticum
2036 2176 2080 2214 D

332 2237 357 2273 8
387 2235 534 2274 licoria
553 2235 598 2274 D
780 2248 806 2284 9
835 2235 945 2274 acris
973 2233 1032 2272 T:
1062 2233 1176 2282 agris
1198 2232 1289 2271 DK
1425 2233 1505 2272 dic.
1529 2233 1600 2272 Gr.
1625 2231 1695 2270 K:
1724 2244 1850 2281 grece
1870 2236 1915 2269 ut
1935 2231 2014 2270 dic.
2035 2230 2080 2268 D

337 2303 386 2329 10
415 2291 544 2329 latine
590 2289 628 2328 T
814 2294 994 2338 cognata
1032 2287 1093 2326 K1
1317 2300 1362 2326 11
1395 2286 1646 2326 Amictualis
1689 2288 1799 2333 (nov.
1839 2285 1997 2331 lenam.)
2037 2285 2082 2323 K

331 2345 516 2383 Anetum
550 2343 662 2384 codd.
822 2344 904 2384 An.
940 2345 1043 2383 erba
1073 2342 1269 2382 ortulane
1304 2342 1529 2383 odorifera.
1565 2342 1644 2392 Cy.
1687 2340 1724 2379 T
1866 2340 2077 2379 Ciminum

333 2399 405 2438 K:
435 2398 681 2448 Quiminum
703 2397 791 2437 DT
1034 2398 1131 2438 Cor.
1156 2410 1259 2447 ergo
1279 2411 1349 2437 no.
1373 2402 1437 2435 est
1458 2410 1521 2437 su.
1551 2396 1613 2435 T:
1643 2396 1740 2435 Cor.
1763 2408 1818 2434 ex
1837 2407 1898 2444 gr.
1924 2407 2079 2433 nomen

332 2468 395 2496 su.
418 2453 462 2492 D
633 2466 679 2491 12
711 2453 856 2492 corion
886 2453 944 2492 T:
973 2453 1115 2492 corian
1137 2451 1229 2490 DK
1406 2463 1453 2501 13
1484 2451 1594 2491 dulci
1616 2450 1662 2488 K
1830 2450 1978 2488 reddet
1997 2449 2086 2487 KT

335 2522 382 2559 15
414 2508 530 2548 infici
550 2508 660 2547 DT:
691 2508 782 2546 fieri
803 2507 848 2546 K
1105 2506 1375 2558 Aprotanum
1399 2505 1437 2543 T
1690 2503 1945 2543 Cerefolium
1966 2503 2077 2543 codd.

337 2577 383 2614 17
414 2563 728 2602 ferventissima
749 2562 795 2600 K
962 2564 1011 2601 18
1042 2574 1138 2600 cum
1159 2575 1244 2601 om.
1267 2560 1311 2599 D
1477 2572 1526 2609 19
1555 2559 1735 2598 Enulam
1756 2558 1827 2596 K:
1859 2558 2016 2597 inulam
2038 2558 2081 2596 D

333 2631 382 2657 21
414 2617 562 2670 huius]
584 2618 679 2657 hius
698 2617 742 2657 D
