2176 3424
1043 138 1315 186 ISIDORI

298 274 485 326 terrae,
521 267 608 315 sed
645 282 808 329 neque
845 268 941 315 hoc
977 268 1076 315 ulla
1108 266 1338 316 historiae
1375 266 1655 331 cognitione
1691 269 1926 329 firmatur,
1962 268 2049 316 sed

187 362 274 409 134
297 348 394 396 hoc
419 357 595 411 poetae
622 348 762 410 quasi
787 348 1132 398 ratiocinando
1149 349 1444 398 coniectant.
1502 349 1705 398 Titanas
1722 358 1887 398 autem
1907 365 2050 412 quos-

298 431 414 478 dam
451 429 501 477 in
538 429 747 479 Graecia
785 432 945 479 ferunt
982 430 1131 479 fuisse
1168 431 1398 480 robustos
1434 441 1482 479 et
1531 432 1825 481 excellentes
1867 429 2050 478 viribus

298 513 521 575 populos,
551 529 676 574 quos
702 513 863 560 ferunt
888 513 1084 562 fabulae
1108 512 1171 561 ab
1196 511 1318 561 irata
1349 521 1522 561 contra
1554 514 1675 561 deos
1709 521 1834 560 terra
1858 513 1922 560 ad
1947 510 2051 559 eius

187 601 275 649 135
298 593 538 642 ultionem
576 603 779 643 creatos.
851 596 1001 643 Vnde
1033 604 1082 644 et
1115 595 1319 644 Titanes
1353 594 1473 643 dicti
1506 603 1620 643 sunt
1653 596 1744 642 ἀπὸ
1767 597 1850 657 τῆς
1872 595 2047 655 τίσεως,
2075 609 2096 648 5

297 674 347 724 id
374 685 447 724 est
471 675 535 723 ab
562 675 763 736 ultione,
793 677 929 739 quod
955 676 1095 740 quasi
1120 676 1433 725 ulciscendae
1454 676 1619 725 matris
1636 678 1816 725 Terrae
1837 693 1983 725 causa
2003 674 2052 723 in

298 759 419 806 deos
445 757 617 806 armati
644 757 919 818 existerent,
948 775 1073 821 quos
1099 759 1294 807 fabulae
1318 776 1348 807 a
1374 760 1494 807 Iove
1529 759 1659 807 bello
1689 757 1836 807 fuisse
1863 774 2053 821 supera-

296 849 372 887 tos
389 847 539 902 atque
558 838 800 888 extinctos
821 841 1025 903 fingunt,
1044 849 1243 903 propter
1259 841 1394 903 quod
1415 857 1442 889 e
1458 841 1594 889 caelo
1611 839 1748 888 iactis
1765 839 2054 888 fulminibus

295 921 597 970 interierunt.

210 1009 272 1047 ΙΙΙ
436 1004 518 1050 DE
551 1018 743 1052 REGN1s
782 1019 1132 1061 MILITIAEQVE
1166 1018 1463 1053 VOCABVLrs.
1538 1005 1769 1066 Regnum
1800 1020 1828 1050 a
1861 1002 2055 1066 regibus
2081 1020 2129 1048 10

301 1086 507 1134 dictum.
581 1088 711 1134 Nam
740 1085 865 1134 sicut
890 1103 1026 1150 reges
1052 1103 1081 1134 a
1106 1087 1323 1149 regendo
1348 1083 1523 1144 vocati,
1552 1084 1619 1132 ita
1647 1101 1851 1148 regnum
1881 1102 1910 1132 a
1939 1084 2056 1148 regi-

250 1175 279 1209 2
302 1168 406 1216 bus.
506 1170 736 1230 Regnum
786 1167 1042 1217 universae
1089 1167 1314 1216 nationes
1351 1166 1450 1215 suis
1488 1183 1714 1230 quaeque
1749 1167 2054 1230 temporibus

301 1250 593 1308 habuerunt,
623 1260 676 1297 ut
706 1249 906 1312 Assyrii,
942 1249 1096 1310 Medi,
1134 1253 1325 1310 Persae,
1353 1248 1597 1312 Aegyptii,
1625 1247 1815 1307 Graeci,
1844 1264 2054 1310 quorum

301 1333 431 1380 vices
452 1348 555 1380 sors
576 1341 857 1395 temporum
879 1331 946 1379 ita
966 1331 1202 1380 volutavit
1222 1340 1275 1380 ut
1294 1333 1501 1380 alterum
1521 1330 1584 1379 ab
1599 1332 1752 1379 altero
1773 1332 2052 1379 solveretur.

303 1416 438 1462 Inter
474 1412 642 1462 omnia
677 1422 843 1462 autem
882 1430 1032 1476 regna
1062 1424 1296 1462 terrarum
1330 1415 1432 1461 duo
1461 1429 1609 1476 regna
1640 1411 1813 1460 ceteris
1842 1410 2054 1475 gloriosa
2080 1430 2126 1470 15

302 1497 588 1543 traduntur:
628 1494 939 1558 Assyriorum
970 1495 1198 1558 primum,
1238 1494 1422 1544 deinde
1456 1498 1814 1552 Romanorum,
1847 1502 1900 1541 ut
1935 1501 2055 1540 tem-

249 1595 278 1641 3
302 1576 519 1639 poribus,
548 1586 596 1625 et
628 1576 750 1625 locis
780 1576 905 1625 inter
934 1594 986 1625 se
1016 1577 1241 1626 ordinata
1274 1586 1422 1640 atque
1456 1563 1700 1625 distincta.
1773 1577 1903 1622 Nam
1930 1573 2055 1623 sicut

302 1659 423 1707 illud
449 1658 581 1723 prius
609 1669 656 1707 et
673 1660 768 1708 hoc
789 1658 1045 1722 posterius,
1066 1659 1132 1707 ita
1150 1659 1272 1708 illud
1292 1659 1341 1706 in
1369 1660 1570 1718 oriente,
1599 1660 1694 1707 hoc
1720 1657 1770 1705 in
1795 1656 2054 1706 occidente

302 1751 525 1790 exortum
553 1750 626 1789 est
649 1760 657 1789 z
686 1741 901 1804 denique
922 1741 973 1788 in
994 1740 1121 1789 illius
1148 1743 1246 1789 fine
1272 1741 1417 1789 huius
1444 1740 1636 1789 initium
1664 1738 1923 1788 confestim
1950 1737 2054 1786 fuit.

306 1826 480 1887 Regna
496 1832 658 1872 cetera
677 1823 925 1886 ceterique
945 1840 1081 1886 reges
1101 1825 1235 1871 velut
1250 1822 1552 1886 adpendices
1572 1822 1777 1870 istorum
1794 1820 2054 1868 habentur.
2081 1841 2130 1868 20

249 1920 280 1965 4
308 1908 468 1969 Reges
501 1922 530 1953 a
563 1906 780 1969 regendo
805 1904 978 1953 vocati.
1053 1906 1190 1953 Sicut
1222 1906 1354 1952 enim
1393 1905 1621 1952 sacerdos
1653 1920 1682 1951 a
1715 1902 2052 1962 sacrificando,

303 1987 369 2036 ita
394 1998 442 2036 et
467 2004 549 2036 rex
573 2004 602 2034 a
626 1987 856 2050 regendo.
914 1988 1032 2034 Non
1057 1995 1222 2034 autern
1247 1985 1382 2049 regit,
1406 1985 1489 2049 qui
1514 2003 1618 2034 non
1637 1983 1845 2047 corrigit.
1897 1985 2054 2032 Recte

303 2068 446 2133 igitur
470 2068 699 2117 faciendo
724 2069 848 2131 regis
874 2085 1060 2116 nomen
1085 2076 1291 2127 tenetur,
1320 2068 1577 2130 peccando
1602 2067 1851 2115 amittitur.
1907 2066 2055 2113 Vnde

303 2161 350 2200 et
375 2153 509 2214 apud
529 2160 716 2199 veteres
741 2152 837 2198 tale
863 2159 965 2198 erat
990 2149 1303 2213 proverbium
1325 2168 1334 2197 ι
1365 2154 1375 2174 ‘
1394 2151 1502 2198 Rex
1527 2148 1633 2208 eriS,
1657 2148 1696 2197 si
1721 2157 1852 2197 recte
1876 2147 2024 2196 facias
2044 2167 2053 2196 z

252 2252 282 2300 5
305 2233 344 2281 si
392 2250 495 2281 non
542 2232 705 2292 facias,
747 2249 850 2280 non
888 2231 1010 2280 eris.’
1083 2231 1270 2295 Regiae
1318 2231 1520 2280 virtutes
1557 2230 1849 2294 praecipuae
1897 2231 2052 2279 duae:
2080 2245 2128 2286 25

302 2314 484 2363 iustitia
509 2323 556 2363 et
583 2313 753 2377 pietas.
828 2316 943 2362 Plus
973 2323 1138 2362 autem
1164 2313 1215 2362 in
1240 2313 1436 2377 regibus
1470 2313 1695 2362 laudatur
1718 2312 1903 2377 pietas;
1939 2329 2054 2361 narn

246 2407 280 2454 6
303 2395 486 2444 iustitia
520 2413 607 2459 per
643 2412 696 2445 se
733 2413 900 2444 severa
936 2405 1024 2444 est.
1113 2395 1357 2446 Consules
1394 2395 1628 2458 appellati
1663 2412 1693 2442 a
1729 2395 2052 2454 consulendo,

303 2477 428 2526 sicut
453 2494 589 2541 reges
615 2495 643 2526 a
668 2479 901 2541 regendo,
930 2479 1056 2526 sicut
1080 2479 1211 2541 leges
1230 2494 1260 2525 a
1278 2477 1504 2539 legendo.
1556 2478 1687 2524 Nam
1705 2492 1818 2524 curn
1837 2475 2055 2524 Romani

361 2621 378 2646 1
410 2609 525 2646 nulla
546 2609 585 2648 h.
609 2622 643 2648 c.
670 2609 890 2647 firmantur
913 2609 963 2647 C1
1130 2621 1155 2656 3
1185 2607 1377 2646 robustas
1397 2606 1452 2644 Βι
1637 2620 1662 2655 4
1692 2606 1764 2658 ab]
1789 2607 1843 2644 ob
1866 2605 1912 2644 K
1928 2607 2050 2658 (fort.

303 2663 415 2712 recte)
494 2664 546 2700 ad
563 2677 647 2702 om.
670 2663 720 2702 C1
811 2666 837 2701 6
858 2663 1102 2701 ulciscendo
1123 2662 1160 2700 T
1250 2675 1270 2710 7
1293 2662 1525 2700 extiterent
1545 2660 1594 2698 Tl
1610 2659 1713 2711 (pro
1735 2667 1850 2700 -runt
1864 2663 1894 2712 3)
1985 2662 2010 2698 8
2031 2674 2055 2699 e

301 2718 380 2757 BC
399 2734 407 2756 ε
428 2719 481 2756 de
497 2717 567 2755 K:
589 2730 671 2756 om.
698 2718 736 2756 T
821 2731 847 2767 9
866 2718 1108 2756 interierint
1129 2715 1189 2754 Kl
1285 2729 1333 2754 12
1355 2717 1535 2765 quisque
1556 2714 1649 2754 ΚΟ
1737 2728 1785 2765 13
1811 2715 1926 2765 persi
1943 2715 2052 2754 codd.

306 2786 353 2822 14
373 2778 502 2822 temp.
524 2772 717 2810 volitavit
745 2773 783 2811 T
905 2784 951 2820 15
972 2777 1113 2811 autem
1134 2785 1216 2810 om.
1239 2769 1287 2809 K
1409 2771 1491 2809 duo
1511 2783 1594 2808 om.
1619 2768 1666 2808 K
1774 2772 1823 2807 16
1842 2769 1906 2808 vel
1919 2770 2054 2820 primo

303 2828 369 2879 ut]
387 2833 458 2866 aut
487 2827 524 2865 T
539 2830 654 2876 (corr.
687 2827 784 2878 T23)
900 2839 946 2876 17
970 2826 1032 2877 et]
1056 2827 1114 2865 ita
1131 2825 1330 2865 Schwarz
1438 2825 1534 2865 dist.
1558 2830 1658 2863 sunt
1681 2824 1716 2863 C
1804 2825 1911 2863 sicut
1931 2830 1975 2863 et
1993 2824 2051 2862 ill.

305 2881 351 2920 K
461 2882 510 2920 18
531 2894 591 2921 or.
616 2887 659 2920 et
679 2882 759 2919 hoc
789 2882 838 2921 12
943 2895 992 2931 19
1014 2883 1109 2920 den.
1133 2881 1189 2920 ill.
1215 2880 1250 2918 C
1328 2880 1551 2919 confestim
1567 2893 1653 2919 om.
1676 2879 1727 2917 Tl
1809 2878 1887 2917 fuit
1902 2884 1947 2916 ut
1963 2891 2052 2928 reg.

306 2936 355 2975 Cl
466 2949 515 2975 21
538 2936 842 2976 sanctificando
859 2936 938 2975 BC
943 2936 981 2974 T
1083 2949 1135 2985 24
1155 2936 1190 2973 si
1208 2940 1322 2973 recta
1341 2935 1379 2973 T
1455 2933 1572 2973 ficias
1585 2933 1626 2972 Β
1643 2947 1652 2972 :
1671 2933 1799 2972 facies
1814 2933 1856 2971 A
1875 2933 1979 2984 (non
1991 2933 2053 2980 D)
2167 2946 2176 2970 ε

303 3003 355 3040 25
375 2991 506 3030 facies
521 2990 649 3030 ΑΒΕ
662 2989 764 3043 (non
778 2991 842 3043 D)
954 2992 1009 3029 26
1026 2990 1120 3041 plus
1141 3019 1151 3029 .
1176 3019 1185 3028 .
1213 3020 1221 3028 .
1243 2989 1380 3038 pietas
1394 3001 1476 3029 om.
1490 2988 1530 3027 Β
1622 3001 1673 3037 27
1695 3000 1773 3038 per
1787 3000 1835 3026 se
1847 3000 1949 3026 vera
1965 2986 2062 3027 C1T
2151 2974 2176 3024 ‘l

305 3048 357 3084 28
387 3046 492 3085 sicut
514 3074 524 3084 .
551 3076 558 3084 .
581 3076 590 3086 .
616 3046 803 3095 regendo
823 3058 906 3086 om.
929 3044 976 3083 K
991 3045 1094 3096 (non
1114 3045 1178 3096 A)
1302 3044 1409 3082 sicut
1426 3073 1434 3083 .
1460 3073 1469 3082 .
1493 3073 1500 3082 .
1532 3043 1710 3092 legendo
1731 3054 1811 3082 om.
1843 3041 1894 3080 Tl
