2228 3444
1037 152 1310 201 ISIDORI

233 294 267 340 9
294 282 627 346 Epanaphora
661 290 733 330 est
767 282 818 329 in
853 298 954 330 uno
989 298 1130 330 versu
1166 298 1252 345 per
1285 280 1526 345 principia
1559 298 1794 331 sensuum
1830 281 2052 332 eiusdem

290 364 424 413 verbi
452 364 691 428 repetitio,
720 372 773 412 ut
798 363 954 429 (Virg.
975 366 1099 414 Aen.
1125 377 1164 424 7,
1189 362 1305 428 759)
1328 383 1336 413 :

517 450 592 495 Te
630 463 807 495 nemus
846 445 1126 508 Anguitiae,
1168 445 1320 495 vitrea
1358 454 1406 495 te
1445 444 1661 494 Focinus
1699 447 1850 505 unda,

517 538 565 577 te
601 528 775 592 liquidi
813 530 989 578 flevere
1026 530 1176 577 lacus.

208 627 269 662 10
296 611 555 675 Epizeuxis
574 611 624 659 in
640 628 741 659 uno
758 627 905 660 sensu
923 610 1290 674 congeminatio
1306 609 1455 670 verbi,
1476 618 1529 659 ut
1547 609 1702 675 (Virg.
1716 611 1839 658 Aen.
1854 626 1898 671 4,
1914 609 2053 675 660):
2084 629 2106 671 5

756 693 837 742 Sic
874 693 943 742 sic
980 692 1113 742 iuvat
1149 692 1217 742 ire
1254 710 1339 756 per
1375 692 1589 741 umbras.

222 789 270 821 11
295 775 674 840 Epanalempsis
695 784 769 824 est
795 775 1034 825 sermonis
1062 774 1111 823 in
1131 774 1374 838 principio
1394 790 1561 823 versus
1587 773 1735 838 positi
1756 773 1979 824 eiusdem
2006 773 2055 823 in

294 857 393 903 fine
419 854 687 918 replicatio,
715 863 768 902 ut
794 863 866 903 est
894 854 1016 902 illud
1041 852 1239 918 (Juven.
1266 870 1339 913 14,
1365 852 1480 917 139)
1503 872 1512 901 :
2122 847 2126 850 ⁴

433 936 622 987 Crescit
658 953 798 986 amor
835 935 1025 985 nummi
1064 945 1305 999 quantum
1344 935 1450 999 ipsa
1486 934 1697 999 pecunia
1733 934 1920 985 crescit.

218 1038 273 1072 12
297 1019 652 1070 Paronomasia
669 1029 741 1068 est
759 1020 809 1067 in
826 1018 1186 1083 significatione
1202 1018 1394 1068 diversa
1410 1017 1563 1067 dictio
1572 1034 1701 1081 pene
1711 1017 1829 1080 ipsa,
1843 1017 2028 1066 utillud
2047 1037 2057 1067 t
2088 1038 2135 1066 ιο

300 1101 480 1151 ‘Abire
513 1119 576 1150 an
620 1101 757 1150 obire
800 1111 848 1150 te
890 1100 1186 1151 convenit?'
1231 1100 1281 1150 id
1325 1109 1397 1149 est
1434 1101 1627 1150 exulem
1664 1099 1780 1159 fieri,
1820 1117 1883 1148 an
1918 1099 2055 1148 mori.

219 1201 273 1247 13
299 1184 494 1233 Schesis
521 1193 795 1234 onomaton
829 1183 1097 1234 multitudo
1129 1185 1389 1232 nominum
1425 1181 1805 1231 coniunctorum
1839 1183 2056 1246 quodam

296 1266 486 1315 ambitu
513 1269 756 1330 copulata,
785 1276 837 1315 ut
859 1286 867 1315 z

520 1348 719 1407 Nubila,
760 1348 855 1408 nix,
894 1349 1098 1411 grando,
1138 1348 1396 1411 procellae,
1435 1346 1654 1406 fulmina,
1693 1345 1840 1395 venti.

219 1439 273 1485 14
300 1433 611 1479 Paromoeon
638 1439 710 1479 est
730 1430 999 1479 multitudo
1024 1429 1287 1478 verborum
1309 1445 1366 1477 ex
1392 1445 1490 1477 una
1515 1427 1674 1477 littera
1700 1426 2054 1488 inchoantium,
2089 1445 2132 1484 15

299 1515 445 1577 quale
472 1522 544 1562 est
571 1514 704 1576 apud
733 1512 950 1561 Ennium
979 1511 1132 1576 (Ann.
1161 1510 1303 1577 109):

568 1597 613 1645 O
652 1595 766 1644 Tite
803 1604 906 1644 tute
944 1594 1057 1643 Tati
1095 1593 1183 1642 tibi
1222 1602 1358 1642 tanta
1394 1603 1598 1657 tyranne
1636 1592 1801 1642 tulisti.

299 1679 397 1726 Sed
417 1678 546 1726 bene
566 1678 663 1727 hoc
684 1685 923 1740 temperat
944 1676 1189 1740 Virgilius,
1213 1677 1333 1724 dum
1355 1692 1456 1724 non
1477 1684 1582 1725 toto
1602 1692 1742 1724 versu
1763 1674 1911 1724 utitur
1931 1676 2059 1723 hanc

298 1762 517 1822 figuram,
546 1769 599 1808 ut
627 1759 833 1820 Ennius,
864 1761 950 1809 sed
977 1776 1109 1807 nunc
1136 1758 1185 1806 in
1211 1757 1454 1822 principio
1480 1774 1646 1807 versus
1671 1766 1882 1818 tantum,
1907 1766 1961 1806 ut
1987 1765 2060 1806 est

300 1843 420 1891 illud
449 1842 595 1905 (Aen.
623 1861 660 1902 1,
687 1842 834 1907 295):
2087 1851 2137 1878 20

799 1926 954 1973 Saeva
991 1925 1169 1973 sedens
1209 1940 1356 1987 super
1391 1939 1525 1972 arma
1544 1941 1556 1983 3

301 2023 434 2055 nunc
460 2015 626 2055 autem
653 2006 704 2054 in
731 2007 841 2067 fine,
871 2015 923 2055 ut
952 2006 1098 2071 (Aen.
1119 2022 1162 2068 3,
1189 2007 1303 2068 183)
1326 2023 1334 2054 ε

590 2090 704 2138 Sola
740 2087 862 2136 mihi
897 2090 1018 2137 tales
1055 2104 1197 2136 casus
1236 2087 1516 2137 Cassandra
1546 2085 1775 2136 canebat.

224 2178 278 2228 15
305 2173 722 2233 Homoeoptoton
739 2180 826 2231 est,
856 2187 1010 2234 quum
1038 2169 1248 2233 plurima
1265 2168 1471 2217 nomina
1496 2185 1582 2231 per
1602 2185 1756 2216 unum
1784 2183 1951 2216 casum
1980 2167 2060 2215 de-

301 2252 603 2312 nuntiantur,
633 2261 686 2301 ut
712 2252 833 2301 illud
860 2251 1014 2317 (Virg.
1043 2254 1168 2300 Aen.
1202 2268 1275 2311 12,
1304 2248 1454 2315 903):
2085 2264 2135 2304 25

460 2336 558 2384 Sed
596 2351 759 2398 neque
796 2343 1089 2394 currentem,
1129 2333 1217 2382 sed
1253 2349 1346 2381 nec
1383 2331 1638 2395 cognoscit
1673 2339 1888 2391 euntem,

451 2419 809 2480 tollentemque
847 2434 997 2465 manu
1035 2431 1307 2478 saxumque
1343 2413 1544 2462 inmane
1579 2421 1878 2462 moventem.

219 2499 280 2546 16
307 2501 580 2547 Homoeon
597 2501 817 2548 teleuton
838 2508 925 2557 est,
945 2515 1100 2561 quum
1122 2513 1223 2546 uno
1243 2497 1396 2545 modo
1416 2495 1565 2544 verba
1583 2494 1794 2558 plurima
1810 2492 2059 2553 finiuntur,

228 2592 279 2640 17
305 2590 357 2629 ut
379 2579 504 2645 (Cic.
528 2581 671 2630 Catil.
693 2599 733 2640 2,
759 2580 807 2645 1)
830 2600 837 2628 :
877 2579 1037 2639 ‘abiit,
1061 2578 1287 2638 abcessit,
1311 2577 1477 2636 evasit,
1501 2576 1690 2640 erupit.’
1761 2577 2061 2639 Polyptoton

305 2672 392 2724 est,
422 2679 534 2711 cum
562 2661 766 2712 diversis
792 2661 990 2711 casibus
1017 2659 1262 2710 sententia
1288 2659 1513 2718 variatur,
1542 2668 1595 2707 ut
1623 2657 1776 2722 (Pers.
1796 2674 1839 2720 3,
1861 2656 1976 2723 84):
2088 2672 2139 2711 30

497 2746 584 2792 Ex
620 2744 776 2793 nihilo
812 2743 1036 2802 nihilum,
1075 2744 1139 2792 ad
1174 2741 1384 2792 nihilum
1421 2742 1490 2789 nil
1525 2757 1671 2804 posse
1705 2739 1890 2789 reverti.

360 2889 385 2926 3
417 2881 460 2914 te
479 2874 618 2914 vitrea
640 2874 677 2913 C
811 2886 835 2922 4
865 2874 997 2912 fluere
1024 2872 1060 2910 T
1191 2884 1216 2922 5
1249 2870 1471 2922 Epizeusis
1492 2876 1558 2911 est
1578 2870 1621 2909 in
1641 2867 1684 2907 A
1840 2881 1862 2918 7
1892 2866 2062 2919 Apana-

307 2931 453 2970 lemsis
469 2930 510 2968 A
650 2942 699 2968 10
729 2927 1083 2968 ParanomasiaB
1105 2941 1114 2967 :
1145 2927 1448 2967 Paranamosia
1463 2926 1514 2966 Cl
1536 2941 1546 2966 ε
1576 2923 1829 2964 Paronomia
1850 2922 1889 2962 T
2013 2936 2060 2973 17

307 2985 425 3037 Tati]
448 2991 535 3024 tate
550 2983 680 3023 BTU
867 2995 918 3033 27
950 2995 1076 3022 manu
1104 2981 1158 3023 T:
1190 2982 1233 3021 in
1253 2994 1404 3022 manus
1423 2981 1466 3019 A
1489 2995 1498 3022 :
1526 2981 1570 3020 in
1593 2992 1717 3019 manu
1737 2978 1808 3018 B:
1837 2990 1987 3018 manus
2010 2977 2063 3016 C1

308 3042 360 3080 28
390 3041 568 3091 plurima
589 3053 673 3080 om.
695 3038 736 3078 A
869 3051 919 3088 31
954 3037 1134 3089 reverti]
1156 3037 1296 3077 redire
1323 3036 1362 3076 T
