<?xml version="1.0" encoding="UTF-8"?>
<!DOCTYPE html PUBLIC "-//W3C//DTD XHTML 1.0 Transitional//EN"
    "http://www.w3.org/TR/xhtml1/DTD/xhtml1-transitional.dtd">
<html xmlns="http://www.w3.org/1999/xhtml" xml:lang="en" lang="en">
 <head>
  <title>
</title>
<meta http-equiv="Content-Type" content="text/html;charset=utf-8" />
  <meta name='ocr-system' content='tesseract 3.04.00' />
  <meta name='ocr-capabilities' content='ocr_page ocr_carea ocr_par ocr_line ocrx_word'/>
</head>
<body>
  <div class='ocr_page' id='page_1' title='image "./isidori01isiduoft/isidori01isiduoft_0747.png"; bbox 0 0 2176 3424; ppageno 0'>
   <div class='ocr_carea' id='block_1_1' title="bbox 471 113 1521 162">
    <p class='ocr_par' dir='ltr' id='par_1_1' title="bbox 471 113 1521 162">
     <span class='ocr_line' id='line_1_1' title="bbox 471 113 1521 162; baseline -0.001 -1"><span class='ocrx_word' id='word_1_1' title='bbox 471 113 1101 162; x_wconf 77' lang='lat' dir='ltr'><strong>ETYMOLOGIARVM</strong></span> <span class='ocrx_word' id='word_1_2' title='bbox 1146 114 1271 160; x_wconf 88' lang='lat' dir='ltr'><strong>LIB.</strong></span> <span class='ocrx_word' id='word_1_3' title='bbox 1314 113 1453 160; x_wconf 86' lang='lat' dir='ltr'><strong>XIX.</strong></span> <span class='ocrx_word' id='word_1_4' title='bbox 1494 130 1521 160; x_wconf 84' lang='lat' dir='ltr'>x</span> 
     </span>
    </p>
   </div>
   <div class='ocr_carea' id='block_1_2' title="bbox 49 228 1972 2428">
    <p class='ocr_par' dir='ltr' id='par_1_2' title="bbox 132 228 1972 554">
     <span class='ocr_line' id='line_1_2' title="bbox 137 228 1881 305; baseline -0.002 -13"><span class='ocrx_word' id='word_1_5' title='bbox 137 245 398 303; x_wconf 86' lang='lat' dir='ltr'>haerendo,</span> <span class='ocrx_word' id='word_1_6' title='bbox 438 243 486 290; x_wconf 88' lang='lat' dir='ltr'>in</span> <span class='ocrx_word' id='word_1_7' title='bbox 527 241 735 302; x_wconf 76' lang='lat' dir='ltr'>fabricis,</span> <span class='ocrx_word' id='word_1_8' title='bbox 774 251 826 290; x_wconf 93' lang='lat' dir='ltr'>ut</span> <span class='ocrx_word' id='word_1_9' title='bbox 869 241 1070 304; x_wconf 85' lang='lat' dir='ltr'>quidam</span> <span class='ocrx_word' id='word_1_10' title='bbox 1115 244 1298 290; x_wconf 88' lang='lat' dir='ltr'>volunt.</span> <span class='ocrx_word' id='word_1_11' title='bbox 1373 245 1538 290; x_wconf 90' lang='lat' dir='ltr'>Huius</span> <span class='ocrx_word' id='word_1_12' title='bbox 1576 241 1803 305; x_wconf 88' lang='lat' dir='ltr'>probatio</span> <span class='ocrx_word' id='word_1_13' title='bbox 1833 228 1881 288; x_wconf 47' lang='lat' dir='ltr'>‘si</span> 
     </span>
     <span class='ocr_line' id='line_1_3' title="bbox 134 321 1881 389; baseline -0.003 -15"><span class='ocrx_word' id='word_1_14' title='bbox 134 342 283 374; x_wconf 89' lang='lat' dir='ltr'>manu</span> <span class='ocrx_word' id='word_1_15' title='bbox 310 328 527 389; x_wconf 88' lang='lat' dir='ltr'>inpressa</span> <span class='ocrx_word' id='word_1_16' title='bbox 563 325 746 383; x_wconf 88' lang='lat' dir='ltr'>stridet,</span> <span class='ocrx_word' id='word_1_17' title='bbox 781 332 865 371; x_wconf 89' lang='lat' dir='ltr'>aut</span> <span class='ocrx_word' id='word_1_18' title='bbox 898 323 936 371; x_wconf 90' lang='lat' dir='ltr'>si</span> <span class='ocrx_word' id='word_1_19' title='bbox 963 325 1011 371; x_wconf 91' lang='lat' dir='ltr'>in</span> <span class='ocrx_word' id='word_1_20' title='bbox 1044 333 1230 372; x_wconf 88' lang='lat' dir='ltr'>vestem</span> <span class='ocrx_word' id='word_1_21' title='bbox 1263 322 1528 372; x_wconf 91' lang='lat' dir='ltr'>candidam</span> <span class='ocrx_word' id='word_1_22' title='bbox 1563 339 1727 386; x_wconf 87' lang='lat' dir='ltr'>sparsa</span> <span class='ocrx_word' id='word_1_23' title='bbox 1760 321 1881 369; x_wconf 89' lang='lat' dir='ltr'>nihil</span> 
     </span>
     <span class='ocr_line' id='line_1_4' title="bbox 132 403 1972 468; baseline 0.001 -14"><span class='ocrx_word' id='word_1_24' title='bbox 132 406 289 455; x_wconf 87' lang='lat' dir='ltr'>sordis</span> <span class='ocrx_word' id='word_1_25' title='bbox 331 405 585 468; x_wconf 90' lang='lat' dir='ltr'>relinquat.</span> <span class='ocrx_word' id='word_1_26' title='bbox 671 405 946 454; x_wconf 85' lang='lat' dir='ltr'>Columnae</span> <span class='ocrx_word' id='word_1_27' title='bbox 995 422 1082 468; x_wconf 91' lang='lat' dir='ltr'>pro</span> <span class='ocrx_word' id='word_1_28' title='bbox 1129 404 1438 467; x_wconf 82' lang='lat' dir='ltr'>longitudine</span> <span class='ocrx_word' id='word_1_29' title='bbox 1485 413 1532 453; x_wconf 88' lang='lat' dir='ltr'>et</span> <span class='ocrx_word' id='word_1_30' title='bbox 1580 403 1882 453; x_wconf 86' lang='lat' dir='ltr'>rotunditate</span> <span class='ocrx_word' id='word_1_31' title='bbox 1907 420 1972 455; x_wconf 88' lang='lat'>22</span> 
     </span>
     <span class='ocr_line' id='line_1_5' title="bbox 132 485 1881 554; baseline -0.002 -17"><span class='ocrx_word' id='word_1_32' title='bbox 132 498 348 554; x_wconf 84' lang='lat' dir='ltr'>vocatae,</span> <span class='ocrx_word' id='word_1_33' title='bbox 387 487 437 534; x_wconf 90' lang='lat' dir='ltr'>in</span> <span class='ocrx_word' id='word_1_34' title='bbox 481 486 659 550; x_wconf 89' lang='lat' dir='ltr'>quibus</span> <span class='ocrx_word' id='word_1_35' title='bbox 704 486 852 535; x_wconf 90' lang='lat' dir='ltr'>totius</span> <span class='ocrx_word' id='word_1_36' title='bbox 893 485 1106 535; x_wconf 82' lang='lat' dir='ltr'>fabricae</span> <span class='ocrx_word' id='word_1_37' title='bbox 1142 488 1340 550; x_wconf 91' lang='lat' dir='ltr'>pondus</span> <span class='ocrx_word' id='word_1_38' title='bbox 1377 486 1587 549; x_wconf 89' lang='lat' dir='ltr'>erigitur.</span> <span class='ocrx_word' id='word_1_39' title='bbox 1660 485 1881 547; x_wconf 87' lang='lat' dir='ltr'>Antiqua</span> 
     </span>
    </p>

    <p class='ocr_par' dir='ltr' id='par_1_3' title="bbox 84 558 1924 960">
     <span class='ocr_line' id='line_1_6' title="bbox 84 558 1924 631; baseline -0.002 -13"><span class='ocrx_word' id='word_1_40' title='bbox 84 590 105 629; x_wconf 86' lang='lat'>5</span> <span class='ocrx_word' id='word_1_41' title='bbox 130 572 252 618; x_wconf 91' lang='lat' dir='ltr'>ratio</span> <span class='ocrx_word' id='word_1_42' title='bbox 300 578 401 618; x_wconf 88' lang='lat' dir='ltr'>erat</span> <span class='ocrx_word' id='word_1_43' title='bbox 448 570 790 617; x_wconf 89' lang='lat' dir='ltr'>columnarum</span> <span class='ocrx_word' id='word_1_44' title='bbox 851 567 1121 617; x_wconf 87' lang='lat' dir='ltr'>altitudinis</span> <span class='ocrx_word' id='word_1_45' title='bbox 1177 567 1318 616; x_wconf 88' lang='lat' dir='ltr'>tertia</span> <span class='ocrx_word' id='word_1_46' title='bbox 1376 585 1485 631; x_wconf 87' lang='lat' dir='ltr'>pars</span> <span class='ocrx_word' id='word_1_47' title='bbox 1546 558 1924 616; x_wconf 57' lang='lat' dir='ltr'>latitudinumq&#39;</span> 
     </span>
     <span class='ocr_line' id='line_1_7' title="bbox 129 649 1876 713; baseline -0.002 -12"><span class='ocrx_word' id='word_1_48' title='bbox 129 653 324 701; x_wconf 87' lang='lat' dir='ltr'>Genera</span> <span class='ocrx_word' id='word_1_49' title='bbox 361 653 680 700; x_wconf 87' lang='lat' dir='ltr'>rotundarum</span> <span class='ocrx_word' id='word_1_50' title='bbox 714 659 978 713; x_wconf 88' lang='lat' dir='ltr'>quattuor:</span> <span class='ocrx_word' id='word_1_51' title='bbox 1040 652 1264 710; x_wconf 84' lang='lat' dir='ltr'>Doricae,</span> <span class='ocrx_word' id='word_1_52' title='bbox 1307 652 1522 710; x_wconf 87' lang='lat' dir='ltr'>Ionicae,</span> <span class='ocrx_word' id='word_1_53' title='bbox 1555 649 1876 708; x_wconf 82' lang='lat' dir='ltr'>Tuscanicae,</span> 
     </span>
     <span class='ocr_line' id='line_1_8' title="bbox 128 731 1876 792; baseline -0.002 -9"><span class='ocrx_word' id='word_1_54' title='bbox 128 734 440 792; x_wconf 86' lang='lat' dir='ltr'>Corintheae,</span> <span class='ocrx_word' id='word_1_55' title='bbox 461 749 690 781; x_wconf 89' lang='lat' dir='ltr'>mensura</span> <span class='ocrx_word' id='word_1_56' title='bbox 705 732 1041 781; x_wconf 87' lang='lat' dir='ltr'>crassitudinis</span> <span class='ocrx_word' id='word_1_57' title='bbox 1058 741 1106 781; x_wconf 89' lang='lat' dir='ltr'>et</span> <span class='ocrx_word' id='word_1_58' title='bbox 1123 732 1393 781; x_wconf 85' lang='lat' dir='ltr'>altitudinis</span> <span class='ocrx_word' id='word_1_59' title='bbox 1415 734 1540 780; x_wconf 92' lang='lat' dir='ltr'>inter</span> <span class='ocrx_word' id='word_1_60' title='bbox 1556 749 1607 780; x_wconf 90' lang='lat' dir='ltr'>se</span> <span class='ocrx_word' id='word_1_61' title='bbox 1624 731 1876 780; x_wconf 85' lang='lat' dir='ltr'>distantes.</span> 
     </span>
     <span class='ocr_line' id='line_1_9' title="bbox 129 812 1873 878; baseline -0.001 -15"><span class='ocrx_word' id='word_1_62' title='bbox 129 817 371 877; x_wconf 83' lang='lat' dir='ltr'>Quintum</span> <span class='ocrx_word' id='word_1_63' title='bbox 413 831 566 878; x_wconf 87' lang='lat' dir='ltr'>genus</span> <span class='ocrx_word' id='word_1_64' title='bbox 610 822 682 863; x_wconf 90' lang='lat' dir='ltr'>est</span> <span class='ocrx_word' id='word_1_65' title='bbox 721 830 889 862; x_wconf 86' lang='lat' dir='ltr'>earum</span> <span class='ocrx_word' id='word_1_66' title='bbox 930 831 1056 876; x_wconf 89' lang='lat' dir='ltr'>quae</span> <span class='ocrx_word' id='word_1_67' title='bbox 1094 823 1332 862; x_wconf 89' lang='lat' dir='ltr'>vocantur</span> <span class='ocrx_word' id='word_1_68' title='bbox 1370 815 1580 873; x_wconf 88' lang='lat' dir='ltr'>Atticae,</span> <span class='ocrx_word' id='word_1_69' title='bbox 1624 812 1873 876; x_wconf 87' lang='lat' dir='ltr'>quaternis</span> 
     </span>
     <span class='ocr_line' id='line_1_10' title="bbox 125 895 1876 960; baseline -0.001 -16"><span class='ocrx_word' id='word_1_70' title='bbox 125 898 314 960; x_wconf 89' lang='lat' dir='ltr'>angulis</span> <span class='ocrx_word' id='word_1_71' title='bbox 337 906 420 944; x_wconf 90' lang='lat' dir='ltr'>aut</span> <span class='ocrx_word' id='word_1_72' title='bbox 445 895 668 958; x_wconf 90' lang='lat' dir='ltr'>amplius,</span> <span class='ocrx_word' id='word_1_73' title='bbox 699 895 895 958; x_wconf 88' lang='lat' dir='ltr'>paribus</span> <span class='ocrx_word' id='word_1_74' title='bbox 919 898 1126 944; x_wconf 88' lang='lat' dir='ltr'>laterum</span> <span class='ocrx_word' id='word_1_75' title='bbox 1151 895 1430 944; x_wconf 88' lang='lat' dir='ltr'>intervallis.</span> <span class='ocrx_word' id='word_1_76' title='bbox 1491 898 1642 943; x_wconf 86' lang='lat' dir='ltr'>Bases</span> <span class='ocrx_word' id='word_1_77' title='bbox 1667 897 1876 943; x_wconf 90' lang='lat' dir='ltr'>fulturae</span> 
     </span>
    </p>

    <p class='ocr_par' dir='ltr' id='par_1_4' title="bbox 56 979 1960 1366">
     <span class='ocr_line' id='line_1_11' title="bbox 56 979 1873 1040; baseline 0.001 -17"><span class='ocrx_word' id='word_1_78' title='bbox 56 995 106 1023; x_wconf 91' lang='lat'>10</span> <span class='ocrx_word' id='word_1_79' title='bbox 127 988 242 1027; x_wconf 91' lang='lat' dir='ltr'>sunt</span> <span class='ocrx_word' id='word_1_80' title='bbox 278 980 633 1036; x_wconf 89' lang='lat' dir='ltr'>columnarum,</span> <span class='ocrx_word' id='word_1_81' title='bbox 673 994 799 1040; x_wconf 90' lang='lat' dir='ltr'>quae</span> <span class='ocrx_word' id='word_1_82' title='bbox 841 994 869 1025; x_wconf 93' lang='lat' dir='ltr'>a</span> <span class='ocrx_word' id='word_1_83' title='bbox 908 979 1233 1026; x_wconf 90' lang='lat' dir='ltr'>fundamento</span> <span class='ocrx_word' id='word_1_84' title='bbox 1270 986 1585 1040; x_wconf 90' lang='lat' dir='ltr'>consurgunt,</span> <span class='ocrx_word' id='word_1_85' title='bbox 1627 986 1674 1025; x_wconf 91' lang='lat' dir='ltr'>et</span> <span class='ocrx_word' id='word_1_86' title='bbox 1712 993 1873 1040; x_wconf 88' lang='lat' dir='ltr'>super-</span> 
     </span>
     <span class='ocr_line' id='line_1_12' title="bbox 126 1058 1960 1124; baseline 0.001 -16"><span class='ocrx_word' id='word_1_87' title='bbox 126 1060 312 1124; x_wconf 89' lang='lat' dir='ltr'>positae</span> <span class='ocrx_word' id='word_1_88' title='bbox 339 1058 550 1108; x_wconf 86' lang='lat' dir='ltr'>fabricae</span> <span class='ocrx_word' id='word_1_89' title='bbox 575 1059 818 1108; x_wconf 88' lang='lat' dir='ltr'>sustinent</span> <span class='ocrx_word' id='word_1_90' title='bbox 850 1062 1059 1122; x_wconf 90' lang='lat' dir='ltr'>pondus.</span> <span class='ocrx_word' id='word_1_91' title='bbox 1137 1059 1274 1109; x_wconf 89' lang='lat' dir='ltr'>Basis</span> <span class='ocrx_word' id='word_1_92' title='bbox 1304 1069 1470 1109; x_wconf 90' lang='lat' dir='ltr'>autem</span> <span class='ocrx_word' id='word_1_93' title='bbox 1497 1076 1681 1108; x_wconf 89' lang='lat' dir='ltr'>nomen</span> <span class='ocrx_word' id='word_1_94' title='bbox 1707 1067 1873 1121; x_wconf 91' lang='lat' dir='ltr'>petrae</span> <span class='ocrx_word' id='word_1_95' title='bbox 1897 1075 1960 1121; x_wconf 87' lang='lat'>23</span> 
     </span>
     <span class='ocr_line' id='line_1_13' title="bbox 125 1140 1958 1211; baseline -0.002 -20"><span class='ocrx_word' id='word_1_96' title='bbox 125 1151 196 1191; x_wconf 88' lang='lat' dir='ltr'>est</span> <span class='ocrx_word' id='word_1_97' title='bbox 222 1141 512 1190; x_wconf 86' lang='lat' dir='ltr'>fortissimae</span> <span class='ocrx_word' id='word_1_98' title='bbox 542 1143 661 1203; x_wconf 89' lang='lat' dir='ltr'>Syro</span> <span class='ocrx_word' id='word_1_99' title='bbox 698 1158 937 1190; x_wconf 90' lang='lat' dir='ltr'>sermone.</span> <span class='ocrx_word' id='word_1_100' title='bbox 1013 1141 1259 1205; x_wconf 90' lang='lat' dir='ltr'>Capitolia</span> <span class='ocrx_word' id='word_1_101' title='bbox 1285 1141 1417 1190; x_wconf 89' lang='lat' dir='ltr'>dicta</span> <span class='ocrx_word' id='word_1_102' title='bbox 1452 1143 1586 1204; x_wconf 92' lang='lat' dir='ltr'>quod</span> <span class='ocrx_word' id='word_1_103' title='bbox 1622 1140 1718 1189; x_wconf 90' lang='lat' dir='ltr'>sint</span> <span class='ocrx_word' id='word_1_104' title='bbox 1743 1142 1875 1188; x_wconf 91' lang='lat' dir='ltr'>colu·</span> <span class='ocrx_word' id='word_1_105' title='bbox 1894 1163 1958 1211; x_wconf 87' lang='lat'>24</span> 
     </span>
     <span class='ocr_line' id='line_1_14' title="bbox 126 1219 1874 1283; baseline -0.002 -15"><span class='ocrx_word' id='word_1_106' title='bbox 126 1237 350 1268; x_wconf 91' lang='lat' dir='ltr'>mnarum</span> <span class='ocrx_word' id='word_1_107' title='bbox 371 1221 543 1283; x_wconf 86' lang='lat' dir='ltr'>capita,</span> <span class='ocrx_word' id='word_1_108' title='bbox 565 1219 702 1282; x_wconf 86' lang='lat' dir='ltr'>quasi</span> <span class='ocrx_word' id='word_1_109' title='bbox 729 1236 873 1283; x_wconf 90' lang='lat' dir='ltr'>super</span> <span class='ocrx_word' id='word_1_110' title='bbox 899 1222 1081 1268; x_wconf 93' lang='lat' dir='ltr'>collum</span> <span class='ocrx_word' id='word_1_111' title='bbox 1104 1229 1264 1283; x_wconf 90' lang='lat' dir='ltr'>caput.</span> <span class='ocrx_word' id='word_1_112' title='bbox 1340 1219 1580 1283; x_wconf 88' lang='lat' dir='ltr'>Epistolia</span> <span class='ocrx_word' id='word_1_113' title='bbox 1597 1228 1724 1277; x_wconf 87' lang='lat' dir='ltr'>sunt,</span> <span class='ocrx_word' id='word_1_114' title='bbox 1747 1234 1874 1281; x_wconf 91' lang='lat' dir='ltr'>quae</span> 
     </span>
     <span class='ocr_line' id='line_1_15' title="bbox 124 1300 1960 1366; baseline 0.001 -16"><span class='ocrx_word' id='word_1_115' title='bbox 124 1319 269 1366; x_wconf 89' lang='lat' dir='ltr'>super</span> <span class='ocrx_word' id='word_1_116' title='bbox 293 1301 519 1364; x_wconf 91' lang='lat' dir='ltr'>capitella</span> <span class='ocrx_word' id='word_1_117' title='bbox 543 1303 884 1350; x_wconf 90' lang='lat' dir='ltr'>columnarum</span> <span class='ocrx_word' id='word_1_118' title='bbox 912 1311 1162 1366; x_wconf 89' lang='lat' dir='ltr'>ponuntur</span> <span class='ocrx_word' id='word_1_119' title='bbox 1186 1322 1193 1350; x_wconf 91' lang='lat'>:</span> <span class='ocrx_word' id='word_1_120' title='bbox 1233 1312 1280 1351; x_wconf 88' lang='lat' dir='ltr'>et</span> <span class='ocrx_word' id='word_1_121' title='bbox 1305 1310 1378 1351; x_wconf 89' lang='lat' dir='ltr'>est</span> <span class='ocrx_word' id='word_1_122' title='bbox 1404 1302 1665 1351; x_wconf 90' lang='lat' dir='ltr'>Graecum.</span> <span class='ocrx_word' id='word_1_123' title='bbox 1740 1300 1875 1348; x_wconf 89' lang='lat' dir='ltr'>Pavi-</span> <span class='ocrx_word' id='word_1_124' title='bbox 1897 1316 1960 1361; x_wconf 82' lang='lat'>25</span> 
     </span>
    </p>

    <p class='ocr_par' dir='ltr' id='par_1_5' title="bbox 55 1380 1961 1773">
     <span class='ocr_line' id='line_1_16' title="bbox 55 1380 1876 1446; baseline -0.001 -17"><span class='ocrx_word' id='word_1_125' title='bbox 55 1401 99 1442; x_wconf 86' lang='lat'>15</span> <span class='ocrx_word' id='word_1_126' title='bbox 125 1393 291 1433; x_wconf 90' lang='lat' dir='ltr'>menta</span> <span class='ocrx_word' id='word_1_127' title='bbox 315 1383 551 1446; x_wconf 85' lang='lat' dir='ltr'>originem</span> <span class='ocrx_word' id='word_1_128' title='bbox 579 1383 739 1446; x_wconf 91' lang='lat' dir='ltr'>operis</span> <span class='ocrx_word' id='word_1_129' title='bbox 773 1401 801 1431; x_wconf 93' lang='lat' dir='ltr'>a</span> <span class='ocrx_word' id='word_1_130' title='bbox 839 1385 1039 1432; x_wconf 87' lang='lat' dir='ltr'>Graecis</span> <span class='ocrx_word' id='word_1_131' title='bbox 1066 1383 1282 1445; x_wconf 86' lang='lat' dir='ltr'>habent;</span> <span class='ocrx_word' id='word_1_132' title='bbox 1335 1393 1508 1432; x_wconf 91' lang='lat' dir='ltr'>vocata</span> <span class='ocrx_word' id='word_1_133' title='bbox 1544 1391 1710 1431; x_wconf 89' lang='lat' dir='ltr'>autem</span> <span class='ocrx_word' id='word_1_134' title='bbox 1745 1380 1876 1445; x_wconf 87' lang='lat' dir='ltr'>pavi—</span> 
     </span>
     <span class='ocr_line' id='line_1_17' title="bbox 125 1465 1869 1528; baseline -0.003 -13"><span class='ocrx_word' id='word_1_135' title='bbox 125 1475 290 1516; x_wconf 84' lang='lat' dir='ltr'>menta</span> <span class='ocrx_word' id='word_1_136' title='bbox 327 1483 386 1514; x_wconf 87' lang='lat' dir='ltr'>eo</span> <span class='ocrx_word' id='word_1_137' title='bbox 418 1467 552 1528; x_wconf 90' lang='lat' dir='ltr'>quod</span> <span class='ocrx_word' id='word_1_138' title='bbox 584 1465 852 1528; x_wconf 91' lang='lat' dir='ltr'>paviantur,</span> <span class='ocrx_word' id='word_1_139' title='bbox 888 1465 938 1513; x_wconf 91' lang='lat' dir='ltr'>id</span> <span class='ocrx_word' id='word_1_140' title='bbox 976 1474 1047 1514; x_wconf 87' lang='lat' dir='ltr'>est</span> <span class='ocrx_word' id='word_1_141' title='bbox 1082 1466 1361 1513; x_wconf 84' lang='lat' dir='ltr'>caedantur.</span> <span class='ocrx_word' id='word_1_142' title='bbox 1436 1466 1584 1513; x_wconf 89' lang='lat' dir='ltr'>Vnde</span> <span class='ocrx_word' id='word_1_143' title='bbox 1621 1473 1668 1513; x_wconf 91' lang='lat' dir='ltr'>et</span> <span class='ocrx_word' id='word_1_144' title='bbox 1705 1479 1869 1527; x_wconf 89' lang='lat' dir='ltr'>pavor,</span> 
     </span>
     <span class='ocr_line' id='line_1_18' title="bbox 122 1546 1960 1611; baseline -0.002 -15"><span class='ocrx_word' id='word_1_145' title='bbox 122 1547 238 1611; x_wconf 87' lang='lat' dir='ltr'>quia</span> <span class='ocrx_word' id='word_1_146' title='bbox 263 1548 424 1596; x_wconf 89' lang='lat' dir='ltr'>caedit</span> <span class='ocrx_word' id='word_1_147' title='bbox 449 1564 544 1596; x_wconf 92' lang='lat' dir='ltr'>cor.</span> <span class='ocrx_word' id='word_1_148' title='bbox 618 1548 851 1596; x_wconf 89' lang='lat' dir='ltr'>Ostracus</span> <span class='ocrx_word' id='word_1_149' title='bbox 878 1557 950 1596; x_wconf 88' lang='lat' dir='ltr'>est</span> <span class='ocrx_word' id='word_1_150' title='bbox 975 1547 1313 1610; x_wconf 87' lang='lat' dir='ltr'>pavimentum</span> <span class='ocrx_word' id='word_1_151' title='bbox 1340 1555 1624 1605; x_wconf 88' lang='lat' dir='ltr'>testaceum,</span> <span class='ocrx_word' id='word_1_152' title='bbox 1647 1562 1707 1594; x_wconf 90' lang='lat' dir='ltr'>eo</span> <span class='ocrx_word' id='word_1_153' title='bbox 1733 1546 1870 1608; x_wconf 91' lang='lat' dir='ltr'>quod</span> <span class='ocrx_word' id='word_1_154' title='bbox 1890 1547 1960 1594; x_wconf 88' lang='lat'>26</span> 
     </span>
     <span class='ocr_line' id='line_1_19' title="bbox 122 1628 1873 1691; baseline -0.001 -14"><span class='ocrx_word' id='word_1_155' title='bbox 122 1629 283 1678; x_wconf 90' lang='lat' dir='ltr'>fractis</span> <span class='ocrx_word' id='word_1_156' title='bbox 310 1628 445 1677; x_wconf 87' lang='lat' dir='ltr'>testis</span> <span class='ocrx_word' id='word_1_157' title='bbox 471 1630 606 1677; x_wconf 91' lang='lat' dir='ltr'>calce</span> <span class='ocrx_word' id='word_1_158' title='bbox 631 1628 853 1677; x_wconf 85' lang='lat' dir='ltr'>admixto</span> <span class='ocrx_word' id='word_1_159' title='bbox 880 1630 1076 1677; x_wconf 91' lang='lat' dir='ltr'>feriatur</span> <span class='ocrx_word' id='word_1_160' title='bbox 1096 1647 1106 1689; x_wconf 81' lang='lat'><em>3</em></span> <span class='ocrx_word' id='word_1_161' title='bbox 1160 1638 1335 1677; x_wconf 88' lang='lat' dir='ltr'>testam</span> <span class='ocrx_word' id='word_1_162' title='bbox 1364 1629 1496 1677; x_wconf 91' lang='lat' dir='ltr'>enim</span> <span class='ocrx_word' id='word_1_163' title='bbox 1524 1629 1699 1677; x_wconf 91' lang='lat' dir='ltr'>Graeci</span> <span class='ocrx_word' id='word_1_164' title='bbox 1725 1629 1873 1691; x_wconf 86' lang='grc' dir='ltr'>ὅστρα</span> 
     </span>
     <span class='ocr_line' id='line_1_20' title="bbox 124 1709 1961 1773; baseline -0.003 -13"><span class='ocrx_word' id='word_1_165' title='bbox 124 1713 310 1760; x_wconf 90' lang='lat' dir='ltr'>dicunt.</span> <span class='ocrx_word' id='word_1_166' title='bbox 384 1712 560 1759; x_wconf 90' lang='lat' dir='ltr'>Rudus</span> <span class='ocrx_word' id='word_1_167' title='bbox 605 1709 814 1758; x_wconf 86' lang='lat' dir='ltr'>artifices</span> <span class='ocrx_word' id='word_1_168' title='bbox 859 1712 1108 1773; x_wconf 88' lang='lat' dir='ltr'>appellant</span> <span class='ocrx_word' id='word_1_169' title='bbox 1150 1712 1338 1773; x_wconf 85' lang='lat' dir='ltr'>lapides</span> <span class='ocrx_word' id='word_1_170' title='bbox 1382 1719 1616 1758; x_wconf 89' lang='lat' dir='ltr'>contusos</span> <span class='ocrx_word' id='word_1_171' title='bbox 1656 1718 1704 1758; x_wconf 90' lang='lat' dir='ltr'>et</span> <span class='ocrx_word' id='word_1_172' title='bbox 1743 1711 1878 1758; x_wconf 89' lang='lat' dir='ltr'>calce</span> <span class='ocrx_word' id='word_1_173' title='bbox 1900 1719 1961 1768; x_wconf 81' lang='lat'>27</span> 
     </span>
    </p>

    <p class='ocr_par' dir='ltr' id='par_1_6' title="bbox 51 1791 1967 2168">
     <span class='ocr_line' id='line_1_21' title="bbox 51 1791 1880 1855; baseline 0.001 -16"><span class='ocrx_word' id='word_1_174' title='bbox 51 1811 101 1839; x_wconf 82' lang='lat'>20</span> <span class='ocrx_word' id='word_1_175' title='bbox 123 1793 382 1852; x_wconf 85' lang='lat' dir='ltr'>admixtos,</span> <span class='ocrx_word' id='word_1_176' title='bbox 410 1809 534 1854; x_wconf 88' lang='lat' dir='ltr'>quos</span> <span class='ocrx_word' id='word_1_177' title='bbox 561 1792 610 1839; x_wconf 91' lang='lat' dir='ltr'>in</span> <span class='ocrx_word' id='word_1_178' title='bbox 636 1791 932 1855; x_wconf 89' lang='lat' dir='ltr'>pavimentis</span> <span class='ocrx_word' id='word_1_179' title='bbox 958 1791 1194 1840; x_wconf 89' lang='lat' dir='ltr'>faciendis</span> <span class='ocrx_word' id='word_1_180' title='bbox 1229 1794 1592 1855; x_wconf 90' lang='lat' dir='ltr'>superfundunt</span> <span class='ocrx_word' id='word_1_181' title='bbox 1611 1811 1623 1852; x_wconf 79' lang='grc'>,-</span> <span class='ocrx_word' id='word_1_182' title='bbox 1673 1794 1806 1840; x_wconf 91' lang='lat' dir='ltr'>unde</span> <span class='ocrx_word' id='word_1_183' title='bbox 1832 1801 1880 1840; x_wconf 89' lang='lat' dir='ltr'>et</span> 
     </span>
     <span class='ocr_line' id='line_1_22' title="bbox 125 1873 1967 1936; baseline 0.002 -14"><span class='ocrx_word' id='word_1_184' title='bbox 125 1877 301 1924; x_wconf 88' lang='lat' dir='ltr'>rudera</span> <span class='ocrx_word' id='word_1_185' title='bbox 349 1874 593 1924; x_wconf 91' lang='lat' dir='ltr'>dicuntur.</span> <span class='ocrx_word' id='word_1_186' title='bbox 668 1873 869 1922; x_wconf 89' lang='lat' dir='ltr'>Canalis</span> <span class='ocrx_word' id='word_1_187' title='bbox 917 1874 980 1922; x_wconf 90' lang='lat' dir='ltr'>ab</span> <span class='ocrx_word' id='word_1_188' title='bbox 1030 1889 1090 1922; x_wconf 89' lang='lat' dir='ltr'>eo</span> <span class='ocrx_word' id='word_1_189' title='bbox 1129 1875 1265 1936; x_wconf 92' lang='lat' dir='ltr'>quod</span> <span class='ocrx_word' id='word_1_190' title='bbox 1315 1890 1433 1922; x_wconf 89' lang='lat' dir='ltr'>cava</span> <span class='ocrx_word' id='word_1_191' title='bbox 1476 1873 1535 1922; x_wconf 87' lang='lat' dir='ltr'>sit</span> <span class='ocrx_word' id='word_1_192' title='bbox 1578 1873 1627 1921; x_wconf 93' lang='lat' dir='ltr'>in</span> <span class='ocrx_word' id='word_1_193' title='bbox 1670 1875 1877 1922; x_wconf 89' lang='lat' dir='ltr'>modum</span> <span class='ocrx_word' id='word_1_194' title='bbox 1902 1878 1967 1925; x_wconf 85' lang='lat'>28</span> 
     </span>
     <span class='ocr_line' id='line_1_23' title="bbox 122 1955 1874 2018; baseline -0.001 -13"><span class='ocrx_word' id='word_1_195' title='bbox 122 1973 324 2005; x_wconf 89' lang='lat' dir='ltr'>cannae.</span> <span class='ocrx_word' id='word_1_196' title='bbox 386 1958 515 2005; x_wconf 90' lang='lat' dir='ltr'>Sane</span> <span class='ocrx_word' id='word_1_197' title='bbox 534 1957 754 2004; x_wconf 89' lang='lat' dir='ltr'>canalem</span> <span class='ocrx_word' id='word_1_198' title='bbox 775 1957 949 2004; x_wconf 91' lang='lat' dir='ltr'>melius</span> <span class='ocrx_word' id='word_1_199' title='bbox 975 1972 1152 2018; x_wconf 83' lang='lat' dir='ltr'>genere</span> <span class='ocrx_word' id='word_1_200' title='bbox 1173 1955 1412 2004; x_wconf 89' lang='lat' dir='ltr'>feminino</span> <span class='ocrx_word' id='word_1_201' title='bbox 1433 1972 1581 2018; x_wconf 90' lang='lat' dir='ltr'>quam</span> <span class='ocrx_word' id='word_1_202' title='bbox 1600 1956 1874 2004; x_wconf 90' lang='lat' dir='ltr'>masculino</span> 
     </span>
     <span class='ocr_line' id='line_1_24' title="bbox 123 2037 1962 2105; baseline 0 -19"><span class='ocrx_word' id='word_1_203' title='bbox 123 2037 427 2101; x_wconf 88' lang='lat' dir='ltr'>proferimus.</span> <span class='ocrx_word' id='word_1_204' title='bbox 504 2039 538 2085; x_wconf 91' lang='lat' dir='ltr'>F</span> <span class='ocrx_word' id='word_1_205' title='bbox 543 2037 715 2085; x_wconf 86' lang='lat' dir='ltr'>istulae</span> <span class='ocrx_word' id='word_1_206' title='bbox 740 2054 978 2100; x_wconf 90' lang='lat' dir='ltr'>aquarum</span> <span class='ocrx_word' id='word_1_207' title='bbox 1006 2046 1120 2085; x_wconf 88' lang='lat' dir='ltr'>sunt</span> <span class='ocrx_word' id='word_1_208' title='bbox 1139 2037 1300 2086; x_wconf 91' lang='lat' dir='ltr'>dictae</span> <span class='ocrx_word' id='word_1_209' title='bbox 1326 2039 1462 2100; x_wconf 91' lang='lat' dir='ltr'>quod</span> <span class='ocrx_word' id='word_1_210' title='bbox 1487 2055 1639 2100; x_wconf 87' lang='lat' dir='ltr'>aquas</span> <span class='ocrx_word' id='word_1_211' title='bbox 1659 2039 1868 2086; x_wconf 89' lang='lat' dir='ltr'>fundant</span> <span class='ocrx_word' id='word_1_212' title='bbox 1892 2058 1962 2105; x_wconf 87' lang='lat'>29</span> 
     </span>
     <span class='ocr_line' id='line_1_25' title="bbox 122 2119 1865 2168; baseline -0.001 0"><span class='ocrx_word' id='word_1_213' title='bbox 122 2130 169 2168; x_wconf 92' lang='lat' dir='ltr'>et</span> <span class='ocrx_word' id='word_1_214' title='bbox 207 2119 415 2167; x_wconf 89' lang='lat' dir='ltr'>mittant.</span> <span class='ocrx_word' id='word_1_215' title='bbox 489 2121 619 2166; x_wconf 89' lang='lat' dir='ltr'>Nam</span> <span class='ocrx_word' id='word_1_216' title='bbox 658 2123 810 2168; x_wconf 88' lang='grc' dir='ltr'>στολα</span> <span class='ocrx_word' id='word_1_217' title='bbox 844 2120 1034 2168; x_wconf 90' lang='lat' dir='ltr'>Graece</span> <span class='ocrx_word' id='word_1_218' title='bbox 1065 2119 1255 2168; x_wconf 88' lang='lat' dir='ltr'>mittere</span> <span class='ocrx_word' id='word_1_219' title='bbox 1292 2128 1378 2168; x_wconf 88' lang='lat' dir='ltr'>est.</span> <span class='ocrx_word' id='word_1_220' title='bbox 1458 2122 1662 2168; x_wconf 88' lang='lat' dir='ltr'>Formae</span> <span class='ocrx_word' id='word_1_221' title='bbox 1700 2135 1865 2168; x_wconf 89' lang='lat' dir='ltr'>earum</span> 
     </span>
    </p>

    <p class='ocr_par' dir='ltr' id='par_1_7' title="bbox 49 2199 1869 2428">
     <span class='ocr_line' id='line_1_26' title="bbox 49 2199 1869 2264; baseline -0.002 -13"><span class='ocrx_word' id='word_1_222' title='bbox 49 2222 97 2263; x_wconf 84' lang='lat'>25</span> <span class='ocrx_word' id='word_1_223' title='bbox 123 2218 210 2264; x_wconf 91' lang='lat' dir='ltr'>pro</span> <span class='ocrx_word' id='word_1_224' title='bbox 238 2200 575 2263; x_wconf 86' lang='lat' dir='ltr'>magnitudine</span> <span class='ocrx_word' id='word_1_225' title='bbox 600 2216 758 2263; x_wconf 88' lang='lat' dir='ltr'>aquae</span> <span class='ocrx_word' id='word_1_226' title='bbox 784 2210 831 2250; x_wconf 92' lang='lat' dir='ltr'>et</span> <span class='ocrx_word' id='word_1_227' title='bbox 865 2199 1136 2263; x_wconf 87' lang='lat' dir='ltr'>capacitate</span> <span class='ocrx_word' id='word_1_228' title='bbox 1171 2202 1306 2260; x_wconf 86' lang='lat' dir='ltr'>fiunt,</span> <span class='ocrx_word' id='word_1_229' title='bbox 1335 2217 1421 2263; x_wconf 91' lang='lat' dir='ltr'>per</span> <span class='ocrx_word' id='word_1_230' title='bbox 1454 2217 1575 2263; x_wconf 92' lang='lat' dir='ltr'>quas</span> <span class='ocrx_word' id='word_1_231' title='bbox 1601 2217 1758 2263; x_wconf 88' lang='lat' dir='ltr'>aquae</span> <span class='ocrx_word' id='word_1_232' title='bbox 1784 2217 1869 2263; x_wconf 90' lang='lat' dir='ltr'>per</span> 
     </span>
     <span class='ocr_line' id='line_1_27' title="bbox 121 2281 1867 2344; baseline -0.001 -13"><span class='ocrx_word' id='word_1_233' title='bbox 121 2292 278 2331; x_wconf 88' lang='lat' dir='ltr'>certos</span> <span class='ocrx_word' id='word_1_234' title='bbox 318 2283 547 2331; x_wconf 89' lang='lat' dir='ltr'>modulos</span> <span class='ocrx_word' id='word_1_235' title='bbox 584 2281 883 2331; x_wconf 82' lang='lat' dir='ltr'>dividuntur.</span> <span class='ocrx_word' id='word_1_236' title='bbox 959 2284 999 2329; x_wconf 89' lang='lat' dir='ltr'>E</span> <span class='ocrx_word' id='word_1_237' title='bbox 1038 2281 1216 2344; x_wconf 87' lang='lat' dir='ltr'>quibus</span> <span class='ocrx_word' id='word_1_238' title='bbox 1255 2291 1328 2330; x_wconf 89' lang='lat' dir='ltr'>est</span> <span class='ocrx_word' id='word_1_239' title='bbox 1364 2281 1511 2330; x_wconf 91' lang='lat' dir='ltr'>uncia</span> <span class='ocrx_word' id='word_1_240' title='bbox 1547 2292 1594 2330; x_wconf 90' lang='lat' dir='ltr'>et</span> <span class='ocrx_word' id='word_1_241' title='bbox 1632 2281 1867 2344; x_wconf 88' lang='lat' dir='ltr'>quinaria,</span> 
     </span>
     <span class='ocr_line' id='line_1_28' title="bbox 120 2363 1736 2428; baseline -0.001 -15"><span class='ocrx_word' id='word_1_242' title='bbox 120 2365 300 2428; x_wconf 89' lang='lat' dir='ltr'>digitus</span> <span class='ocrx_word' id='word_1_243' title='bbox 326 2366 607 2427; x_wconf 88' lang='lat' dir='ltr'>quadratus,</span> <span class='ocrx_word' id='word_1_244' title='bbox 637 2363 818 2427; x_wconf 88' lang='lat' dir='ltr'>digitus</span> <span class='ocrx_word' id='word_1_245' title='bbox 845 2366 1100 2422; x_wconf 89' lang='lat' dir='ltr'>rotundus,</span> <span class='ocrx_word' id='word_1_246' title='bbox 1130 2374 1177 2413; x_wconf 91' lang='lat' dir='ltr'>et</span> <span class='ocrx_word' id='word_1_247' title='bbox 1202 2364 1350 2413; x_wconf 91' lang='lat' dir='ltr'>ceteri</span> <span class='ocrx_word' id='word_1_248' title='bbox 1379 2364 1513 2413; x_wconf 90' lang='lat' dir='ltr'>modi</span> <span class='ocrx_word' id='word_1_249' title='bbox 1539 2363 1736 2426; x_wconf 90' lang='lat' dir='ltr'>quique.</span> 
     </span>
    </p>
   </div>
   <div class='ocr_carea' id='block_1_3' title="bbox 119 2494 1867 2982">
    <p class='ocr_par' dir='ltr' id='par_1_8' title="bbox 119 2494 1867 2982">
     <span class='ocr_line' id='line_1_29' title="bbox 179 2494 1867 2544; baseline 0 -12"><span class='ocrx_word' id='word_1_250' title='bbox 179 2508 194 2532; x_wconf 92' lang='lat'>1</span> <span class='ocrx_word' id='word_1_251' title='bbox 230 2496 416 2534; x_wconf 87' lang='lat' dir='ltr'>herendo</span> <span class='ocrx_word' id='word_1_252' title='bbox 440 2494 474 2533; x_wconf 88' lang='lat' dir='ltr'><em>C</em></span> <span class='ocrx_word' id='word_1_253' title='bbox 649 2508 672 2532; x_wconf 91' lang='lat'><strong>2</strong></span> <span class='ocrx_word' id='word_1_254' title='bbox 702 2507 893 2544; x_wconf 87' lang='lat' dir='ltr'>sparsam</span> <span class='ocrx_word' id='word_1_255' title='bbox 916 2494 980 2533; x_wconf 88' lang='lat' dir='ltr'>K:</span> <span class='ocrx_word' id='word_1_256' title='bbox 1013 2494 1138 2532; x_wconf 87' lang='lat' dir='ltr'>fuerit</span> <span class='ocrx_word' id='word_1_257' title='bbox 1158 2507 1307 2544; x_wconf 88' lang='lat' dir='ltr'>sparsa</span> <span class='ocrx_word' id='word_1_258' title='bbox 1336 2494 1372 2532; x_wconf 93' lang='lat' dir='ltr'><em>T</em></span> <span class='ocrx_word' id='word_1_259' title='bbox 1539 2505 1564 2542; x_wconf 88' lang='lat'><strong>3</strong></span> <span class='ocrx_word' id='word_1_260' title='bbox 1596 2495 1805 2543; x_wconf 90' lang='lat' dir='ltr'>relinquet</span> <span class='ocrx_word' id='word_1_261' title='bbox 1827 2495 1867 2532; x_wconf 87' lang='grc' dir='ltr'><em>Β</em></span> 
     </span>
     <span class='ocr_line' id='line_1_30' title="bbox 121 2548 1865 2600; baseline -0.001 -12"><span class='ocrx_word' id='word_1_262' title='bbox 121 2564 141 2599; x_wconf 93' lang='lat'><strong>7</strong></span> <span class='ocrx_word' id='word_1_263' title='bbox 174 2551 390 2588; x_wconf 86' lang='lat' dir='ltr'>corinteae</span> <span class='ocrx_word' id='word_1_264' title='bbox 412 2549 537 2599; x_wconf 71' lang='lat' dir='ltr'>(-tee)</span> <span class='ocrx_word' id='word_1_265' title='bbox 561 2548 671 2588; x_wconf 83' lang='lat' dir='ltr'>codd.</span> <span class='ocrx_word' id='word_1_266' title='bbox 806 2551 830 2586; x_wconf 90' lang='lat'>8</span> <span class='ocrx_word' id='word_1_267' title='bbox 859 2549 987 2600; x_wconf 89' lang='lat' dir='ltr'>quae]</span> <span class='ocrx_word' id='word_1_268' title='bbox 1011 2550 1081 2598; x_wconf 90' lang='lat' dir='ltr'>qui</span> <span class='ocrx_word' id='word_1_269' title='bbox 1103 2548 1143 2585; x_wconf 90' lang='grc' dir='ltr'><em>Β</em></span> <span class='ocrx_word' id='word_1_270' title='bbox 1277 2562 1326 2587; x_wconf 90' lang='lat'>10</span> <span class='ocrx_word' id='word_1_271' title='bbox 1355 2549 1469 2588; x_wconf 89' lang='lat' dir='ltr'>fund.</span> <span class='ocrx_word' id='word_1_272' title='bbox 1494 2549 1713 2588; x_wconf 88' lang='lat' dir='ltr'>continent</span> <span class='ocrx_word' id='word_1_273' title='bbox 1735 2550 1865 2598; x_wconf 90' lang='lat' dir='ltr'>pond.</span> 
     </span>
     <span class='ocr_line' id='line_1_31' title="bbox 121 2603 1864 2657; baseline -0.001 -14"><span class='ocrx_word' id='word_1_274' title='bbox 121 2607 220 2657; x_wconf 80' lang='lat' dir='ltr'>(cett.</span> <span class='ocrx_word' id='word_1_275' title='bbox 264 2604 445 2654; x_wconf 77' lang='lat' dir='ltr'>omissis)</span> <span class='ocrx_word' id='word_1_276' title='bbox 487 2604 575 2642; x_wconf 88' lang='lat' dir='ltr'>KN</span> <span class='ocrx_word' id='word_1_277' title='bbox 611 2606 712 2654; x_wconf 76' lang='lat' dir='ltr'>&lt;non</span> <span class='ocrx_word' id='word_1_278' title='bbox 758 2603 814 2654; x_wconf 87' lang='lat' dir='ltr'>U)</span> <span class='ocrx_word' id='word_1_279' title='bbox 987 2617 1030 2641; x_wconf 87' lang='lat'>11</span> <span class='ocrx_word' id='word_1_280' title='bbox 1064 2605 1188 2642; x_wconf 88' lang='lat' dir='ltr'>bases</span> <span class='ocrx_word' id='word_1_281' title='bbox 1227 2603 1357 2642; x_wconf 86' lang='grc' dir='ltr'>ΒΚΤ</span> <span class='ocrx_word' id='word_1_282' title='bbox 1507 2617 1554 2642; x_wconf 85' lang='lat'>12</span> <span class='ocrx_word' id='word_1_283' title='bbox 1586 2610 1651 2642; x_wconf 87' lang='lat' dir='ltr'>est</span> <span class='ocrx_word' id='word_1_284' title='bbox 1691 2616 1770 2641; x_wconf 82' lang='lat' dir='ltr'>om.</span> <span class='ocrx_word' id='word_1_285' title='bbox 1815 2603 1864 2642; x_wconf 86' lang='lat' dir='ltr'>C1</span> 
     </span>
     <span class='ocr_line' id='line_1_32' title="bbox 119 2657 1865 2710; baseline -0.002 -12"><span class='ocrx_word' id='word_1_286' title='bbox 119 2657 267 2708; x_wconf 87' lang='lat' dir='ltr'>ser1n.]</span> <span class='ocrx_word' id='word_1_287' title='bbox 307 2671 457 2697; x_wconf 90' lang='lat' dir='ltr'>nomen</span> <span class='ocrx_word' id='word_1_288' title='bbox 499 2658 544 2695; x_wconf 90' lang='lat' dir='ltr'><strong><em>K</em></strong></span> <span class='ocrx_word' id='word_1_289' title='bbox 582 2659 682 2710; x_wconf 77' lang='lat' dir='ltr'>&lt;non</span> <span class='ocrx_word' id='word_1_290' title='bbox 725 2658 784 2709; x_wconf 91' lang='lat' dir='ltr'>U)</span> <span class='ocrx_word' id='word_1_291' title='bbox 925 2658 1132 2707; x_wconf 86' lang='lat' dir='ltr'>Capitalia</span> <span class='ocrx_word' id='word_1_292' title='bbox 1170 2657 1274 2696; x_wconf 88' lang='lat' dir='ltr'>BK:</span> <span class='ocrx_word' id='word_1_293' title='bbox 1325 2658 1520 2707; x_wconf 90' lang='lat' dir='ltr'>Capitula</span> <span class='ocrx_word' id='word_1_294' title='bbox 1561 2658 1612 2697; x_wconf 89' lang='lat' dir='ltr'>C:</span> <span class='ocrx_word' id='word_1_295' title='bbox 1658 2658 1865 2707; x_wconf 89' lang='lat' dir='ltr'>Capitella</span> 
     </span>
     <span class='ocr_line' id='line_1_33' title="bbox 119 2712 1864 2764; baseline -0.002 -12"><span class='ocrx_word' id='word_1_296' title='bbox 119 2713 210 2753; x_wconf 85' lang='lat' dir='ltr'>dett.</span> <span class='ocrx_word' id='word_1_297' title='bbox 251 2714 316 2764; x_wconf 82' lang='lat' dir='ltr'>(cf.</span> <span class='ocrx_word' id='word_1_298' title='bbox 355 2712 448 2752; x_wconf 88' lang='lat' dir='ltr'>XV.</span> <span class='ocrx_word' id='word_1_299' title='bbox 485 2725 579 2752; x_wconf 82' lang='lat' dir='ltr'>vm.</span> <span class='ocrx_word' id='word_1_300' title='bbox 624 2712 690 2763; x_wconf 83' lang='lat'>15)</span> <span class='ocrx_word' id='word_1_301' title='bbox 863 2726 908 2762; x_wconf 87' lang='lat'>13</span> <span class='ocrx_word' id='word_1_302' title='bbox 942 2713 1136 2762; x_wconf 85' lang='lat' dir='ltr'>Epistilia</span> <span class='ocrx_word' id='word_1_303' title='bbox 1171 2712 1223 2751; x_wconf 88' lang='lat' dir='ltr'>C:</span> <span class='ocrx_word' id='word_1_304' title='bbox 1270 2712 1498 2762; x_wconf 89' lang='lat' dir='ltr'>Epistolias</span> <span class='ocrx_word' id='word_1_305' title='bbox 1532 2712 1576 2750; x_wconf 89' lang='lat' dir='ltr'><em>K</em></span> <span class='ocrx_word' id='word_1_306' title='bbox 1611 2713 1709 2763; x_wconf 81' lang='lat' dir='ltr'>(om.</span> <span class='ocrx_word' id='word_1_307' title='bbox 1747 2717 1864 2750; x_wconf 49' lang='lat' dir='ltr'>sunti</span> 
     </span>
     <span class='ocr_line' id='line_1_34' title="bbox 121 2766 1863 2819; baseline -0.002 -12"><span class='ocrx_word' id='word_1_308' title='bbox 121 2768 249 2819; x_wconf 88' lang='lat' dir='ltr'>quae]</span> <span class='ocrx_word' id='word_1_309' title='bbox 271 2767 388 2817; x_wconf 88' lang='lat' dir='ltr'>quasi</span> <span class='ocrx_word' id='word_1_310' title='bbox 411 2767 450 2804; x_wconf 88' lang='lat' dir='ltr'><em>B</em></span> <span class='ocrx_word' id='word_1_311' title='bbox 618 2779 666 2815; x_wconf 90' lang='lat'>15</span> <span class='ocrx_word' id='word_1_312' title='bbox 697 2773 888 2806; x_wconf 82' lang='lat' dir='ltr'>vocatata</span> <span class='ocrx_word' id='word_1_313' title='bbox 911 2768 955 2805; x_wconf 92' lang='lat' dir='ltr'><em>K</em></span> <span class='ocrx_word' id='word_1_314' title='bbox 1119 2769 1166 2805; x_wconf 92' lang='lat'>16</span> <span class='ocrx_word' id='word_1_315' title='bbox 1196 2773 1429 2816; x_wconf 84' lang='lat' dir='ltr'>paveantur</span> <span class='ocrx_word' id='word_1_316' title='bbox 1450 2766 1495 2804; x_wconf 88' lang='lat' dir='ltr'><em>K</em></span> <span class='ocrx_word' id='word_1_317' title='bbox 1605 2767 1796 2806; x_wconf 89' lang='lat' dir='ltr'>celantur</span> <span class='ocrx_word' id='word_1_318' title='bbox 1815 2766 1863 2804; x_wconf 81' lang='lat' dir='ltr'>Cl</span> 
     </span>
     <span class='ocr_line' id='line_1_35' title="bbox 127 2819 1867 2871; baseline -0.002 -9"><span class='ocrx_word' id='word_1_319' title='bbox 127 2836 170 2871; x_wconf 85' lang='lat'>17</span> <span class='ocrx_word' id='word_1_320' title='bbox 203 2823 323 2862; x_wconf 84' lang='lat' dir='ltr'>cedet</span> <span class='ocrx_word' id='word_1_321' title='bbox 345 2835 418 2860; x_wconf 86' lang='lat' dir='ltr'>cor</span> <span class='ocrx_word' id='word_1_322' title='bbox 439 2821 545 2861; x_wconf 91' lang='lat' dir='ltr'>BT:</span> <span class='ocrx_word' id='word_1_323' title='bbox 576 2821 742 2859; x_wconf 87' lang='lat' dir='ltr'>ceditur</span> <span class='ocrx_word' id='word_1_324' title='bbox 760 2821 805 2859; x_wconf 89' lang='lat' dir='ltr'><em>K</em></span> <span class='ocrx_word' id='word_1_325' title='bbox 1020 2822 1228 2870; x_wconf 87' lang='lat' dir='ltr'>Ostragus</span> <span class='ocrx_word' id='word_1_326' title='bbox 1249 2821 1294 2859; x_wconf 90' lang='lat' dir='ltr'><em>K</em></span> <span class='ocrx_word' id='word_1_327' title='bbox 1502 2821 1723 2860; x_wconf 87' lang='lat' dir='ltr'>testacium</span> <span class='ocrx_word' id='word_1_328' title='bbox 1745 2819 1867 2859; x_wconf 89' lang='lat' dir='ltr'>BCK</span> 
     </span>
     <span class='ocr_line' id='line_1_36' title="bbox 125 2875 1862 2925; baseline -0.001 -10"><span class='ocrx_word' id='word_1_329' title='bbox 125 2878 173 2915; x_wconf 89' lang='lat'>18</span> <span class='ocrx_word' id='word_1_330' title='bbox 202 2882 336 2915; x_wconf 85' lang='lat' dir='ltr'>testes</span> <span class='ocrx_word' id='word_1_331' title='bbox 359 2876 398 2915; x_wconf 88' lang='grc' dir='ltr'><em>Β</em></span> <span class='ocrx_word' id='word_1_332' title='bbox 566 2889 614 2925; x_wconf 92' lang='lat'>19</span> <span class='ocrx_word' id='word_1_333' title='bbox 647 2876 794 2914; x_wconf 88' lang='lat' dir='ltr'>Rudos</span> <span class='ocrx_word' id='word_1_334' title='bbox 822 2875 875 2916; x_wconf 90' lang='lat' dir='ltr'>T:</span> <span class='ocrx_word' id='word_1_335' title='bbox 910 2877 1046 2915; x_wconf 88' lang='lat' dir='ltr'>Rutos</span> <span class='ocrx_word' id='word_1_336' title='bbox 1068 2875 1131 2913; x_wconf 90' lang='lat' dir='ltr'>K:</span> <span class='ocrx_word' id='word_1_337' title='bbox 1165 2877 1311 2915; x_wconf 91' lang='lat' dir='ltr'>Rudes</span> <span class='ocrx_word' id='word_1_338' title='bbox 1332 2875 1373 2914; x_wconf 88' lang='grc' dir='ltr'><em>Β</em></span> <span class='ocrx_word' id='word_1_339' title='bbox 1541 2888 1590 2913; x_wconf 88' lang='lat'>22</span> <span class='ocrx_word' id='word_1_340' title='bbox 1620 2876 1789 2914; x_wconf 83' lang='lat' dir='ltr'>carinae</span> <span class='ocrx_word' id='word_1_341' title='bbox 1813 2875 1862 2914; x_wconf 87' lang='lat' dir='ltr'>C1</span> 
     </span>
     <span class='ocr_line' id='line_1_37' title="bbox 121 2929 1862 2982; baseline 0 -13"><span class='ocrx_word' id='word_1_342' title='bbox 121 2931 277 2970; x_wconf 84' lang='lat' dir='ltr'>semino</span> <span class='ocrx_word' id='word_1_343' title='bbox 302 2930 337 2969; x_wconf 88' lang='lat' dir='ltr'><em>C</em></span> <span class='ocrx_word' id='word_1_344' title='bbox 523 2943 572 2980; x_wconf 91' lang='lat'>27</span> <span class='ocrx_word' id='word_1_345' title='bbox 603 2931 760 2979; x_wconf 89' lang='lat' dir='ltr'>quique</span> <span class='ocrx_word' id='word_1_346' title='bbox 781 2931 922 2970; x_wconf 62' lang='lat' dir='ltr'><strong><em>Areu:</em></strong></span> <span class='ocrx_word' id='word_1_347' title='bbox 950 2931 1098 2981; x_wconf 87' lang='lat' dir='ltr'>cuique</span> <span class='ocrx_word' id='word_1_348' title='bbox 1127 2930 1178 2970; x_wconf 90' lang='lat' dir='ltr'>T:</span> <span class='ocrx_word' id='word_1_349' title='bbox 1209 2932 1360 2980; x_wconf 86' lang='lat' dir='ltr'>cuique</span> <span class='ocrx_word' id='word_1_350' title='bbox 1381 2943 1533 2970; x_wconf 85' lang='lat' dir='ltr'>causae</span> <span class='ocrx_word' id='word_1_351' title='bbox 1557 2929 1680 2968; x_wconf 87' lang='lat' dir='ltr'>CKN</span> <span class='ocrx_word' id='word_1_352' title='bbox 1698 2931 1862 2982; x_wconf 82' lang='lat' dir='ltr'>(-sem):</span> 
     </span>
    </p>
   </div>
   <div class='ocr_carea' id='block_1_4' title="bbox 119 2984 549 3035">
    <p class='ocr_par' dir='ltr' id='par_1_9' title="bbox 119 2984 549 3035">
     <span class='ocr_line' id='line_1_38' title="bbox 119 2984 549 3035; baseline -0.005 -10"><span class='ocrx_word' id='word_1_353' title='bbox 119 2987 317 3035; x_wconf 88' lang='lat' dir='ltr'>cuiusque</span> <span class='ocrx_word' id='word_1_354' title='bbox 339 2997 491 3026; x_wconf 86' lang='lat' dir='ltr'>causae</span> <span class='ocrx_word' id='word_1_355' title='bbox 510 2984 549 3022; x_wconf 89' lang='grc' dir='ltr'><em>Β</em></span> 
     </span>
    </p>
   </div>
   <div class='ocr_carea' id='block_1_5' title="bbox 176 3107 1039 3145">
    <p class='ocr_par' dir='ltr' id='par_1_10' title="bbox 176 3107 1039 3145">
     <span class='ocr_line' id='line_1_39' title="bbox 176 3107 1039 3145; baseline -0.005 0"><span class='ocrx_word' id='word_1_356' title='bbox 176 3107 278 3145; x_wconf 89' lang='lat'><em>1182</em></span> <span class='ocrx_word' id='word_1_357' title='bbox 308 3119 338 3144; x_wconf 91' lang='lat'>11</span> <span class='ocrx_word' id='word_1_358' title='bbox 1005 3109 1039 3141; x_wconf 89' lang='lat' dir='ltr'>X</span> 
     </span>
    </p>
   </div>
  </div>
 </body>
</html>
