2228 3444
860 375 1074 422 LIBER
1116 374 1191 420 IV

750 515 853 564 DE
910 512 1319 564 MEDICINA

288 657 369 703 DE
398 656 694 703 MEDICINA.
759 651 1014 702 Medicina
1039 661 1111 701 est
1139 667 1264 715 quae
1291 651 1508 714 corporis
1534 651 1610 700 vel
1637 659 1798 700 tuetur
1823 651 1898 700 vel
1924 659 1940 698 1

150 746 384 786 restaurat
419 738 656 785 salutern:
694 734 832 784 cuius
870 733 1072 783 materia
1101 743 1318 783 versatur
1350 734 1401 781 in
1436 732 1620 782 morbis
1654 742 1702 782 et
1736 735 1899 782 vulne-

150 818 299 868 ribus.
360 820 442 867 Ad
462 819 590 866 hanc
616 816 781 880 itaque
807 815 1054 880 pertinent
1074 833 1175 864 non
1197 833 1254 864 ea
1273 823 1465 864 tantum
1486 831 1613 878 quae
1631 832 1707 864 ars
1728 833 1898 864 eorum
1925 828 1955 861 2

150 899 362 959 exhibet,
402 898 486 963 qui
525 897 719 963 proprie
757 897 947 948 Medici
986 899 1317 957 nominantur,
1359 898 1446 946 sed
1489 895 1637 946 etiam
1675 897 1815 946 cibus
1854 907 1901 946 et

106 991 310 1046 spotus‚
356 990 554 1045 tegmen
597 990 644 1029 et
683 989 929 1044 tegumen.
1006 980 1245 1028 Defensio
1288 980 1505 1042 denique
1548 979 1710 1028 omnis
1753 988 1901 1043 atque

150 1063 373 1123 munitio,
403 1080 500 1126 qua
535 1060 751 1128 [sanum]
780 1071 1003 1111 nostrum
1034 1078 1212 1125 corpus
1247 1062 1480 1111 adversus
1513 1070 1739 1110 externos
1774 1060 1898 1111 ictus

149 1162 388 1209 casusque
415 1153 644 1194 servatur.

284 1231 367 1276 DE
415 1242 628 1276 NOMINE
678 1241 803 1276 E1vs.
880 1228 1078 1276 Nomen
1121 1234 1287 1274 autem
1333 1224 1618 1274 Medicinae
1659 1243 1688 1273 a
1731 1226 1896 1287 mod0‚
1926 1231 1963 1271 11

150 1310 199 1359 id
237 1320 310 1359 est
347 1318 752 1374 temperamento,
781 1308 1050 1373 inpositum
1088 1309 1387 1367 aestimatur,
1423 1316 1475 1356 ut
1513 1324 1614 1356 non
1653 1306 1792 1367 satisr
1811 1310 1899 1357 sed

79 1411 129 1439 10
149 1393 384 1455 paulatim
404 1391 710 1441 adhibeatur.
774 1393 904 1440 Nam
925 1390 975 1440 in
996 1392 1152 1440 multo
1172 1388 1487 1439 contristatur
1506 1398 1691 1449 natura,
1716 1390 1901 1439 medio-

149 1475 291 1522 criter
323 1483 489 1522 autem
521 1476 717 1537 gaudet.
791 1475 940 1523 Vnde
971 1482 1017 1523 et
1044 1471 1129 1537 qui
1162 1471 1415 1536 pigmenta
1448 1480 1496 1520 et
1528 1473 1753 1520 antidota
1783 1470 1898 1519 satis

149 1556 224 1605 vel
257 1557 454 1606 assidue
478 1555 705 1616 biberint,
735 1566 982 1605 vexantur.
1059 1555 1399 1603 Inmoderatio
1433 1554 1566 1602 enim
1601 1554 1762 1602 omnis
1795 1570 1896 1601 non

149 1639 371 1698 salutem,
401 1640 487 1688 sed
514 1637 786 1702 periculum
813 1640 963 1687 affert.

286 1721 367 1768 DE
417 1736 804 1769 1NVENT0Rissvs
856 1722 1185 1769 MEchlNAE.
1261 1717 1546 1767 Medicinae
1582 1727 1746 1767 auten]
1784 1719 1897 1766 artis
1924 1726 1986 1765 111

77 1822 123 1863 15
147 1812 316 1852 auctor
357 1821 414 1851 ac
457 1813 673 1866 repertor
715 1803 848 1866 apud
892 1803 1109 1852 Graecos
1153 1799 1436 1865 perhibetur
1475 1802 1673 1863 Apollo.
1749 1801 1897 1849 Hanc

149 1883 274 1934 filius
296 1884 398 1934 eius
419 1885 742 1948 Aesculapius
762 1885 909 1933 laude
930 1886 1005 1933 vel
1026 1900 1174 1947 opere
1192 1882 1459 1946 ampliavit.
1515 1883 1614 1930 Sed
1633 1890 1895 1944 postquam
1920 1893 1950 1927 2

148 1965 364 2016 fulminis
385 1967 483 2016 ictu
501 1968 827 2030 Aesculapius
845 1966 1040 2025 interiit,
1059 1966 1318 2015 interdicta
1334 1967 1482 2014 fertur
1502 1962 1738 2012 medendi
1759 1979 1874 2010 cura
1886 1980 1898 2022 3

147 2059 195 2099 et
237 2066 312 2098 ars
355 2049 500 2097 simul
544 2065 657 2097 cuin
696 2058 896 2096 auctore
933 2047 1126 2106 defecit,
1164 2048 1404 2110 latuitque
1446 2062 1532 2109 per
1574 2061 1731 2093 annos
1770 2060 1897 2107 pene

149 2129 443 2194 quingentos
471 2147 626 2193 usque
651 2131 715 2179 ad
741 2140 935 2193 tempus
963 2127 1240 2177 Artaxerxis
1267 2127 1390 2192 regis
1416 2130 1689 2177 Persarum.
1751 2129 1896 2174 Tunc

76 2228 126 2255 ²0
149 2229 256 2261 earn
292 2211 536 2261 revocavit
566 2211 615 2259 in
651 2213 811 2260 lucem
840 2212 1171 2275 Hippocrates
1199 2209 1431 2273 Asclepio
1457 2219 1592 2274 patre
1625 2207 1818 2272 genitus
1845 2209 1895 2256 in

147 2293 306 2343 insula
331 2293 456 2344 Coo.

283 2378 364 2425 DE
394 2392 578 2425 TRlssvs
614 2391 935 2424 HAERESIBVS
972 2377 1321 2424 MEDmORvM.
1399 2371 1470 2422 Hi
1495 2374 1660 2438 itaque
1687 2381 1781 2422 tres
1807 2372 1894 2422 viri
1920 2383 1977 2423 IV

145 2456 362 2522 totidem
379 2460 604 2508 haereses
630 2459 934 2507 invenerunt.
999 2456 1161 2505 Prima
1190 2456 1481 2505 Methodica
1507 2457 1708 2505 inventa
1733 2465 1806 2504 est
1829 2456 1892 2504 ab

146 2541 390 2604 Apolline,
413 2558 538 2604 quae
564 2539 781 2590 remedia
807 2549 1019 2588 sectatur
1038 2548 1086 2588 et
1110 2537 1340 2587 carmina.
1397 2539 1626 2588 Secunda
1647 2538 1891 2602 Enpirica,

204 2685 221 2710 1
255 2673 385 2724 quae]
404 2673 471 2711 vel
492 2671 538 2710 K
664 2687 688 2711 2
720 2672 904 2711 moribus
929 2671 977 2710 C1
999 2673 1101 2722 (non
1122 2671 1234 2723 DH)
1325 2672 1498 2711 vulnera
1519 2671 1684 2710 BCDT
1700 2674 1802 2722 (non
1823 2672 1890 2722 H)

133 2727 236 2776 fort.
275 2727 319 2766 in
351 2727 518 2766 morbos
559 2733 602 2766 et
636 2727 811 2766 vulnera
976 2739 999 2776 5
1039 2725 1223 2775 tegimen
1255 2731 1298 2765 et
1327 2733 1526 2776 tegumen
1562 2726 1623 2766 T:
1659 2727 1818 2776 tigmen
1849 2733 1891 2765 et

145 2789 343 2831 tegumen
364 2780 431 2821 K:
462 2788 634 2832 tegmen
656 2787 698 2821 et
718 2782 769 2820 H
787 2784 889 2832 (non
905 2780 964 2834 D)
1077 2783 1104 2819 6
1127 2780 1304 2820 monitio
1328 2780 1453 2833 (·cio)
1475 2780 1571 2819 HK
1678 2796 1716 2831 q.
1741 2793 1890 2820 sanum

145 2849 299 2886 corpus
329 2843 522 2876 nostrum
548 2835 607 2876 C:
635 2850 674 2885 q.
701 2841 944 2875 nostrorum
966 2848 1122 2886 eorpus
1138 2835 1202 2875 B:
1239 2849 1277 2885 q.
1303 2847 1454 2874 sanum
1477 2849 1633 2886 corpus
1653 2834 1720 2873 K:
1752 2849 1790 2884 q.
1815 2848 1889 2874 no-

144 2897 277 2930 strum
299 2904 452 2941 corpus
475 2891 551 2930 TD
568 2890 820 2930 Vercellensis
841 2904 945 2930 202:
966 2895 1166 2940 quantum
1187 2901 1343 2941 corpus
1357 2889 1409 2928 H
1550 2904 1571 2940 7
1602 2902 1835 2940 cursusque
1849 2887 1895 2927 Κ

146 2952 338 2986 servetur
365 2946 401 2985 T
503 2960 530 2996 9
560 2952 626 2986 est
651 2959 674 2984 a
696 2951 822 2996 temp.
851 2945 887 2985 C
991 2951 1059 2985 ut.
1080 2975 1088 2985 .
1112 2975 1120 2986 .
1141 2945 1278 2985 adhib.
1303 2959 1386 2985 om.
1419 2944 1469 2984 Tl
1585 2958 1633 2983 10
1657 2945 1697 2983 in
1715 2945 1890 2984 multum

146 2998 225 3038 Bc·
328 3006 477 3040 natura
497 3015 581 3040 om.
607 3000 654 3039 K
742 3000 944 3040 mediocri
966 2999 1022 3038 Β1
1152 3012 1199 3049 13
1230 3000 1352 3039 effert
1373 2999 1419 3037 K
1544 3011 1590 3048 15
1621 3012 1668 3038 ac
1691 3005 1890 3049 repertor

145 3054 308 3146 ffepffi‘)
331 3054 560 3148 BgDHT:
590 3062 662 3096 aut
682 3056 879 3096 inventor
898 3053 944 3092 Κ
1051 3055 1130 3094 hac
1155 3053 1203 3093 C1
1224 3069 1232 3093 ι
1260 3069 1308 3094 ac
1337 3055 1373 3093 T
1506 3055 1553 3091 18
1582 3066 1694 3103 pene
1716 3067 1799 3094 om.
1832 3053 1889 3092 T:

162 3121 230 3147 erc
291 3122 371 3148 erce
405 3123 512 3150 ensts
531 3123 612 3150 202
