2176 3424
389 167 1021 215 ETYMOLOGIARVM
1060 167 1186 212 LIB.
1226 167 1365 212 XIV.
1405 164 1467 224 iii,
1508 167 1553 213 iv

96 297 239 354 venit,
269 295 531 359 spiramine
556 295 852 359 fraglantiori
886 305 934 344 et
963 296 1127 344 colore
1157 297 1266 358 plus
1299 311 1461 343 aureo.
1536 294 1686 358 Lycia
1712 311 1836 343 nun·
1859 299 1930 356 46

94 386 272 439 cupata
301 378 436 440 quod
469 378 532 426 ab
566 377 754 427 oriente
789 378 1023 427 adiuncta
1049 376 1252 428 Ciliciae
1287 376 1361 425 sit.
1435 378 1565 425 Nam
1599 377 1750 425 habet
1774 377 1837 425 ab

93 468 200 507 ortu
218 458 456 527 Ciliciam,
478 458 542 507 ab
568 476 747 508 occasu
773 469 821 508 et
840 458 1045 508 meridie
1062 475 1206 518 mare,
1226 476 1255 507 a
1275 459 1608 521 septentrione
1626 458 1834 509 Cariam.

93 540 171 588 Ibi
198 550 270 589 est
294 556 437 588 mons
464 540 738 601 Chimaera,
765 540 850 605 qui
875 540 1129 590 nocturnis
1163 539 1379 590 aestibus
1415 541 1577 603 ignem
1614 541 1837 590 exhalat:

45 647 66 688 5
91 621 215 671 sicut
240 621 290 669 in
316 621 479 671 Sicilia
503 625 666 672 Aetna
692 633 739 672 et
763 623 1008 673 Vesuvius
1034 625 1086 672 in
1112 622 1396 686 Campania.

227 706 307 751 DE
335 706 566 753 EVROPA.
641 709 759 754 Post
775 705 945 754 Asiam
965 707 1030 755 ad
1058 709 1311 769 Europam
1339 704 1505 754 stilum
1522 705 1833 755 vertendum.
1860 715 1918 755 IV

91 785 290 848 Europa
315 785 498 849 quippe
524 787 765 850 Agenoris
792 789 915 851 regis
944 788 1131 851 Libyae
1158 787 1257 836 filia
1282 787 1386 847 fuit,
1415 804 1565 850 quam
1605 784 1737 834 Iovis
1771 784 1833 832 ab

90 868 254 915 Africa
279 877 466 930 raptam
504 869 702 917 Cretam
737 869 944 930 advexit,
975 879 1022 918 et
1049 879 1238 933 partem
1265 869 1457 919 tertiam
1484 868 1617 918 orbis
1643 885 1701 916 ex
1730 865 1834 915 eius

91 950 292 997 nomine
310 949 586 1011 appellavit.
661 952 761 998 Iste
779 959 851 998 est
871 959 1036 999 autern
1058 954 1257 1014 Agenor
1278 951 1464 1014 Libyae
1489 950 1631 1009 filius,
1654 967 1712 998 ex
1737 965 1835 1012 qua

5 1053 66 1083 ⁸10
90 1039 138 1078 et
165 1029 332 1092 Libya,
356 1029 405 1078 id
431 1038 504 1078 est
529 1030 707 1091 Africa,
727 1032 877 1080 fertur
902 1031 1252 1095 cognominata
1270 1051 1283 1093 3
1319 1034 1454 1081 unde
1478 1039 1680 1096 apparet
1699 1029 1832 1093 prius

94 1110 299 1174 Libyam
318 1112 567 1175 accepisse
591 1113 901 1173 vocabulum,
921 1123 1093 1177 postea
1111 1118 1376 1178 Europam.
1450 1116 1651 1177 Europa
1666 1122 1831 1162 autern
1854 1133 1885 1167 2

89 1192 139 1240 in
165 1193 356 1242 tertiam
381 1203 570 1257 partem
596 1194 728 1244 orbis
755 1195 910 1244 divisa
936 1195 1106 1260 incipit
1140 1214 1168 1244 a
1201 1196 1404 1245 flumine
1431 1195 1603 1256 Tanai,
1632 1197 1834 1245 descen-

89 1277 210 1324 dens
235 1277 299 1324 ad
326 1293 556 1325 occasum
583 1294 667 1340 per
687 1277 1123 1342 septentrionalem
1150 1280 1410 1329 Oceanum
1450 1295 1606 1342 usque
1632 1278 1683 1326 in
1710 1279 1833 1327 fines

91 1357 362 1421 Hispaniae
384 1377 395 1419 3
450 1360 587 1407 cuius
625 1376 734 1422 pars
774 1360 1021 1409 orientalis
1056 1371 1102 1409 et
1146 1361 1416 1410 meridiana
1455 1378 1484 1408 a
1527 1364 1688 1410 Ponto
1722 1377 1836 1409 con-

0 1455 60 1502 ”5
87 1456 300 1502 surgens,
343 1449 446 1488 tota
487 1440 607 1488 mari
659 1442 847 1504 Magno
890 1442 1216 1507 coniungitur,
1259 1452 1305 1491 et
1355 1445 1404 1491 in
1443 1443 1625 1492 insulas
1666 1444 1833 1493 Gades

88 1521 264 1570 finitur.
340 1521 500 1570 Prima
527 1524 756 1586 Europae
782 1523 914 1586 regio
940 1524 1139 1587 Scythia
1165 1524 1377 1585 inferior,
1405 1542 1532 1588 quae
1570 1543 1598 1574 a
1625 1524 1832 1575 Maeoti-
1855 1548 1885 1594 3

86 1602 161 1652 dis
186 1603 450 1667 paludibus
475 1603 714 1668 incipiens
734 1604 860 1654 inter
877 1606 1168 1655 Danubium
1195 1616 1242 1656 et
1265 1608 1525 1657 Oceanum
1542 1608 1830 1672 septentrio-

86 1687 247 1734 nalem
273 1703 429 1749 usque
453 1687 518 1735 ad
543 1686 859 1736 Germaniam
896 1688 1154 1752 porrigitur
1174 1708 1187 1750 3
1225 1707 1352 1752 quae
1389 1699 1514 1739 terra
1542 1690 1831 1754 generaliter

86 1777 282 1830 propter
306 1768 534 1816 barbaras
568 1778 751 1831 gentes,
782 1769 961 1833 quibus
993 1770 1307 1832 inhabitatur,
1339 1771 1602 1821 Barbarica
1635 1772 1826 1822 dicitur.

4 1872 61 1899 020
87 1850 252 1897 Huius
289 1866 397 1913 pars
432 1849 587 1912 prima
612 1850 788 1898 Alania
820 1861 906 1911 est,
929 1868 1057 1915 quae
1093 1855 1157 1902 ad
1184 1853 1454 1903 Maeotidis
1488 1857 1693 1918 paludes
1727 1872 1830 1919 per-

85 1930 254 1994 tingit3
291 1940 402 1994 post
428 1933 556 1979 hanc
583 1932 753 1993 Dacia,
784 1932 869 1981 ubi
895 1943 942 1982 et
969 1933 1154 1983 Gothia
1174 1953 1186 1995 3
1222 1935 1405 1985 deinde
1431 1937 1712 1998 Germania,
1741 1937 1828 1986 ubi

84 2010 343 2072 plurimam
369 2022 556 2075 partem
583 2014 729 2063 Suevi
754 2013 1078 2064 incoluerunt.
1153 2017 1420 2066 Germania
1439 2028 1551 2081 post
1577 2018 1827 2082 Scythiam
1851 2041 1883 2088 4

84 2090 361 2142 inferiorem
386 2111 414 2141 a
441 2095 676 2144 Danubio
702 2095 827 2145 inter
848 2099 1083 2146 Rhenum
1109 2098 1314 2148 fluvium
1335 2101 1694 2164 Oceanumque
1715 2118 1830 2150 con-

86 2175 219 2222 clusa
252 2174 459 2239 cingitur
494 2194 524 2224 a
559 2179 892 2241 septentrione
924 2188 971 2228 et
1007 2196 1187 2228 occasu
1229 2182 1448 2241 Oceano,
1477 2183 1541 2231 ab
1567 2192 1675 2231 ortu
1714 2200 1829 2232 vero

0 2281 60 2323 ³25
85 2256 332 2316 Danubio,
372 2275 402 2305 a
444 2258 646 2308 meridie
687 2261 867 2309 Rheno
907 2260 1111 2310 flumine
1155 2261 1409 2311 dirimitur.
1497 2266 1648 2313 Terra
1690 2264 1827 2314 dives

83 2339 238 2386 virum
279 2356 336 2387 ac
375 2342 569 2404 populis
611 2342 887 2391 numerosis
929 2352 977 2392 et
1016 2343 1335 2406 inmanibus3
1372 2347 1506 2395 unde
1543 2356 1591 2395 et
1628 2356 1828 2411 propter

142 2481 158 2507 1
196 2470 440 2520 fraglantior
459 2471 538 2511 BC
544 2470 597 2509 T:
639 2473 885 2522 flagrantior
904 2472 950 2510 K
1057 2473 1173 2525 plus]
1194 2475 1414 2524 pulchrior
1435 2475 1481 2513 K
1589 2490 1693 2517 auro
1714 2477 1823 2518 codd.

85 2524 201 2564 Libia
220 2524 265 2562 K
398 2538 424 2575 3
453 2526 554 2578 CiL]
573 2526 718 2566 libiam
739 2526 785 2565 K
910 2541 1105 2568 occasum
1129 2529 1410 2569 meridianum
1432 2530 1478 2568 K
1632 2546 1657 2581 4
1687 2534 1760 2583 qui
1782 2533 1824 2572 in

82 2585 193 2619 noct.
227 2578 273 2618 K
458 2584 485 2620 6
512 2583 764 2621 vertendum
798 2583 945 2635 (berb)
980 2582 1154 2622 BCKM
1171 2599 1179 2623 :
1222 2585 1427 2625 vertimus
1470 2585 1547 2625 TU
1579 2587 1689 2627 Ovet.
1722 2594 1818 2627 extr.

6 2662 12 2663 ff
44 2640 52 2660 '·
83 2645 104 2682 7
135 2633 275 2684 Agen.
297 2634 406 2675 filius
422 2649 510 2685 reg.
531 2636 588 2675 fil.
613 2636 669 2676 fu.
693 2637 749 2675 Bl
885 2651 1011 2688 quem
1038 2637 1087 2677 Cl
1230 2638 1348 2679 ioves
1368 2640 1499 2692 (-bes)
1529 2640 1566 2679 T
1583 2642 1697 2682 Ovet.
1721 2648 1819 2681 extr.

42 2686 43 2690 ’
82 2688 131 2726 ab
148 2689 262 2741 Asn]
286 2690 383 2728 abet
403 2690 504 2729 frica
531 2690 584 2727 T2
755 2705 782 2741 9
810 2692 891 2732 iste
910 2706 992 2732 om.
1018 2691 1065 2730 K
1080 2693 1182 2742 (non
1207 2693 1317 2735 Ovet.
1340 2696 1454 2747 extr.)
1567 2710 1649 2747 qua
1671 2697 1762 2736 Lib.
1792 2697 1827 2735 C

86 2754 134 2781 10
164 2743 254 2782 Lib.
281 2775 290 2784 .
313 2774 320 2782 .
344 2744 494 2794 ,prius
513 2758 594 2784 om.
626 2745 662 2783 T
766 2759 836 2786 un.
861 2753 903 2786 et
923 2760 1021 2798 app.
1046 2746 1092 2784 K
1240 2762 1288 2788 12
1318 2750 1446 2788 tertia
1465 2749 1553 2788 ΒΚ
1561 2749 1598 2789 T
1702 2756 1822 2801 parte

82 2808 120 2836 o.
141 2797 228 2837 BT
242 2811 257 2836 :⁷
282 2804 402 2849 parte
423 2800 566 2838 mundi
587 2798 651 2839 K:
684 2801 797 2839 orbis
819 2801 854 2840 C
1037 2815 1085 2852 13
1114 2801 1166 2840 ab
1193 2815 1346 2843 occasu
1366 2802 1489 2842 BCK
1625 2805 1690 2857 in]
1706 2807 1758 2844 ad
1779 2804 1825 2843 K

87 2862 133 2900 15
163 2865 316 2903 magna
350 2853 401 2892 Cl
574 2857 622 2892 16
650 2867 674 2892 a
708 2868 790 2894 om.
826 2855 871 2893 K
1047 2870 1093 2905 17
1124 2858 1302 2896 danaum
1337 2857 1384 2896 K
1415 2861 1516 2909 (non
1551 2860 1662 2899 Ovet.
1695 2862 1819 2911 extr.)

87 2916 136 2955 19
162 2906 373 2947 habitatur
399 2908 436 2948 T
577 2909 792 2948 barbarica
810 2909 887 2949 BC
893 2910 949 2949 T:
981 2912 1038 2950 -ia
1058 2910 1103 2949 K
1278 2924 1330 2951 20
1361 2915 1569 2954 meotides
1589 2913 1697 2953 BT:
1728 2915 1822 2954 -das

86 2959 162 2997 CK
267 2975 314 3000 21
341 2963 438 3002 inde
454 2961 499 3000 K
514 2967 615 3016 (non
633 2963 743 3003 Ovet.
760 2969 875 3015 extr.)
1005 2978 1056 3016 23
1080 2967 1122 3005 in
1137 2979 1284 3006 renum
1301 2969 1396 3008 fluv,
1415 2969 1492 3008 Oc.
1510 2968 1601 3007 KN
1708 2982 1758 3018 24
1779 2977 1822 3009 et

83 3026 232 3054 occasu
250 3045 260 3055 .
284 3045 294 3056 .
321 3048 329 3057 .
351 3023 464 3056 terra
497 3032 580 3059 om.
617 3017 744 3057 KNO
776 3022 879 3070 (non
913 3019 999 3059 DF
1003 3023 1017 3072 )
1186 3025 1240 3060 26
1267 3021 1414 3062 virium
1442 3022 1610 3062 BCDK
1637 3023 1740 3075 (non
1783 3024 1824 3063 U

86 3068 196 3108 Ovet.
218 3073 336 3122 extr.)
453 3073 562 3112 unde
585 3078 627 3112 et
652 3101 660 3112 .
681 3100 690 3112 .
719 3102 727 3113 .
750 3073 859 3113 dicta
882 3081 946 3114 est
967 3075 1092 3114 etiam
1113 3081 1207 3115 cmte
1228 3076 1347 3116 dives
1366 3077 1410 3116 in
1431 3074 1559 3117 KNO
