2228 3444
1089 184 1363 233 ISIDORI

348 313 411 360 de
452 313 628 361 decem
668 314 975 374 nominibuS‚
1013 314 1194 377 quibus
1229 317 1365 379 apud
1403 317 1664 367 Hebraeos
1706 321 1843 368 Deus
1881 329 2097 370 vocatur.

257 406 326 443 20
348 397 511 444 Amen
531 394 773 459 significat
790 413 920 457 vere,
945 394 1047 445 sive
1073 396 1299 458 fideliter,
1315 400 1451 461 quod
1467 409 1516 449 et
1531 394 1677 463 ipsud
1695 402 1987 452 Hebraeum
2008 412 2096 452 est.

349 477 493 537 Quae
519 478 621 526 duo
647 477 798 527 verba
821 495 969 527 amen
1003 488 1050 528 et
1083 479 1279 528 alleluia
1307 494 1402 529 nec
1431 482 1633 531 Graecis
1663 499 1757 532 nec
1794 484 1982 534 Latinis
2007 501 2100 534 nec

347 557 566 608 barbaris
592 559 706 609 licet
730 559 782 608 in
808 577 947 609 suam
974 562 1190 625 linguam
1218 564 1425 612 omnino
1445 565 1701 614 transferre
1726 567 1802 615 vel
1826 566 1920 615 alia
1935 566 2101 630 lingua

347 641 654 691 adnuntiare.
729 644 859 691 Nam
901 643 1126 707 quamvis
1166 643 1472 708 interpretari
1512 649 1715 711 possint,
1752 657 1952 711 propter
1995 663 2101 695 san·
2125 667 2147 707 5

348 722 552 774 ctiorem
579 734 746 773 tamen
766 725 1110 774 auctoritatem
1138 736 1328 776 servata
1353 737 1426 776 est
1451 728 1515 777 ab
1541 729 1794 793 Apostolis
1819 729 1870 777 in
1896 728 1970 778 his
1995 744 2103 792 pro-

266 820 322 854 21
345 804 477 868 priae
515 805 710 869 linguae
747 807 1026 871 antiquitas.
1118 811 1283 858 Tanto
1319 809 1451 858 enim
1491 827 1626 860 sacra
1662 820 1777 860 sunt
1811 810 2014 859 nomina
2050 818 2104 858 ut

345 887 493 936 etiam
522 890 774 938 Iohannes
809 889 859 938 in
893 890 1228 954 Apocalypsin
1263 893 1437 941 referat
1463 909 1515 941 se
1548 892 1728 956 Spiritu
1763 894 2010 942 revelante
2039 894 2103 940 vi-

344 969 475 1019 disse
525 980 572 1020 et
613 971 813 1021 audisse
855 989 1028 1022 vocem
1074 973 1297 1022 caelestis
1341 974 1580 1023 exercitus
1623 985 1878 1039 tamquam
1928 991 2101 1024 vocem

345 1069 584 1115 aquarum
611 1055 875 1102 multarum
911 1064 959 1103 et
993 1055 1263 1104 tonitruum
1300 1055 1575 1105 validorum
1611 1057 1882 1106 dicentium
1910 1076 1918 1105 t
1956 1073 2101 1106 amen
2130 1074 2178 1102 10

348 1145 395 1183 ct
421 1135 644 1184 alleluia:
683 1153 740 1185 ac
766 1153 852 1200 per
882 1139 978 1186 hoc
1014 1138 1083 1186 sic
1114 1147 1307 1200 oportet
1341 1138 1389 1185 in
1426 1140 1562 1187 terris
1596 1148 1804 1202 utraque
1834 1138 1946 1197 dici,
1977 1138 2101 1187 sicut

260 1225 323 1260 22
348 1217 397 1265 in
418 1219 556 1266 caelo
582 1230 825 1267 resonant.
903 1222 1106 1268 Osanna
1133 1220 1179 1268 in
1207 1220 1403 1269 alterius
1431 1221 1626 1284 linguae
1651 1220 2102 1284 interpretationem

349 1301 398 1348 in
430 1310 535 1349 toto
573 1300 778 1350 transire
808 1318 908 1349 non
939 1311 1116 1365 potest.
1192 1302 1279 1351 Osi
1316 1302 1448 1351 enirn
1483 1301 1698 1351 salvifica
1727 1302 2106 1366 interpretatur3

347 1399 478 1430 anna
515 1382 788 1432 interiectio
819 1394 906 1444 est,
942 1394 1133 1433 motum
1173 1384 1324 1433 animi
1353 1384 1633 1448 significans
1665 1384 1757 1434 sul)
1795 1383 2104 1448 deprecantis

259 1476 323 1522 23
350 1466 543 1513 affectu.
596 1467 794 1528 Integre
812 1476 977 1515 autem
1000 1466 1178 1515 dicitur
1194 1466 1415 1526 osianna,
1433 1468 1570 1530 quod
1590 1483 1680 1515 nos
1698 1476 1926 1530 corrupta
1941 1466 2105 1516 media
2132 1485 2176 1525 15

354 1546 512 1596 vocali
536 1547 696 1596 littera
722 1557 769 1596 et
795 1547 914 1597 elisa
940 1548 1151 1597 dicimus
1185 1566 1387 1608 osanna,
1418 1551 1542 1598 sicut
1569 1550 1622 1598 fit
1652 1549 1702 1597 in
1736 1548 1956 1598 versibus
1990 1565 2102 1598 curn

353 1629 654 1678 scandimus.
695 1629 879 1679 Littera
895 1630 1027 1680 enim
1046 1630 1203 1694 prima
1221 1631 1357 1681 verbi
1384 1630 1634 1694 sequentis
1652 1640 1919 1680 extremam
1936 1629 2107 1695 prioris

352 1711 487 1760 verbi
514 1711 716 1761 veniens
743 1712 974 1774 excludit,
1003 1723 1050 1762 et
1081 1712 1259 1762 dicitur
1290 1714 1542 1763 Hebraice
1573 1730 1774 1774 osanna,
1802 1716 1939 1778 quod
1965 1713 2108 1763 inter-

353 1804 569 1858 pretatur
594 1794 821 1856 salvifica‚
850 1794 1198 1845 subaudiendo
1222 1797 1328 1845 vel:
1362 1798 1601 1860 populum
1628 1806 1782 1856 tuum,
1810 1798 1914 1846 vel:
1945 1805 2103 1845 totum

264 1894 331 1942 24
355 1878 615 1926 mundum.
680 1877 997 1926 Offertorium
1023 1877 1107 1926 tali
1133 1896 1190 1926 ex
1215 1895 1364 1927 causa
1388 1878 1595 1942 sumpsit
1620 1879 1934 1927 vocabulum.
1997 1880 2105 1927 Fer-
2131 1895 2182 1922 20

357 1969 462 2007 tum
501 1961 633 2007 enirn
665 1958 844 2007 dicitur
876 1959 1063 2008 oblatio
1101 1976 1228 2023 quae
1265 1961 1402 2008 altari
1437 1961 1636 2009 offertur
1667 1968 1716 2009 et
1749 1961 2047 2009 sacrificatur
2079 1978 2108 2008 a

357 2040 692 2104 pontificibus,
710 2059 739 2090 a
755 2059 855 2105 quo
875 2042 1176 2091 offertorium
1198 2044 1524 2101 nominatum,
1544 2042 1683 2105 quasi
1699 2051 1898 2105 propter
1912 2044 2105 2091 fertum.

153 2130 230 2180 25,
260 2118 329 2165 26
358 2122 560 2172 Oblatio
586 2133 789 2172 vocatur
822 2126 939 2187 quia
965 2125 1178 2174 offertur.
1252 2127 1402 2173 Dona
1433 2125 1628 2188 proprie
1661 2123 1828 2173 divina
1860 2124 2105 2184 dicuntur,

263 2218 327 2268 27
353 2223 558 2254 munera
583 2206 857 2255 hominum.
932 2208 1062 2255 Nam
1081 2223 1288 2255 munera
1307 2207 1540 2255 dicuntur
1565 2205 1818 2270 obsequia,
1841 2222 1968 2269 quae
1993 2223 2108 2270 pau-

349 2304 490 2351 peres
517 2288 753 2337 divitibus
779 2290 892 2337 loco
919 2305 1179 2338 munerum
1207 2290 1417 2338 solvunt.
1493 2290 1668 2352 Itaque
1703 2305 1882 2336 munus
1916 2288 2106 2336 homini
2145 2308 2192 2347 ²5

351 2371 505 2432 datur,
535 2373 726 2420 donum
763 2373 889 2419 Deo.
963 2372 1112 2419 Vnde
1146 2369 1295 2420 etiam
1330 2369 1379 2418 in
1415 2369 1612 2434 templis
1643 2368 1848 2418 donaria
1877 2368 2102 2418 dicimus.

354 2455 567 2502 Munera
599 2463 765 2502 autem
792 2462 1032 2502 vocantur
1057 2454 1175 2516 quia
1199 2452 1430 2501 manibus
1455 2453 1532 2501 vel
1557 2450 1866 2515 accipiuntur
1890 2452 1967 2500 vel
1991 2452 2108 2500 dan-

263 2537 330 2584 28
354 2544 442 2584 tur.
519 2537 636 2584 Duo
662 2545 776 2584 sunt
801 2545 967 2584 autem
1001 2551 1129 2598 quae
1162 2537 1459 2584 offeruntur:
1498 2535 1687 2583 donum
1720 2542 1768 2582 et
1797 2532 2103 2582 sacrificium.

262 2630 331 2677 29
359 2618 563 2664 Donum
612 2617 790 2666 dicitur
832 2616 1077 2680 quidquid
1124 2633 1244 2665 auro
1283 2625 1586 2680 argentoque
1633 2625 1717 2664 aut
1758 2614 1976 2678 qualibet
2013 2614 2107 2663 alia

266 2720 332 2767 30
358 2698 522 2763 specie
549 2699 767 2747 efficitur.
840 2699 1143 2749 Sacrificium
1168 2708 1332 2747 autem
1361 2706 1435 2747 est
1459 2696 1656 2746 victima
1690 2706 1737 2747 et
1763 2713 2107 2761 quaecumque
2132 2722 2183 2762 30

417 2843 441 2867 2
471 2830 583 2879 quod
604 2829 719 2879 ipsut
740 2829 912 2868 ebreum
935 2842 1016 2879 que
1038 2829 1122 2868 duo
1150 2829 1186 2866 T
1321 2841 1340 2877 7
1373 2827 1555 2866 Tantum
1577 2825 1622 2864 K
1753 2840 1801 2866 10
1829 2838 1953 2864 amen
1973 2825 2040 2864 all.
2063 2824 2109 2862 K

364 2898 409 2923 11
442 2889 645 2934 oportent
668 2882 745 2921 CT
925 2898 972 2922 12
1001 2884 1143 2933 lingua
1162 2883 1203 2921 Β
1382 2894 1429 2931 13
1459 2887 1591 2920 totum
1613 2880 1659 2918 K
1835 2893 1882 2929 14
1911 2878 2049 2918 anime
2076 2879 2112 2917 T

366 2951 414 2988 15
444 2939 641 2978 affectum
662 2937 784 2976 BCT
944 2943 1146 2988 corrupte
1165 2936 1212 2975 K
1396 2939 1444 2975 16
1472 2936 1662 2975 vocabuli
1686 2935 1721 2973 C
1866 2934 1909 2973 li.
1937 2934 2043 2972 elisa
2063 2932 2109 2971 K

366 3007 411 3043 17
442 2992 595 3043 prioris
613 3006 706 3032 ven.
732 2993 766 3031 C
894 2994 942 3031 18
973 2992 1185 3032 Hebraice
1206 2990 1300 3030 add.
1322 2990 1384 3028 Κ2
1473 2991 1645 3029 osianna
1669 2989 1706 3027 T
1810 3001 1858 3026 21
1891 2988 2041 3027 altario
2063 2987 2109 3026 K

362 3061 414 3086 22
444 3047 642 3099 propter]
666 3059 768 3097 prae
788 3046 834 3084 K
924 3048 1056 3087 fertur
1074 3046 1117 3084 B
1240 3058 1291 3095 23
1320 3045 1465 3084 divina
1485 3058 1566 3084 om.
1589 3043 1631 3082 A
1638 3042 1724 3081 DK
1742 3057 1751 3083 :
1783 3042 1880 3082 add.
1900 3043 1943 3082 in
1964 3055 2102 3094 marg.

364 3101 405 3139 Β
425 3116 435 3141 :
465 3103 507 3141 di
529 3102 573 3153 (τ’.
590 3116 618 3141 e.
643 3100 745 3154 Dei)
772 3101 901 3150 Trim,
911 3103 1015 3152 fort.
1039 3105 1135 3140 recte
1240 3113 1291 3149 24
1321 3100 1534 3139 hominum
1556 3112 1638 3138 om.
1659 3099 1701 3137 A
1814 3097 1944 3149 quae]
1966 3110 2051 3147 quo
2073 3095 2110 3134 T

364 3169 414 3206 25
445 3156 581 3195 locum
604 3154 699 3194 KC¹
866 3169 915 3205 27
947 3162 1125 3194 vocatur
1140 3154 1185 3192 K
1291 3167 1371 3204 qua
1394 3154 1442 3193 C¹
1607 3166 1659 3203 29
1689 3151 1875 3202 quelibet
1898 3151 1947 3190 C¹
