2228 3444
475 170 1107 220 ETYMOLOGIARVM
1150 175 1276 222 LIB.
1319 177 1407 222 VI.
1450 175 1543 223 xvii

135 296 374 359 significat
399 297 513 360 quia
538 298 589 346 in
614 309 720 351 toto
745 310 967 364 tempore
992 302 1189 363 saeculi,
1219 306 1356 366 quod
1382 304 1664 368 septenario
1690 306 1881 356 dierum

131 396 339 428 nu-mero
363 379 532 443 agitur,
562 398 695 430 nunc
721 382 918 431 tertium
943 392 1139 446 tempus
1165 385 1260 434 hoc
1286 396 1650 436 sacramentum
1677 389 1884 451 aperuit.

134 460 358 509 Primum
397 462 530 510 enim
573 472 768 527 tempus
810 474 884 513 est
926 474 1042 514 ante
1082 467 1255 530 legem,
1304 469 1580 517 secundum
1626 469 1718 517 sub
1760 471 1881 534 lege,
1909 473 1967 519 16

132 541 327 590 tertium
365 543 458 592 sub
499 546 683 607 gratia3
732 545 816 594 ubi
853 545 950 594 iam
990 549 1359 597 manifestatum
1404 558 1477 598 est
1521 560 1883 600 sacramentum

84 645 107 686 5
131 622 262 687 prius
288 627 538 674 occultum
569 625 619 674 in
654 626 945 691 prophetico
971 630 1249 692 aenigmate
1271 649 1279 679 :
1318 631 1432 679 ideo
1459 641 1506 680 et
1532 641 1731 696 propter
1760 634 1882 682 haec

130 704 219 754 tria
255 706 438 755 saeculi
475 716 700 771 tempora
729 708 1017 758 resurrectio
1057 710 1265 759 Domini
1301 712 1529 760 triduana
1567 722 1656 762 est.
1729 714 1881 772 Quod
1905 728 1958 777 17

129 803 243 837 vero
279 776 308 836 a
344 799 516 853 quarta
553 791 749 839 decima
785 792 902 840 luna
942 809 1099 856 usque
1133 794 1198 842 ad
1233 792 1520 843 vicesimam
1551 794 1761 859 primam
1796 812 1882 859 per

129 868 234 919 dies
261 880 449 934 septem
485 873 728 936 paschalis
762 873 866 923 dies
902 874 1166 937 quaeritur,
1195 885 1396 940 propter
1429 876 1591 940 ipsum
1618 895 1881 927 numerum

130 954 474 1016 septenarium,
502 971 603 1018 quo
629 955 956 1005 universitatis
991 955 1284 1020 significatio
1316 974 1464 1022 saepe
1497 960 1729 1023 figuratur
1746 978 1758 1020 3
1797 959 1882 1023 qui

55 1059 105 1088 10
129 1036 276 1083 etiam
302 1036 394 1098 ipsi
421 1035 676 1086 Ecclesiae
701 1037 927 1087 tribuitur
962 1047 1161 1103 propter
1196 1038 1347 1089 instar
1373 1040 1716 1102 universitatis,
1745 1044 1880 1091 unde

127 1125 175 1165 et
202 1117 453 1167 Iohannes
479 1120 749 1182 Apostolus
775 1118 827 1168 in
853 1119 1192 1184 Apocalypsin
1216 1123 1280 1171 ad
1311 1132 1505 1186 septem
1531 1123 1701 1173 scribit
1728 1126 1880 1174 eccle-

126 1200 236 1248 sias.
313 1199 537 1250 Ecclesia
561 1218 677 1251 vero
701 1203 867 1251 adhuc
894 1201 944 1251 in
979 1201 1070 1251 ista
1101 1205 1397 1254 mortalitate
1422 1206 1582 1254 carnis
1608 1208 1878 1256 constituta
1902 1210 1958 1258 18

126 1290 324 1345 propter
349 1281 506 1346 ipsam
533 1283 913 1334 mutabilitatem
947 1286 1094 1335 lunae
1128 1284 1332 1335 nomine
1366 1285 1417 1334 in
1450 1286 1709 1352 Scripturis
1736 1288 1879 1352 signi-

127 1363 310 1412 ficatur.
385 1363 532 1413 Varia
556 1374 723 1415 autem
754 1366 1064 1416 observantia
1097 1367 1390 1431 opinionum
1421 1369 1666 1434 paschalis
1701 1370 1878 1420 festivi·
1900 1380 1960 1427 19

54 1467 100 1507 15
126 1445 237 1495 tatis
263 1445 512 1496 interdum
538 1465 750 1498 errorem
774 1447 940 1513 gignit.
1000 1449 1162 1498 Latini
1188 1467 1405 1514 namque
1429 1468 1458 1500 a
1485 1467 1543 1500 111
1571 1453 1701 1501 Non.
1728 1454 1872 1502 Mart.

126 1545 284 1593 usque
323 1529 374 1578 in
407 1545 464 1578 111
492 1531 627 1579 Non.
658 1533 775 1595 Apr.
817 1530 961 1596 primi
996 1531 1179 1581 mensis
1217 1534 1386 1582 lunam
1423 1532 1678 1597 inquirunt
1697 1552 1709 1595 3
1752 1543 1800 1583 et
1837 1534 1877 1583 si

127 1609 298 1673 quinta
323 1610 517 1660 decima
542 1614 658 1661 luna
683 1613 764 1663 die
787 1613 1057 1662 Dominico
1079 1614 1369 1677 provenerit,
1399 1614 1449 1664 in
1475 1614 1626 1664 aliurn
1653 1615 1878 1665 Domini-

126 1710 240 1741 cum
277 1694 461 1757 pascha
491 1696 795 1758 protrahunt.
871 1695 1048 1745 Graeci
1086 1695 1229 1759 primi
1265 1696 1446 1746 mensis
1484 1698 1652 1746 lunam
1687 1698 1751 1747 ab
1782 1711 1968 1747 V1112o

130 1775 203 1824 Id.
236 1777 381 1823 Mart.
410 1792 567 1839 usque
604 1776 653 1825 in
692 1777 825 1826 diem
861 1780 994 1828 Non.
1033 1780 1151 1842 Apr.
1188 1778 1452 1827 observant
1470 1798 1484 1841 3
1523 1788 1570 1827 et
1607 1778 1646 1828 si
1684 1779 1878 1828 decima

53 1875 104 1904 20
128 1854 300 1918 quinta
325 1858 441 1906 luna
468 1859 547 1907 die
571 1858 839 1908 Dominico
866 1859 1132 1919 incurrerit,
1158 1870 1384 1909 sanctum
1406 1862 1592 1924 pascha
1611 1860 1875 1910 celebrant.

128 1937 436 1989 Huiusmodi
471 1957 585 2004 ergo
623 1941 867 1991 dissensio
904 1942 1029 1991 inter
1066 1952 1301 2005 utrosque
1339 1944 1621 2006 paschalem
1659 1945 1874 2007 regulam

126 2020 300 2069 turbat.
378 2022 675 2071 Communis
701 2040 860 2072 annus
881 2023 1072 2083 dicitur,
1095 2023 1180 2086 qui
1205 2023 1470 2073 duodecim
1500 2034 1691 2072 tantum
1718 2026 1872 2086 lunas,
1898 2041 1953 2077 21

125 2103 222 2150 boc
265 2112 339 2152 est
382 2103 487 2152 dies
532 2119 716 2153 CCCLIV
761 2106 924 2154 habet.
1001 2106 1177 2154 Dictus
1221 2115 1387 2154 autem
1431 2105 1711 2155 communis
1761 2106 1876 2170 quia

127 2201 276 2248 saepe
313 2186 414 2234 duo
453 2185 519 2234 ita
562 2186 815 2236 coniuncti
854 2187 1092 2237 incedunt
1129 2197 1182 2235 ut
1219 2187 1430 2236 invicem
1469 2205 1520 2236 se
1564 2188 1613 2236 in
1657 2188 1874 2252 paschali

53 2282 102 2327 ².5
127 2267 457 2317 sollemnitate
483 2278 763 2332 sequantur.
840 2272 970 2318 Nam
998 2269 1321 2320 embolismus
1341 2287 1500 2318 annus
1527 2287 1720 2334 semper
1740 2272 1873 2333 solus

126 2357 212 2398 est.
288 2349 629 2399 Embolismus
667 2368 825 2400 annus
860 2362 934 2402 est
969 2351 1053 2415 qui
1083 2351 1319 2401 tredecim
1356 2369 1549 2402 menses
1584 2354 1791 2411 lunares,
1822 2351 1871 2401 id
1897 2364 1961 2398 22

125 2439 197 2478 est
223 2446 521 2479 CCCLxxxlv
547 2431 652 2481 dies
680 2434 860 2484 habere
888 2443 1199 2483 monstratur.
1276 2437 1389 2498 Ipse
1416 2444 1487 2483 est
1514 2452 1672 2484 annus
1699 2444 1870 2483 sancto

127 2511 292 2575 Moysi
318 2513 551 2563 divinitus
578 2517 831 2575 revelatus,
863 2518 910 2564 in
939 2534 1038 2579 quo
1066 2515 1295 2565 iubentur
1321 2515 1384 2576 hi,
1409 2515 1492 2579 qui
1518 2516 1711 2580 longius
1738 2517 1870 2565 habi-

183 2663 200 2688 1
234 2652 331 2701 quia
348 2652 580 2692 BCKTU:
612 2655 723 2703 quod
740 2654 780 2692 Α
869 2655 982 2704 quod
1001 2655 1058 2693 C:
1093 2653 1161 2704 qui
1179 2652 1331 2693 BKT:
1362 2668 1443 2704 que
1466 2655 1506 2694 U
1594 2668 1617 2693 2
1649 2668 1868 2694 numerum

125 2703 166 2742 Β
264 2713 393 2758 temp.
418 2709 459 2746 in
483 2715 747 2747 sacramento
769 2708 813 2746 K
912 2709 1110 2760 apparuit
1134 2709 1245 2747 codd.
1265 2724 1272 2747 ε
1304 2723 1402 2748 corr.
1431 2709 1522 2750 dett.
1682 2722 1707 2760 3
1737 2717 1864 2761 temp.

125 2772 193 2798 an.
215 2759 262 2798 K
386 2776 410 2811 4
441 2762 709 2802 manifestum
733 2762 788 2800 Β1
899 2766 925 2802 8
955 2777 1024 2814 qu.
1046 2765 1128 2803 hoc
1150 2764 1195 2801 fit
1216 2777 1336 2814 prop.
1360 2764 1394 2803 C
1514 2779 1541 2815 9
1570 2765 1675 2816 quo]
1699 2765 1811 2815 quod
1831 2765 1872 2802 B

129 2827 172 2852 11
207 2816 259 2854 ad
279 2829 361 2856 om.
380 2816 427 2855 K
537 2830 584 2855 12
615 2818 656 2856 in
679 2818 757 2857 ista
771 2818 908 2857 adhuc
929 2817 974 2856 K
1084 2830 1132 2867 15
1164 2818 1293 2857 latine
1315 2818 1352 2857 T
1464 2832 1507 2869 17
1539 2819 1707 2871 quinta]
1721 2825 1869 2868 quarta

123 2868 216 2909 dett.
312 2871 409 2910 alio
450 2873 660 2912 dominico
703 2871 844 2911 CKT:
888 2873 969 2912 alio
1015 2874 1082 2912 die
1113 2873 1323 2912 dominico
1353 2874 1394 2912 B
1536 2876 1584 2912 18
1611 2874 1751 2912 lunam
1782 2886 1862 2913 om.

127 2922 177 2961 C¹
341 2939 395 2965 20
424 2940 538 2967 sanc.
564 2927 748 2978 paschae
769 2925 818 2964 K
978 2941 1029 2965 22
1060 2927 1232 2979 dicitur]
1258 2935 1322 2966 est
1344 2927 1388 2965 K
1407 2930 1474 2978 (ex
1493 2934 1557 2968 est
1578 2929 1662 2979 est)
1680 2929 1783 2978 (non
1803 2929 1867 2978 A)

125 2990 177 3026 23
197 2979 239 3018 id
262 2985 326 3019 est
341 2979 387 3017 K
493 2994 548 3030 24
563 2982 620 3021 in
641 2994 722 3021 om.
751 2981 789 3020 T
893 2995 944 3031 25
975 2995 1070 3022 nam
1092 2981 1364 3021 ambolismus
1384 2995 1522 3022 annus
1542 2982 1656 3022 solus
1678 2988 1743 3022 est
1766 2983 1867 3034 (om.

124 3035 309 3125 {gffipleg)
331 3034 429 3075 add.
450 3036 494 3074 in
517 3048 651 3088 rsuarg.
682 3035 738 3074 T²
761 3037 864 3088 (om.
895 3036 966 3089 Tl)
1067 3050 1117 3086 27
1148 3036 1317 3089 sancto]
1339 3050 1434 3077 cum
1457 3036 1568 3076 C¹K1
1670 3038 1722 3075 28
1753 3037 1868 3076 habi-

182 3169 287 3207 1182
979 3193 1012 3224 R
