2228 3444
491 205 1125 253 ETYMOLOGIARVM
1167 207 1297 254 LIB.
1339 207 1407 253 II.
1448 206 1525 253 xxi

131 326 315 376 Flentis
343 325 452 393 [ut].
527 326 886 388 Similitudinis,
913 327 982 376 sic
1010 327 1163 392 (Virg.
1185 331 1309 377 Aen.
1334 344 1375 392 5,
1398 330 1514 392 588)
1542 348 1550 377 :

263 411 330 458 Vt
367 410 623 472 quondam
662 410 809 459 Creta
845 411 994 458 fertur
1031 410 1364 473 Labyrinthus
1402 409 1453 457 in
1490 411 1602 458 alta.

129 490 461 539 Admonentis
483 488 594 557 [ut].
643 491 910 540 Inridentis
929 488 1038 557 [ut].
1090 491 1349 541 Gementis
1371 489 1482 558 [ut].
1536 491 1884 540 Exhortativae

129 569 238 637 [ut].
313 571 661 622 Consolativae
698 571 807 639 [ut].
882 572 1271 623 Conmiserantis
1310 571 1420 639 [ut].
1498 575 1724 635 Quorum
1763 583 1884 636 quot

80 677 101 717 5
128 663 240 702 sunt
257 655 452 717 figurae,
471 662 544 703 tot
563 663 611 703 et
628 653 678 701 in
694 654 1064 717 pronuntiando
1080 672 1242 704 voces.
1315 657 1440 704 Sunt
1456 664 1504 704 et
1520 655 1885 718 Amphidoxae,
1908 653 1977 699 26

127 752 334 798 quarum
360 753 468 799 pars
495 738 704 785 honesta
729 746 816 796 est,
844 753 954 799 pars
979 736 1255 797 inhonesta,
1275 746 1328 785 ut
1354 735 1528 800 (Ovid,
1545 740 1668 786 Met.
1693 755 1733 796 2,
1756 736 1839 801 53)
1861 757 1868 784 :

696 820 814 867 Non
852 828 925 867 est
962 828 1046 867 tua
1082 828 1187 868 tuta
1223 821 1482 867 voluntas:

263 915 439 963 magna
474 898 617 962 petis,
654 901 929 948 Phaethon.

129 984 252 1030 Sunt
278 992 325 1031 et
349 981 486 1042 aliae,
506 984 924 1045 procatalempsiS‚
954 1000 1066 1031 cum
1096 983 1159 1043 id,
1188 985 1325 1046 quod
1351 983 1495 1031 nobis
1523 982 1655 1031 obici
1676 992 1882 1046 poterat,
1909 994 1971 1044 27

57 1085 105 1112 10
127 1074 242 1113 ante
290 1063 648 1127 praesumimus
696 1066 760 1113 ad
809 1064 1118 1125 diluendum,
1166 1075 1218 1113 ut
1269 1064 1394 1127 (Cic.
1422 1064 1534 1113 Div.
1557 1064 1606 1113 in
1629 1067 1773 1116 Caec.
1806 1064 1884 1129 1):

129 1146 206 1195 ‘Si
233 1146 341 1209 quis
367 1156 579 1195 vestrum
607 1145 808 1205 iudices,
835 1157 920 1195 aut
946 1163 1128 1206 eorum,
1153 1147 1237 1210 qui
1257 1148 1451 1205 adsunt,
1471 1149 1594 1195 forte
1616 1147 1884 1196 mirantur.'

128 1231 252 1277 Sunt
286 1238 334 1277 et
362 1228 573 1292 aporiae,
610 1228 855 1277 dubitatio
890 1228 1164 1277 simulantis
1200 1228 1388 1277 nescire
1419 1245 1471 1277 se
1501 1246 1628 1292 quae
1663 1230 1766 1289 scit,
1799 1239 1884 1277 aut

127 1312 383 1373 quomodo
423 1310 624 1359 dicatur.
690 1309 1052 1376 Koeno<no>sis
1090 1320 1256 1359 autem
1297 1310 1475 1359 dicitur
1512 1312 1883 1362 conmunicatio
1909 1310 1974 1356 28

126 1392 317 1441 consilii
338 1409 451 1440 cum
473 1391 719 1441 iudicibus
739 1402 824 1440 aut
843 1392 1144 1451 adversariis,
1171 1402 1222 1440 ut
1243 1392 1282 1440 si
1302 1392 1437 1441 dicas
1457 1412 1466 1441 :
1510 1397 1520 1417 ‘
1537 1396 1640 1442 Vos
1658 1396 1880 1454 consulo,

54 1493 100 1534 15
126 1474 327 1534 iudices,
354 1485 438 1523 aut
464 1492 549 1523 vos
575 1474 851 1533 adversarii,
883 1474 1004 1537 quid
1030 1490 1109 1523 me
1140 1476 1299 1523 facere
1325 1474 1623 1534 convenerit,
1652 1485 1735 1523 aut
1762 1475 1882 1538 quid

125 1574 211 1605 vos
238 1556 409 1605 facturi
435 1556 678 1605 fuissetis.⁷
750 1558 1043 1605 Paradoxon
1070 1565 1156 1615 est,
1185 1573 1297 1604 cum
1325 1556 1535 1605 dicimus
1570 1556 1880 1620 inopinatum
1910 1567 1981 1613 29

125 1639 313 1702 aliquid
338 1638 592 1698 accidisse,
621 1648 674 1687 ut
703 1641 881 1687 Flacco
908 1637 1086 1688 Cicero
1114 1638 1193 1702 (cf.
1214 1640 1373 1686 Flacc.
1400 1639 1470 1702 1):
1512 1642 1522 1662 ‘
1540 1638 1694 1688 Cuius
1722 1639 1880 1688 laudis

126 1721 432 1784 praedicator
483 1738 589 1769 esse
639 1720 878 1779 debuerit,
937 1720 1040 1769 eius
1092 1720 1293 1783 periculi
1349 1722 1718 1783 deprecatorem
1775 1739 1882 1771 esse

126 1805 341 1852 factum.’
398 1802 650 1865 Epitrope,
694 1802 744 1851 id
788 1812 860 1851 est
903 1801 1175 1864 permissio,
1237 1819 1350 1850 cum
1391 1802 1556 1865 aliqua
1600 1803 1717 1866 ipsis
1761 1802 1882 1852 iudi·
1907 1811 1974 1858 30

51 1902 101 1930 20
125 1884 264 1932 cibus
307 1894 390 1932 aut
438 1884 724 1933 adversariis
768 1884 1095 1947 permittimus
1139 1884 1461 1944 aestimanda,
1510 1894 1562 1933 ut
1605 1886 1786 1935 Calvus
1831 1885 1880 1932 in

125 1966 170 2010 V
172 1961 420 2029 ati[ci]nio
446 1983 453 2011 z
495 1962 734 2011 ‘Perfrica
761 1964 986 2022 frontem,
1010 1972 1058 2012 et
1092 1962 1171 2011 dic
1198 1973 1245 2011 te
1271 1962 1544 2025 digniorem
1573 1963 1655 2025 qui
1686 1972 1880 2025 praetor

126 2047 265 2094 fieres
286 2062 435 2108 quam
462 2044 739 2094 Catonem.'
796 2043 1050 2092 Parrhesia
1076 2054 1148 2092 est
1164 2044 1319 2092 oratio
1336 2044 1572 2092 libertatis
1594 2055 1641 2092 et
1667 2044 1878 2093 fiduciae
1903 2057 1957 2103 31

125 2129 271 2190 plena
291 2126 418 2190 (Cic.
440 2126 545 2173 Mil.
571 2126 652 2189 72)
685 2145 692 2173 :
731 2129 740 2150 ‘
762 2124 922 2173 occidi
958 2141 1060 2173 non
1081 2124 1311 2187 Spurium
1334 2124 1608 2185 Maelium,'
1628 2135 1676 2174 et
1701 2136 1875 2175 cetera.

127 2212 240 2270 Qua
257 2210 409 2272 figura
425 2217 567 2256 caute
599 2208 840 2255 utendum
862 2216 947 2266 est,
971 2216 1024 2254 ut
1041 2206 1218 2256 Cicero
1240 2226 1248 2254 ι
1286 2206 1535 2270 praemisit
1555 2206 1687 2256 enim
1714 2207 1881 2255 factio-

53 2315 100 2355 25
126 2307 256 2339 nem.
330 2288 610 2352 Ethopoeia
646 2299 731 2348 est,
772 2305 886 2336 cum
927 2304 1206 2337 sermonem
1258 2306 1316 2337 ex
1363 2288 1523 2337 aliena
1562 2305 1773 2352 persona
1812 2289 1881 2337 in-
1905 2301 1969 2349 32

125 2372 365 2431 ducimus,
396 2381 449 2420 ut
474 2389 562 2434 pro
589 2371 761 2421 Caelio
787 2370 980 2419 Tullius
1007 2371 1121 2419 facit
1141 2370 1361 2434 Appium
1388 2371 1608 2422 Caecum
1635 2389 1749 2420 cum
1768 2372 1880 2423 Clo-

124 2454 205 2503 dia
240 2456 542 2517 loquentem.
619 2452 830 2516 Energia
857 2462 929 2501 est
966 2469 1128 2502 rerum
1164 2453 1410 2516 gestarum
1436 2462 1522 2502 aut
1553 2452 1693 2516 quasi
1727 2463 1878 2516 gesta·
1904 2458 1966 2504 33

124 2554 232 2584 rum
259 2537 350 2585 sub
375 2537 531 2585 oculis
558 2535 796 2595 inductio,
825 2537 888 2584 de
914 2552 1013 2598 qua
1037 2534 1189 2583 locuti
1214 2534 1311 2583 iam
1339 2552 1522 2583 sumus.
1586 2535 1878 2584 Metathesis
1906 2539 1971 2585 34

181 2679 197 2703 1
231 2667 374 2706 flentis
394 2672 440 2705 ut
460 2666 551 2706 sim.
586 2666 640 2704 T:
673 2673 717 2704 ut
737 2679 819 2706 om.
843 2664 981 2703 BC2D
1141 2678 1164 2702 2
1194 2665 1426 2704 laberintus
1453 2664 1584 2703 BDT
1726 2678 1804 2714 3-4
1835 2672 1879 2704 ut

126 2720 287 2774 (sexies)
315 2722 406 2762 hab.
446 2721 505 2760 T:
549 2734 631 2759 om.
662 2719 811 2759 BC2D
997 2733 1018 2768 7
1050 2726 1121 2758 tua
1153 2725 1224 2758 tua
1256 2720 1337 2758 vol.
1370 2718 1414 2756 D
1591 2721 1617 2758 8
1646 2720 1807 2758 macina
1831 2719 1882 2758 C2

127 2788 172 2814 11
205 2782 393 2816 nostrum
435 2776 494 2815 T:
538 2788 659 2815 usum
694 2774 779 2814 BD
911 2775 1090 2812 miratur
1122 2773 1173 2812 C2
1351 2787 1399 2823 13
1431 2774 1513 2823 Qui
1543 2786 1628 2812 non
1656 2774 1743 2813 osis
1767 2774 1876 2812 codd.

123 2831 503 2871 communicatione
522 2829 567 2868 D
819 2841 867 2878 15
899 2829 1063 2868 iudices
1078 2828 1255 2868 BC2D:
1284 2841 1410 2878 reges
1438 2829 1476 2866 T
1661 2829 1752 2880 aut]
1775 2835 1819 2866 ut
1847 2827 1884 2865 T

125 2886 321 2924 convenit
346 2885 436 2924 TC2
551 2887 600 2924 16
629 2883 751 2923 fustis
767 2884 826 2922 C2
952 2886 1000 2922 18
1033 2883 1488 2933 depredicatoremD:
1518 2884 1827 2933 predicatorem
1848 2882 1886 2920 T

128 2953 178 2990 19
207 2940 341 2991 ipsius
382 2940 420 2979 T
578 2953 631 2979 20
661 2939 754 2991 aut]
791 2944 836 2977 ut
867 2938 908 2976 B
1073 2952 1121 2977 21
1160 2939 1361 2977 vaticinio
1403 2939 1506 2988 (pro
1540 2938 1727 2988 Vatinio)
1760 2936 1872 2976 codd.

127 2995 263 3044 (etiam
289 2995 343 3046 U)
455 2996 567 3034 dicta
587 2995 670 3045 dig.
696 2993 733 3032 T
845 3005 898 3030 22
927 2994 1048 3032 fieret
1078 2993 1115 3031 T
1220 2993 1372 3032 fiducia
1396 2992 1434 3030 T
1550 3006 1600 3042 24
1632 2991 1822 3042 permisit
1846 2991 1884 3030 T

126 3050 331 3089 rationem
363 3049 405 3088 D
437 3052 537 3098 (non
562 3048 639 3096 H)
797 3061 849 3097 25
881 3048 953 3099 ex]
987 3054 1030 3087 et
1067 3048 1105 3086 T
1256 3051 1308 3087 26
1344 3059 1438 3086 cum
1471 3048 1609 3085 clodio
1648 3044 1685 3084 T
1826 3059 1876 3095 27

129 3103 311 3154 Enargia
331 3104 466 3144 Halm
579 3106 630 3142 28
661 3104 948 3143 inductionem
977 3102 1014 3140 T
