2176 3424
994 102 1267 150 ISIDORI

255 229 434 275 oleum.
511 229 685 288 Lacus,
724 246 825 291 quo
862 229 1076 292 liquatus
1113 231 1336 292 profluat,
1375 247 1477 293 quo
1511 232 1575 280 ab
1612 231 1717 280 uvis
1754 234 1830 282 vel
1865 233 2005 282 olivis

178 323 231 370 13
256 310 536 372 torquendo
569 311 735 358 oleum
766 309 1038 374 vinumque
1077 310 1294 374 exigitur.
1368 313 1624 362 Verennes
1659 331 1689 361 a
1725 315 1914 374 vehere,
1954 315 2004 364 id

255 400 328 440 est
353 400 621 455 exportare,
649 393 947 441 nominatae.
1013 394 1201 453 Qualos
1221 393 1395 442 corbes
1421 395 1629 457 colaque
1648 397 1893 458 prelorum
1921 413 2006 459 per

255 486 381 533 quos
407 479 626 518 mustum
652 469 773 530 fluit,
799 488 827 518 a
860 472 1074 520 colando
1100 470 1275 520 dictos.
1348 474 1388 520 F
1391 471 1565 521 isclum
1596 473 1734 536 quasi
1763 475 2001 533 fiscqum,

253 569 283 600 a
307 553 522 601 colando
547 553 713 600 oleum
740 551 945 612 dictum,
973 554 1050 601 vel
1076 551 1216 616 quasi
1241 554 1426 602 fiscella
1451 553 1562 603 olei.
2031 581 2052 620 5

149 636 231 675 XV
391 636 475 682 DE
514 648 906 683 INSTRVMENTIS
955 649 1269 684 HORTORVM.
1342 637 1475 684 Rota
1516 634 1649 684 dicta
1690 637 1826 698 quod
1864 637 2004 700 quasi

254 725 389 765 ruat:
445 725 517 764 est
558 715 690 764 enim
734 715 965 764 machina
1007 718 1070 765 de
1109 734 1207 779 qua
1246 734 1272 765 e
1313 717 1516 767 flumine
1556 734 1687 780 aqua
1724 719 2002 768 extrahitur.

255 797 513 847 Lucretius
541 798 606 862 (5,
629 796 747 862 517)
769 818 776 846 :

460 882 520 928 In
557 881 708 928 fluvio
744 896 935 928 versare
972 888 1100 928 rotas
1137 888 1287 943 atque
1322 890 1487 929 austra
1523 881 1763 930 videmus.

200 972 230 1007 2
256 963 436 1010 Austra
460 971 640 1022 autem,
670 961 720 1010 id
747 971 821 1010 est
845 970 964 1020 rota,
992 961 1055 1010 ab
1081 961 1319 1010 auriendo
1343 978 1521 1025 aquam
1551 961 1696 1011 dicta.
1759 961 2004 1025 Girgillus‚
2037 982 2081 1009 ιο

255 1045 392 1107 quod
427 1045 474 1091 in
508 1042 612 1106 giro
645 1051 887 1092 vertatur:
941 1052 1015 1091 est
1047 1042 1180 1091 enim
1214 1042 1420 1106 lignum,>
1440 1045 1488 1091 in
1521 1053 1795 1093 transversa
1823 1042 2008 1107 pertica

257 1125 441 1174 mobile
475 1142 533 1173 ex
566 1142 667 1189 quo
698 1124 826 1174 funis
860 1142 973 1174 cum
1010 1126 1153 1173 situla
1189 1127 1265 1174 vel
1300 1134 1406 1174 utre
1432 1125 1481 1173 in
1516 1135 1721 1189 puteum
1748 1124 2008 1175 dimittitur

200 1218 231 1264 3
254 1205 520 1256 auriendae
568 1224 727 1270 aquae
775 1223 937 1256 causa.
1012 1208 1256 1255 Telonem
1306 1206 1555 1255 hortulani
1603 1216 1781 1256 vocant
1821 1206 2008 1270 lignum

254 1289 458 1352 longum
484 1306 586 1353 quo
610 1291 807 1338 auriunt
833 1306 999 1352 aquas.
1063 1291 1127 1337 Et
1154 1287 1346 1338 dictum
1374 1290 1590 1338 telonem
1615 1306 1644 1337 a
1670 1288 1980 1352 longitudine
1999 1307 2010 1349 5

254 1372 400 1434 τηλὸν
425 1371 557 1420 enim
584 1371 763 1421 dicitur
789 1371 922 1420 iuxta
941 1372 1158 1420 Graecos
1180 1370 1425 1434 quidquid
1446 1372 1650 1434 longum
1667 1380 1740 1420 est
1758 1389 1771 1432 3
1809 1372 1942 1420 unde
1963 1379 2010 1420 et
2040 1394 2084 1433 15

256 1455 516 1503 mustelam
538 1463 715 1503 vocant
733 1455 871 1517 quasi
891 1471 999 1502 mus
1016 1454 1206 1516 longus.
1261 1455 1377 1502 Hoc
1393 1452 1775 1502 instrumentum
1796 1452 2011 1517 Hispani

255 1534 496 1584 ciconiam
526 1535 713 1592 dicunt,
736 1545 933 1598 propter
959 1537 1095 1598 quod
1117 1534 1335 1584 imitetur
1362 1534 1585 1584 eiusdem
1612 1534 1827 1584 nominis
1852 1552 2008 1594 avem,

255 1620 474 1667 levantes
516 1635 645 1681 aqua
691 1634 748 1666 ac
797 1619 1106 1681 deponentes
1149 1626 1376 1676 rostrum,
1422 1619 1543 1666 dum
1595 1616 1791 1679 clangit.
1865 1619 2008 1665 Ama.

200 1709 231 1755 4
259 1702 443 1763 Lupus,
472 1702 556 1762 qui
590 1709 638 1749 et
669 1699 905 1759 canicula,
935 1700 1118 1748 ferreus
1153 1716 1316 1762 arpax,
1352 1698 1481 1762 quia,
1510 1698 1548 1747 si
1575 1698 1695 1762 quid
1722 1698 1771 1746 in
1804 1707 2009 1762 puteum

256 1781 455 1842 decidit,
479 1781 602 1845 rapit
629 1791 675 1830 et
696 1780 903 1830 extrahit
921 1799 933 1841 3
971 1782 1105 1830 unde
1123 1790 1171 1830 et
1188 1780 1594 1844 nomen-accepit.
1655 1783 1821 1844 Arpax
1844 1790 2011 1830 autem
2037 1802 2086 1828 20

255 1863 418 1912 dictus
444 1863 560 1926 quia
584 1863 750 1926 arripit
769 1882 782 1924 3
816 1880 933 1926 arpe
960 1862 1093 1912 enim
1123 1860 1242 1928 [est]
1271 1864 1460 1912 Graece
1487 1879 1670 1926 rapere.
1742 1864 1984 1912 Sarculus.

128 1945 229 1985 XVI
391 1947 475 1993 DE
492 1960 884 1994 INSTRVMENTIS
902 1960 1173 2002 EQVORVM.
1217 1946 1453 1993 Phalerae
1470 1952 1760 1993 ornamenta
1769 1961 2009 2008 equorum

255 2036 398 2088 sunt3
435 2037 484 2076 et
509 2037 583 2076 est
609 2044 771 2076 sermo
797 2028 1030 2076 Graecus.
1105 2029 1265 2075 Frena
1298 2025 1434 2076 dicta
1459 2027 1598 2089 quod
1623 2042 1779 2088 equos
1805 2027 2010 2076 fremere

256 2118 452 2172 cogant,
469 2111 544 2158 vel
571 2110 707 2172 quod
725 2110 848 2158 haec
873 2110 988 2171 equi
1009 2109 1238 2157 frendant
1262 2106 1336 2173 [id
1363 2117 1435 2156 est
1461 2105 1750 2173 inprimant]
1776 2105 2010 2155 dentibus

256 2199 304 2239 et
352 2191 695 2240 obmordeant.
782 2192 929 2240 Vnde
978 2199 1027 2238 et
1076 2191 1340 2240 nefrendes
1389 2189 1509 2239 dicti
1559 2190 1724 2238 adhuc
1773 2190 2009 2237 lactantes
2036 2207 2083 2247 25

315 2334 331 2359 1
366 2321 484 2360 lacus
503 2326 594 2371 post
614 2320 875 2370 pressorium
897 2319 1008 2359 codd.
1148 2332 1173 2369 3
1204 2319 1365 2368 Qualus
1388 2318 1423 2358 C
1437 2334 1445 2358 :
1475 2319 1595 2358 valos
1616 2332 1667 2358 ex
1684 2319 1819 2358 vallos
1840 2318 1886 2357 K
1909 2319 1924 2369 (
1932 2324 2012 2369 pro

258 2376 436 2425 Quallos
457 2374 538 2426 Kl)
706 2375 845 2414 corbis
868 2374 947 2414 CK
1126 2374 1376 2424 colequique
1397 2374 1463 2413 K:
1495 2374 1595 2424 quol
1619 2377 1723 2424 (cett.
1745 2374 1820 2412 litt.
1842 2387 1884 2412 n.
1906 2373 1952 2424 l.)
1982 2372 2019 2410 T

258 2431 494 2480 proelorum
514 2430 561 2468 K
580 2430 643 2477 <T
658 2443 698 2469 n.
716 2429 765 2480 l.)
934 2443 958 2478 4
988 2442 1095 2479 quos
1114 2428 1260 2469 BCU:
1291 2442 1396 2478 quas
1412 2429 1458 2467 K
1475 2428 1537 2480 (T
1551 2443 1592 2467 n.
1609 2429 1656 2475 l.)
1781 2429 1916 2467 dictus
1937 2426 2018 2466 TU

261 2485 442 2524 Fisclum
464 2484 610 2524 BCU:
641 2484 823 2523 Sisclum
845 2483 886 2522 K
909 2485 973 2536 (T
989 2497 1031 2525 n.
1047 2485 1092 2535 l.)
1410 2483 1600 2522 fisculum
1627 2482 1688 2522 U:
1721 2483 1906 2522 filculum
1922 2480 1979 2519 Β1
2002 2496 2011 2521 :

259 2540 458 2579 siscolum
480 2540 551 2579 K:
580 2539 711 2578 —ulum
731 2539 834 2590 (cett.
858 2538 930 2579 litt.
954 2552 993 2577 n.
1009 2539 1059 2589 l.)
1088 2538 1125 2576 T
1246 2551 1271 2588 5
1302 2538 1397 2578 oleo
1417 2538 1462 2577 K
1575 2537 1751 2576 fuscella
1771 2537 1817 2576 K
1836 2535 2011 2588 (Tn.l.)

263 2608 312 2634 10
342 2596 384 2634 id
404 2593 491 2645 est]
514 2595 627 2634 idem
650 2593 728 2632 CT
904 2606 1012 2643 aqua
1031 2593 1240 2645 KT(-am
1258 2594 1290 2645 ἓ)
1450 2595 1495 2641 §5
1519 2606 1598 2642 2-4
1618 2606 1700 2631 om.
1724 2590 1810 2630 KP
1828 2591 1933 2642 <non
1949 2590 2014 2642 N)

262 2650 450 2699 Girgilus
474 2649 509 2689 C
526 2648 629 2699 (non
649 2649 713 2698 Ν)
866 2661 910 2686 11
942 2649 1053 2698 quod
1074 2662 1122 2687 cx
1145 2661 1270 2698 quarn
1290 2648 1332 2686 B
1442 2648 1483 2686 in
1507 2653 1787 2686 transversam
1811 2646 2011 2695 perticam

259 2705 302 2743 N
428 2710 549 2754 parte
577 2703 656 2742 TU
659 2704 699 2742 V
863 2716 909 2741 12
939 2703 1063 2742 funes
1083 2716 1175 2742 cum
1197 2703 1324 2741 situlo
1346 2701 1381 2740 C
1575 2714 1621 2751 13
1652 2700 1837 2740 ortolani
1858 2698 1945 2738 ΒΝ
1949 2699 1986 2738 T
2003 2712 2012 2737 :

260 2759 443 2798 ortulani
466 2758 502 2797 C
658 2769 706 2805 15
736 2757 852 2807 τηλ.]
878 2758 1008 2795 telum
1029 2757 1139 2796 codd.
1299 2756 1451 2795 dicitur
1468 2769 1550 2794 om.
1576 2756 1617 2794 Β
1783 2756 1831 2792 16
1860 2758 2012 2792 vocant

261 2813 376 2852 NU:
407 2819 555 2852 vocata
575 2812 698 2852 BCT
802 2812 975 2862 longum
1004 2811 1083 2850 TU
1192 2825 1239 2861 17
1271 2811 1488 2849 coconiam
1513 2810 1563 2849 Cl
1678 2811 1726 2848 18
1754 2808 1936 2848 levantis
1964 2808 2012 2846 T:

261 2868 444 2908 lebantis
470 2867 512 2906 U
712 2880 820 2916 aqua
845 2866 911 2905 U:
938 2880 1075 2916 aquae
1098 2867 1209 2918 (-ue)
1231 2865 1317 2904 BN
1322 2865 1360 2904 T
1369 2880 1378 2904 ε
1408 2878 1492 2905 om.
1518 2865 1553 2904 C
1760 2863 2013 2914 deponentis

267 2923 302 2962 C
307 2922 386 2962 TU
403 2924 505 2976 (non
525 2921 585 2972 N)
775 2921 906 2972 clagis
926 2920 972 2959 N
985 2936 994 2960 ε
1023 2935 1080 2961 an
1100 2922 1327 2970 clangunt?
1489 2919 1602 2958 Ama-
1621 2932 1702 2958 om.
1733 2917 1770 2957 T
1786 2918 1887 2968 (non
1912 2915 2011 2970 ΗΝ)

271 2991 319 3027 19
335 2978 454 3030 quia]
469 2991 552 3028 quo
571 2977 727 3028 U(non
738 2975 797 3026 N)
875 2989 923 3014 21
949 2982 1014 3015 est
1029 2976 1122 3016 hab.
1142 2974 1282 3016 BCU:
1312 2988 1393 3014 om.
1410 2973 1496 3013 NT
1539 2971 1930 3024 SamulumBozon
1944 2971 2010 3022 N)

269 3045 322 3071 22
354 3032 500 3072 Falere
523 3032 649 3083 (-rae)
672 3030 784 3071 codd.
898 3044 950 3080 23
980 3031 1098 3080 equis
1127 3029 1164 3069 T
1267 3043 1317 3078 24
1348 3030 1462 3079 quod
1482 3042 1532 3068 ex
1550 3027 1732 3079 quamB
1787 3026 2008 3078 frendant]

270 3089 450 3126 fremant
470 3086 560 3125 KN
668 3085 708 3125 id
730 3091 796 3125 est
818 3085 903 3135 inp.
927 3085 1018 3124 hab.
1044 3084 1144 3125 CT:
1175 3098 1255 3124 om.
1279 3083 1408 3122 BKN
1516 3095 1566 3132 25
1598 3082 1851 3122 neferendes
1875 3081 1910 3120 C
