<?xml version="1.0" encoding="UTF-8"?>
<!DOCTYPE html PUBLIC "-//W3C//DTD XHTML 1.0 Transitional//EN"
    "http://www.w3.org/TR/xhtml1/DTD/xhtml1-transitional.dtd">
<html xmlns="http://www.w3.org/1999/xhtml" xml:lang="en" lang="en">
 <head>
  <title>
</title>
<meta http-equiv="Content-Type" content="text/html;charset=utf-8" />
  <meta name='ocr-system' content='tesseract 3.04.00' />
  <meta name='ocr-capabilities' content='ocr_page ocr_carea ocr_par ocr_line ocrx_word'/>
</head>
<body>
  <div class='ocr_page' id='page_1' title='image "./isidori01isiduoft/isidori01isiduoft_0455.png"; bbox 0 0 2176 3424; ppageno 0'>
   <div class='ocr_carea' id='block_1_1' title="bbox 416 112 1488 172">
    <p class='ocr_par' dir='ltr' id='par_1_1' title="bbox 416 112 1488 172">
     <span class='ocr_line' id='line_1_1' title="bbox 416 112 1488 172; baseline -0.011 -1"><span class='ocrx_word' id='word_1_1' title='bbox 416 120 1047 171; x_wconf 70' lang='lat' dir='ltr'><strong>ETYMOLOGIARVM</strong></span> <span class='ocrx_word' id='word_1_2' title='bbox 1091 118 1218 164; x_wconf 76' lang='lat' dir='ltr'>LIB.</span> <span class='ocrx_word' id='word_1_3' title='bbox 1261 117 1349 162; x_wconf 78' lang='lat' dir='ltr'>XI.</span> <span class='ocrx_word' id='word_1_4' title='bbox 1391 113 1418 172; x_wconf 90' lang='lat' dir='ltr'>i,</span> <span class='ocrx_word' id='word_1_5' title='bbox 1459 112 1488 159; x_wconf 92' lang='lat' dir='ltr'>ii</span> 
     </span>
    </p>
   </div>
   <div class='ocr_carea' id='block_1_2' title="bbox 11 241 1958 2514">
    <p class='ocr_par' dir='ltr' id='par_1_2' title="bbox 11 241 1958 1615">
     <span class='ocr_line' id='line_1_2' title="bbox 90 241 1835 313; baseline -0.007 -13"><span class='ocrx_word' id='word_1_6' title='bbox 90 253 276 300; x_wconf 80' lang='lat' dir='ltr'>ratione</span> <span class='ocrx_word' id='word_1_7' title='bbox 316 251 496 299; x_wconf 78' lang='lat' dir='ltr'>similes</span> <span class='ocrx_word' id='word_1_8' title='bbox 529 249 730 313; x_wconf 78' lang='lat' dir='ltr'>exprimi</span> <span class='ocrx_word' id='word_1_9' title='bbox 766 250 956 297; x_wconf 84' lang='lat' dir='ltr'>vultus:</span> <span class='ocrx_word' id='word_1_10' title='bbox 1015 245 1094 308; x_wconf 86' lang='lat' dir='ltr'>qui</span> <span class='ocrx_word' id='word_1_11' title='bbox 1138 254 1300 293; x_wconf 84' lang='lat' dir='ltr'>autem</span> <span class='ocrx_word' id='word_1_12' title='bbox 1336 243 1590 305; x_wconf 73' lang='lat' dir='ltr'>utriusque</span> <span class='ocrx_word' id='word_1_13' title='bbox 1621 241 1835 304; x_wconf 70' lang='lat' dir='ltr'>parentis</span> 
     </span>
     <span class='ocr_line' id='line_1_3' title="bbox 91 324 1836 397; baseline -0.007 -15"><span class='ocrx_word' id='word_1_14' title='bbox 91 336 293 397; x_wconf 85' lang='lat' dir='ltr'>figuram</span> <span class='ocrx_word' id='word_1_15' title='bbox 321 333 547 391; x_wconf 83' lang='lat' dir='ltr'>reddunt,</span> <span class='ocrx_word' id='word_1_16' title='bbox 576 330 845 393; x_wconf 87' lang='lat' dir='ltr'>aequaliter</span> <span class='ocrx_word' id='word_1_17' title='bbox 872 330 1024 377; x_wconf 71' lang='lat' dir='ltr'>mixto</span> <span class='ocrx_word' id='word_1_18' title='bbox 1056 338 1261 391; x_wconf 89' lang='lat' dir='ltr'>paterno</span> <span class='ocrx_word' id='word_1_19' title='bbox 1292 335 1616 387; x_wconf 86' lang='lat' dir='ltr'>maternoque</span> <span class='ocrx_word' id='word_1_20' title='bbox 1649 324 1836 372; x_wconf 84' lang='lat' dir='ltr'>semine</span> 
     </span>
     <span class='ocr_line' id='line_1_4' title="bbox 89 406 1834 478; baseline -0.007 -14"><span class='ocrx_word' id='word_1_21' title='bbox 89 415 446 478; x_wconf 85' lang='lat' dir='ltr'>concipiuntur.</span> <span class='ocrx_word' id='word_1_22' title='bbox 535 416 752 460; x_wconf 83' lang='lat' dir='ltr'>Avorum</span> <span class='ocrx_word' id='word_1_23' title='bbox 782 425 1177 475; x_wconf 79' lang='lat' dir='ltr'>proavorumque</span> <span class='ocrx_word' id='word_1_24' title='bbox 1202 407 1385 456; x_wconf 87' lang='lat' dir='ltr'>similes</span> <span class='ocrx_word' id='word_1_25' title='bbox 1424 407 1541 467; x_wconf 88' lang='lat' dir='ltr'>fieri,</span> <span class='ocrx_word' id='word_1_26' title='bbox 1569 407 1684 469; x_wconf 89' lang='lat' dir='ltr'>quia</span> <span class='ocrx_word' id='word_1_27' title='bbox 1710 406 1834 453; x_wconf 84' lang='lat' dir='ltr'>sicut</span> 
     </span>
     <span class='ocr_line' id='line_1_5' title="bbox 90 488 1837 552; baseline -0.006 -7"><span class='ocrx_word' id='word_1_28' title='bbox 90 498 138 546; x_wconf 89' lang='lat' dir='ltr'>in</span> <span class='ocrx_word' id='word_1_29' title='bbox 165 506 290 545; x_wconf 89' lang='lat' dir='ltr'>terra</span> <span class='ocrx_word' id='word_1_30' title='bbox 317 497 469 543; x_wconf 89' lang='lat' dir='ltr'>multa</span> <span class='ocrx_word' id='word_1_31' title='bbox 503 494 692 543; x_wconf 87' lang='lat' dir='ltr'>semina</span> <span class='ocrx_word' id='word_1_32' title='bbox 724 495 931 552; x_wconf 85' lang='lat' dir='ltr'>occulta,</span> <span class='ocrx_word' id='word_1_33' title='bbox 961 491 1030 540; x_wconf 89' lang='lat' dir='ltr'>sic</span> <span class='ocrx_word' id='word_1_34' title='bbox 1062 499 1109 539; x_wconf 89' lang='lat' dir='ltr'>et</span> <span class='ocrx_word' id='word_1_35' title='bbox 1137 492 1185 538; x_wconf 92' lang='lat' dir='ltr'>in</span> <span class='ocrx_word' id='word_1_36' title='bbox 1217 490 1361 538; x_wconf 84' lang='lat' dir='ltr'>nobis</span> <span class='ocrx_word' id='word_1_37' title='bbox 1393 488 1584 537; x_wconf 86' lang='lat' dir='ltr'>semina</span> <span class='ocrx_word' id='word_1_38' title='bbox 1617 491 1837 537; x_wconf 84' lang='lat' dir='ltr'>celantur</span> 
     </span>
     <span class='ocr_line' id='line_1_6' title="bbox 45 570 1838 642; baseline -0.005 -16"><span class='ocrx_word' id='word_1_39' title='bbox 45 603 66 642; x_wconf 79' lang='lat'><strong>5</strong></span> <span class='ocrx_word' id='word_1_40' title='bbox 90 580 265 641; x_wconf 87' lang='lat' dir='ltr'>figuras</span> <span class='ocrx_word' id='word_1_41' title='bbox 292 587 549 640; x_wconf 87' lang='lat' dir='ltr'>parentum</span> <span class='ocrx_word' id='word_1_42' title='bbox 575 575 837 624; x_wconf 89' lang='lat' dir='ltr'>redditura.</span> <span class='ocrx_word' id='word_1_43' title='bbox 913 575 988 621; x_wconf 89' lang='lat' dir='ltr'>Ex</span> <span class='ocrx_word' id='word_1_44' title='bbox 1013 582 1218 636; x_wconf 91' lang='lat' dir='ltr'>paterno</span> <span class='ocrx_word' id='word_1_45' title='bbox 1244 581 1410 620; x_wconf 87' lang='lat' dir='ltr'>autem</span> <span class='ocrx_word' id='word_1_46' title='bbox 1437 570 1625 619; x_wconf 88' lang='lat' dir='ltr'>semine</span> <span class='ocrx_word' id='word_1_47' title='bbox 1651 571 1838 633; x_wconf 83' lang='lat' dir='ltr'>puellas</span> 
     </span>
     <span class='ocr_line' id='line_1_7' title="bbox 92 650 1841 720; baseline -0.005 -12"><span class='ocrx_word' id='word_1_48' title='bbox 92 659 225 708; x_wconf 88' lang='lat' dir='ltr'>nasci</span> <span class='ocrx_word' id='word_1_49' title='bbox 252 669 299 707; x_wconf 91' lang='lat' dir='ltr'>et</span> <span class='ocrx_word' id='word_1_50' title='bbox 333 676 390 707; x_wconf 87' lang='lat' dir='ltr'>ex</span> <span class='ocrx_word' id='word_1_51' title='bbox 421 669 643 707; x_wconf 86' lang='lat' dir='ltr'>materno</span> <span class='ocrx_word' id='word_1_52' title='bbox 674 673 866 720; x_wconf 82' lang='lat' dir='ltr'>puerOS,</span> <span class='ocrx_word' id='word_1_53' title='bbox 901 654 1016 717; x_wconf 89' lang='lat' dir='ltr'>quia</span> <span class='ocrx_word' id='word_1_54' title='bbox 1047 653 1208 702; x_wconf 91' lang='lat' dir='ltr'>omnis</span> <span class='ocrx_word' id='word_1_55' title='bbox 1239 663 1404 717; x_wconf 87' lang='lat' dir='ltr'>partus</span> <span class='ocrx_word' id='word_1_56' title='bbox 1436 661 1630 700; x_wconf 88' lang='lat' dir='ltr'>constat</span> <span class='ocrx_word' id='word_1_57' title='bbox 1655 650 1841 715; x_wconf 83' lang='lat' dir='ltr'>duplici</span> 
     </span>
     <span class='ocr_line' id='line_1_8' title="bbox 91 732 1840 802; baseline -0.005 -13"><span class='ocrx_word' id='word_1_58' title='bbox 91 740 291 801; x_wconf 89' lang='lat' dir='ltr'>semine,</span> <span class='ocrx_word' id='word_1_59' title='bbox 320 740 457 789; x_wconf 89' lang='lat' dir='ltr'>cuius</span> <span class='ocrx_word' id='word_1_60' title='bbox 492 756 601 802; x_wconf 86' lang='lat' dir='ltr'>pars</span> <span class='ocrx_word' id='word_1_61' title='bbox 640 741 792 786; x_wconf 90' lang='lat' dir='ltr'>maior</span> <span class='ocrx_word' id='word_1_62' title='bbox 829 753 943 785; x_wconf 90' lang='lat' dir='ltr'>cum</span> <span class='ocrx_word' id='word_1_63' title='bbox 979 735 1183 784; x_wconf 89' lang='lat' dir='ltr'>invaluit</span> <span class='ocrx_word' id='word_1_64' title='bbox 1220 744 1430 798; x_wconf 88' lang='lat' dir='ltr'>occupat</span> <span class='ocrx_word' id='word_1_65' title='bbox 1467 732 1840 782; x_wconf 89' lang='lat' dir='ltr'>similitudinem</span> 
     </span>
     <span class='ocr_line' id='line_1_9' title="bbox 92 815 1958 884; baseline -0.005 -13"><span class='ocrx_word' id='word_1_66' title='bbox 92 839 248 872; x_wconf 77' lang='lat' dir='ltr'>sexus.</span> <span class='ocrx_word' id='word_1_67' title='bbox 301 824 361 870; x_wconf 92' lang='lat' dir='ltr'>In</span> <span class='ocrx_word' id='word_1_68' title='bbox 387 837 594 884; x_wconf 90' lang='lat' dir='ltr'>corpore</span> <span class='ocrx_word' id='word_1_69' title='bbox 618 829 788 868; x_wconf 89' lang='lat' dir='ltr'>nostro</span> <span class='ocrx_word' id='word_1_70' title='bbox 806 820 1053 882; x_wconf 83' lang='lat' dir='ltr'>quaedam</span> <span class='ocrx_word' id='word_1_71' title='bbox 1080 826 1272 866; x_wconf 90' lang='lat' dir='ltr'>tantum</span> <span class='ocrx_word' id='word_1_72' title='bbox 1297 815 1517 864; x_wconf 84' lang='lat' dir='ltr'>utilitatis</span> <span class='ocrx_word' id='word_1_73' title='bbox 1543 832 1692 864; x_wconf 89' lang='lat' dir='ltr'>causa</span> <span class='ocrx_word' id='word_1_74' title='bbox 1716 817 1844 863; x_wconf 91' lang='lat' dir='ltr'>facta</span> <span class='ocrx_word' id='word_1_75' title='bbox 1866 816 1958 874; x_wconf 86' lang='lat'>146</span> 
     </span>
     <span class='ocr_line' id='line_1_10' title="bbox 93 896 1840 965; baseline -0.005 -12"><span class='ocrx_word' id='word_1_76' title='bbox 93 914 222 963; x_wconf 86' lang='lat' dir='ltr'>sunt,</span> <span class='ocrx_word' id='word_1_77' title='bbox 249 913 301 952; x_wconf 88' lang='lat' dir='ltr'>ut</span> <span class='ocrx_word' id='word_1_78' title='bbox 325 905 539 952; x_wconf 89' lang='lat' dir='ltr'>viscera:</span> <span class='ocrx_word' id='word_1_79' title='bbox 593 903 841 965; x_wconf 84' lang='lat' dir='ltr'>quaedam</span> <span class='ocrx_word' id='word_1_80' title='bbox 870 910 917 949; x_wconf 93' lang='lat' dir='ltr'>et</span> <span class='ocrx_word' id='word_1_81' title='bbox 945 899 1170 948; x_wconf 89' lang='lat' dir='ltr'>utilitatis</span> <span class='ocrx_word' id='word_1_82' title='bbox 1198 908 1245 947; x_wconf 89' lang='lat' dir='ltr'>et</span> <span class='ocrx_word' id='word_1_83' title='bbox 1272 898 1478 957; x_wconf 88' lang='lat' dir='ltr'>decoris,</span> <span class='ocrx_word' id='word_1_84' title='bbox 1507 907 1561 946; x_wconf 91' lang='lat' dir='ltr'>ut</span> <span class='ocrx_word' id='word_1_85' title='bbox 1595 913 1766 945; x_wconf 89' lang='lat' dir='ltr'>sensus</span> <span class='ocrx_word' id='word_1_86' title='bbox 1792 896 1840 943; x_wconf 90' lang='lat' dir='ltr'>in</span> 
     </span>
     <span class='ocr_line' id='line_1_11' title="bbox 11 980 1844 1047; baseline -0.004 -15"><span class='ocrx_word' id='word_1_87' title='bbox 11 1006 70 1034; x_wconf 38' lang='grc' dir='ltr'>,κιο</span> <span class='ocrx_word' id='word_1_88' title='bbox 92 988 229 1045; x_wconf 85' lang='lat' dir='ltr'>facie,</span> <span class='ocrx_word' id='word_1_89' title='bbox 258 995 305 1034; x_wconf 90' lang='lat' dir='ltr'>et</span> <span class='ocrx_word' id='word_1_90' title='bbox 331 985 380 1032; x_wconf 88' lang='lat' dir='ltr'>in</span> <span class='ocrx_word' id='word_1_91' title='bbox 419 1001 623 1047; x_wconf 90' lang='lat' dir='ltr'>corpore</span> <span class='ocrx_word' id='word_1_92' title='bbox 659 1000 834 1031; x_wconf 87' lang='lat' dir='ltr'>manus</span> <span class='ocrx_word' id='word_1_93' title='bbox 868 999 925 1030; x_wconf 93' lang='lat' dir='ltr'>ac</span> <span class='ocrx_word' id='word_1_94' title='bbox 962 983 1148 1045; x_wconf 84' lang='lat' dir='ltr'>pedes:</span> <span class='ocrx_word' id='word_1_95' title='bbox 1188 997 1398 1042; x_wconf 89' lang='lat' dir='ltr'>quorum</span> <span class='ocrx_word' id='word_1_96' title='bbox 1431 980 1765 1028; x_wconf 89' lang='lat' dir='ltr'>membrorum</span> <span class='ocrx_word' id='word_1_97' title='bbox 1797 988 1844 1026; x_wconf 88' lang='lat' dir='ltr'>et</span> 
     </span>
     <span class='ocr_line' id='line_1_12' title="bbox 94 1062 1953 1128; baseline -0.003 -13"><span class='ocrx_word' id='word_1_98' title='bbox 94 1067 273 1115; x_wconf 86' lang='lat' dir='ltr'>utilitas</span> <span class='ocrx_word' id='word_1_99' title='bbox 301 1083 478 1128; x_wconf 85' lang='lat' dir='ltr'>magna</span> <span class='ocrx_word' id='word_1_100' title='bbox 505 1075 591 1124; x_wconf 86' lang='lat' dir='ltr'>est,</span> <span class='ocrx_word' id='word_1_101' title='bbox 622 1075 669 1113; x_wconf 91' lang='lat' dir='ltr'>et</span> <span class='ocrx_word' id='word_1_102' title='bbox 696 1064 884 1127; x_wconf 83' lang='lat' dir='ltr'>species</span> <span class='ocrx_word' id='word_1_103' title='bbox 911 1062 1273 1112; x_wconf 82' lang='lat' dir='ltr'>decentissima.</span> <span class='ocrx_word' id='word_1_104' title='bbox 1362 1063 1624 1123; x_wconf 77' lang='lat' dir='ltr'>Quaedam</span> <span class='ocrx_word' id='word_1_105' title='bbox 1651 1070 1843 1108; x_wconf 90' lang='lat' dir='ltr'>tantum</span> <span class='ocrx_word' id='word_1_106' title='bbox 1867 1075 1953 1123; x_wconf 91' lang='lat'>147</span> 
     </span>
     <span class='ocr_line' id='line_1_13' title="bbox 93 1141 1842 1207; baseline -0.005 -10"><span class='ocrx_word' id='word_1_107' title='bbox 93 1147 299 1207; x_wconf 78' lang='lat' dir='ltr'>decoris,</span> <span class='ocrx_word' id='word_1_108' title='bbox 341 1157 393 1195; x_wconf 91' lang='lat' dir='ltr'>ut</span> <span class='ocrx_word' id='word_1_109' title='bbox 439 1146 684 1195; x_wconf 88' lang='lat' dir='ltr'>mamillae</span> <span class='ocrx_word' id='word_1_110' title='bbox 726 1145 774 1193; x_wconf 92' lang='lat' dir='ltr'>in</span> <span class='ocrx_word' id='word_1_111' title='bbox 818 1144 944 1204; x_wconf 86' lang='lat' dir='ltr'>viris,</span> <span class='ocrx_word' id='word_1_112' title='bbox 989 1154 1036 1192; x_wconf 92' lang='lat' dir='ltr'>et</span> <span class='ocrx_word' id='word_1_113' title='bbox 1067 1143 1116 1190; x_wconf 89' lang='lat' dir='ltr'>in</span> <span class='ocrx_word' id='word_1_114' title='bbox 1156 1153 1364 1206; x_wconf 88' lang='lat' dir='ltr'>utroque</span> <span class='ocrx_word' id='word_1_115' title='bbox 1405 1159 1521 1191; x_wconf 82' lang='lat' dir='ltr'>sexu</span> <span class='ocrx_word' id='word_1_116' title='bbox 1562 1141 1842 1191; x_wconf 84' lang='lat' dir='ltr'>umbilicus.</span> 
     </span>
     <span class='ocr_line' id='line_1_14' title="bbox 95 1223 1843 1291; baseline -0.003 -14"><span class='ocrx_word' id='word_1_117' title='bbox 95 1231 355 1291; x_wconf 85' lang='lat' dir='ltr'>Quaedam</span> <span class='ocrx_word' id='word_1_118' title='bbox 404 1227 728 1281; x_wconf 81' lang='lat' dir='ltr'>discretionis,</span> <span class='ocrx_word' id='word_1_119' title='bbox 771 1237 823 1275; x_wconf 87' lang='lat' dir='ltr'>ut</span> <span class='ocrx_word' id='word_1_120' title='bbox 864 1228 913 1274; x_wconf 92' lang='lat' dir='ltr'>in</span> <span class='ocrx_word' id='word_1_121' title='bbox 953 1225 1064 1273; x_wconf 84' lang='lat' dir='ltr'>viris</span> <span class='ocrx_word' id='word_1_122' title='bbox 1103 1224 1348 1287; x_wconf 72' lang='lat' dir='ltr'>genitalia,</span> <span class='ocrx_word' id='word_1_123' title='bbox 1397 1224 1551 1273; x_wconf 88' lang='lat' dir='ltr'>barba</span> <span class='ocrx_word' id='word_1_124' title='bbox 1589 1223 1843 1287; x_wconf 82' lang='lat' dir='ltr'>promissa,</span> 
     </span>
     <span class='ocr_line' id='line_1_15' title="bbox 93 1309 1848 1385; baseline -0.003 -26"><span class='ocrx_word' id='word_1_125' title='bbox 93 1321 264 1375; x_wconf 88' lang='lat' dir='ltr'>pectus</span> <span class='ocrx_word' id='word_1_126' title='bbox 282 1312 503 1385; x_wconf 54' lang='lat' dir='ltr'>arnplum</span> <span class='ocrx_word' id='word_1_127' title='bbox 525 1329 536 1369; x_wconf 79' lang='lat'><em>3</em></span> <span class='ocrx_word' id='word_1_128' title='bbox 573 1311 621 1357; x_wconf 91' lang='lat' dir='ltr'>in</span> <span class='ocrx_word' id='word_1_129' title='bbox 650 1309 936 1357; x_wconf 88' lang='lat' dir='ltr'>mulieribus</span> <span class='ocrx_word' id='word_1_130' title='bbox 962 1310 1092 1356; x_wconf 89' lang='lat' dir='ltr'>leves</span> <span class='ocrx_word' id='word_1_131' title='bbox 1110 1324 1277 1370; x_wconf 83' lang='lat' dir='ltr'>genae,</span> <span class='ocrx_word' id='word_1_132' title='bbox 1299 1317 1346 1355; x_wconf 91' lang='lat' dir='ltr'>et</span> <span class='ocrx_word' id='word_1_133' title='bbox 1363 1315 1626 1369; x_wconf 85' lang='lat' dir='ltr'>angustum</span> <span class='ocrx_word' id='word_1_134' title='bbox 1644 1315 1816 1369; x_wconf 87' lang='lat' dir='ltr'>pectus</span> <span class='ocrx_word' id='word_1_135' title='bbox 1837 1325 1848 1366; x_wconf 81' lang='lat'><em>3</em></span> 
     </span>
     <span class='ocr_line' id='line_1_16' title="bbox 12 1389 1847 1455; baseline -0.002 -17"><span class='ocrx_word' id='word_1_136' title='bbox 12 1411 68 1452; x_wconf 70' lang='lat'>»15</span> <span class='ocrx_word' id='word_1_137' title='bbox 93 1395 156 1441; x_wconf 90' lang='lat' dir='ltr'>ad</span> <span class='ocrx_word' id='word_1_138' title='bbox 182 1392 536 1455; x_wconf 91' lang='lat' dir='ltr'>concipiendos</span> <span class='ocrx_word' id='word_1_139' title='bbox 563 1401 725 1439; x_wconf 89' lang='lat' dir='ltr'>autem</span> <span class='ocrx_word' id='word_1_140' title='bbox 756 1400 803 1438; x_wconf 90' lang='lat' dir='ltr'>et</span> <span class='ocrx_word' id='word_1_141' title='bbox 830 1391 1099 1452; x_wconf 85' lang='lat' dir='ltr'>portandos</span> <span class='ocrx_word' id='word_1_142' title='bbox 1126 1390 1285 1437; x_wconf 88' lang='lat' dir='ltr'>foetus</span> <span class='ocrx_word' id='word_1_143' title='bbox 1318 1404 1456 1436; x_wconf 87' lang='lat' dir='ltr'>renes</span> <span class='ocrx_word' id='word_1_144' title='bbox 1484 1398 1531 1436; x_wconf 88' lang='lat' dir='ltr'>et</span> <span class='ocrx_word' id='word_1_145' title='bbox 1556 1390 1706 1436; x_wconf 86' lang='lat' dir='ltr'>latera</span> <span class='ocrx_word' id='word_1_146' title='bbox 1732 1389 1847 1436; x_wconf 90' lang='lat' dir='ltr'>dila-</span> 
     </span>
     <span class='ocr_line' id='line_1_17' title="bbox 94 1470 1847 1535; baseline -0.003 -13"><span class='ocrx_word' id='word_1_147' title='bbox 94 1484 206 1523; x_wconf 86' lang='lat' dir='ltr'>tata.</span> <span class='ocrx_word' id='word_1_148' title='bbox 281 1475 433 1535; x_wconf 80' lang='lat' dir='ltr'>Quod</span> <span class='ocrx_word' id='word_1_149' title='bbox 458 1475 521 1522; x_wconf 89' lang='lat' dir='ltr'>ad</span> <span class='ocrx_word' id='word_1_150' title='bbox 547 1472 801 1522; x_wconf 89' lang='lat' dir='ltr'>hominem</span> <span class='ocrx_word' id='word_1_151' title='bbox 830 1481 877 1520; x_wconf 90' lang='lat' dir='ltr'>et</span> <span class='ocrx_word' id='word_1_152' title='bbox 902 1474 965 1519; x_wconf 89' lang='lat' dir='ltr'>ad</span> <span class='ocrx_word' id='word_1_153' title='bbox 993 1481 1152 1534; x_wconf 89' lang='lat' dir='ltr'>partes</span> <span class='ocrx_word' id='word_1_154' title='bbox 1183 1470 1355 1519; x_wconf 81' lang='lat' dir='ltr'>attinet</span> <span class='ocrx_word' id='word_1_155' title='bbox 1382 1470 1598 1533; x_wconf 84' lang='lat' dir='ltr'>corporis</span> <span class='ocrx_word' id='word_1_156' title='bbox 1625 1487 1682 1517; x_wconf 76' lang='lat' dir='ltr'>ex</span> <span class='ocrx_word' id='word_1_157' title='bbox 1714 1479 1847 1532; x_wconf 88' lang='lat' dir='ltr'>parte</span> 
     </span>
     <span class='ocr_line' id='line_1_18' title="bbox 96 1552 1236 1615; baseline -0.003 -12"><span class='ocrx_word' id='word_1_158' title='bbox 96 1556 281 1604; x_wconf 89' lang='lat' dir='ltr'>dictum</span> <span class='ocrx_word' id='word_1_159' title='bbox 309 1566 395 1614; x_wconf 88' lang='lat' dir='ltr'>est,</span> <span class='ocrx_word' id='word_1_160' title='bbox 423 1572 556 1603; x_wconf 91' lang='lat' dir='ltr'>nunc</span> <span class='ocrx_word' id='word_1_161' title='bbox 582 1563 766 1603; x_wconf 85' lang='lat' dir='ltr'>aetates</span> <span class='ocrx_word' id='word_1_162' title='bbox 794 1553 897 1601; x_wconf 86' lang='lat' dir='ltr'>eius</span> <span class='ocrx_word' id='word_1_163' title='bbox 929 1552 1236 1615; x_wconf 84' lang='lat' dir='ltr'>subiungam.</span> 
     </span>
    </p>

    <p class='ocr_par' dir='ltr' id='par_1_3' title="bbox 14 1632 1914 1861">
     <span class='ocr_line' id='line_1_19' title="bbox 234 1632 1914 1685; baseline -0.003 -1"><span class='ocrx_word' id='word_1_164' title='bbox 234 1641 316 1685; x_wconf 76' lang='lat' dir='ltr'>DE</span> <span class='ocrx_word' id='word_1_165' title='bbox 353 1650 634 1684; x_wconf 71' lang='lat' dir='ltr'>AETATfflvs</span> <span class='ocrx_word' id='word_1_166' title='bbox 673 1650 942 1683; x_wconf 79' lang='lat' dir='ltr'><strong>HOMINVM.</strong></span> <span class='ocrx_word' id='word_1_167' title='bbox 1031 1635 1226 1681; x_wconf 80' lang='lat' dir='ltr'>Gradus</span> <span class='ocrx_word' id='word_1_168' title='bbox 1262 1633 1434 1681; x_wconf 88' lang='lat' dir='ltr'>aetatis</span> <span class='ocrx_word' id='word_1_169' title='bbox 1472 1649 1554 1680; x_wconf 79' lang='lat' dir='ltr'>sex</span> <span class='ocrx_word' id='word_1_170' title='bbox 1592 1642 1734 1680; x_wconf 83' lang='lat' dir='ltr'>sunt:</span> <span class='ocrx_word' id='word_1_171' title='bbox 1784 1632 1851 1679; x_wconf 90' lang='lat' dir='ltr'>in-</span> <span class='ocrx_word' id='word_1_172' title='bbox 1877 1641 1914 1679; x_wconf 89' lang='lat'>11</span> 
     </span>
     <span class='ocr_line' id='line_1_20' title="bbox 99 1715 1845 1781; baseline -0.004 -13"><span class='ocrx_word' id='word_1_173' title='bbox 99 1719 266 1779; x_wconf 75' lang='lat' dir='ltr'>santia,</span> <span class='ocrx_word' id='word_1_174' title='bbox 292 1718 512 1781; x_wconf 88' lang='lat' dir='ltr'>pueritia,</span> <span class='ocrx_word' id='word_1_175' title='bbox 543 1716 893 1775; x_wconf 83' lang='lat' dir='ltr'>adolescentia,</span> <span class='ocrx_word' id='word_1_176' title='bbox 923 1716 1164 1771; x_wconf 80' lang='lat' dir='ltr'>iuventus,</span> <span class='ocrx_word' id='word_1_177' title='bbox 1191 1715 1398 1778; x_wconf 80' lang='lat' dir='ltr'>gravitas</span> <span class='ocrx_word' id='word_1_178' title='bbox 1424 1725 1571 1777; x_wconf 87' lang='lat' dir='ltr'>atque</span> <span class='ocrx_word' id='word_1_179' title='bbox 1604 1723 1845 1763; x_wconf 86' lang='lat' dir='ltr'>senectus.</span> 
     </span>
     <span class='ocr_line' id='line_1_21' title="bbox 14 1795 1904 1861; baseline -0.002 -16"><span class='ocrx_word' id='word_1_180' title='bbox 14 1819 77 1846; x_wconf 69' lang='lat'>⁴20</span> <span class='ocrx_word' id='word_1_181' title='bbox 103 1800 261 1849; x_wconf 89' lang='lat' dir='ltr'>Prima</span> <span class='ocrx_word' id='word_1_182' title='bbox 293 1810 427 1848; x_wconf 81' lang='lat' dir='ltr'>aetas</span> <span class='ocrx_word' id='word_1_183' title='bbox 462 1799 665 1847; x_wconf 84' lang='lat' dir='ltr'>infantia</span> <span class='ocrx_word' id='word_1_184' title='bbox 704 1809 776 1847; x_wconf 88' lang='lat' dir='ltr'>est</span> <span class='ocrx_word' id='word_1_185' title='bbox 802 1797 938 1861; x_wconf 89' lang='lat' dir='ltr'>pueri</span> <span class='ocrx_word' id='word_1_186' title='bbox 968 1797 1214 1845; x_wconf 86' lang='lat' dir='ltr'>nascentis</span> <span class='ocrx_word' id='word_1_187' title='bbox 1248 1798 1311 1844; x_wconf 89' lang='lat' dir='ltr'>ad</span> <span class='ocrx_word' id='word_1_188' title='bbox 1338 1799 1515 1855; x_wconf 81' lang='lat' dir='ltr'>lucem,</span> <span class='ocrx_word' id='word_1_189' title='bbox 1544 1813 1671 1858; x_wconf 89' lang='lat' dir='ltr'>quae</span> <span class='ocrx_word' id='word_1_190' title='bbox 1706 1795 1851 1858; x_wconf 90' lang='lat' dir='ltr'>porri·</span> <span class='ocrx_word' id='word_1_191' title='bbox 1875 1805 1904 1838; x_wconf 87' lang='lat'><strong>2</strong></span> 
     </span>
    </p>

    <p class='ocr_par' dir='ltr' id='par_1_4' title="bbox 32 1878 1913 2514">
     <span class='ocr_line' id='line_1_22' title="bbox 98 1878 1905 1945; baseline -0.002 -16"><span class='ocrx_word' id='word_1_192' title='bbox 98 1881 223 1945; x_wconf 85' lang='lat' dir='ltr'>gitur</span> <span class='ocrx_word' id='word_1_193' title='bbox 257 1881 305 1928; x_wconf 90' lang='lat' dir='ltr'>in</span> <span class='ocrx_word' id='word_1_194' title='bbox 333 1891 518 1943; x_wconf 85' lang='lat' dir='ltr'>septem</span> <span class='ocrx_word' id='word_1_195' title='bbox 554 1880 712 1929; x_wconf 88' lang='lat' dir='ltr'>annis.</span> <span class='ocrx_word' id='word_1_196' title='bbox 787 1880 1018 1928; x_wconf 83' lang='lat' dir='ltr'>Secunda</span> <span class='ocrx_word' id='word_1_197' title='bbox 1051 1890 1184 1927; x_wconf 82' lang='lat' dir='ltr'>aetas</span> <span class='ocrx_word' id='word_1_198' title='bbox 1217 1878 1437 1941; x_wconf 90' lang='lat' dir='ltr'>pueritia,</span> <span class='ocrx_word' id='word_1_199' title='bbox 1468 1878 1517 1926; x_wconf 91' lang='lat' dir='ltr'>id</span> <span class='ocrx_word' id='word_1_200' title='bbox 1554 1887 1625 1926; x_wconf 89' lang='lat' dir='ltr'>est</span> <span class='ocrx_word' id='word_1_201' title='bbox 1659 1894 1779 1939; x_wconf 90' lang='lat' dir='ltr'>pura</span> <span class='ocrx_word' id='word_1_202' title='bbox 1806 1887 1852 1925; x_wconf 90' lang='lat' dir='ltr'>et</span> <span class='ocrx_word' id='word_1_203' title='bbox 1876 1881 1905 1926; x_wconf 88' lang='grc'>3</span> 
     </span>
     <span class='ocr_line' id='line_1_23' title="bbox 100 1960 1853 2024; baseline -0.003 -12"><span class='ocrx_word' id='word_1_204' title='bbox 100 1965 313 2011; x_wconf 90' lang='lat' dir='ltr'>necdum</span> <span class='ocrx_word' id='word_1_205' title='bbox 362 1965 424 2010; x_wconf 83' lang='lat' dir='ltr'>ad</span> <span class='ocrx_word' id='word_1_206' title='bbox 467 1963 809 2024; x_wconf 85' lang='lat' dir='ltr'>generandum</span> <span class='ocrx_word' id='word_1_207' title='bbox 854 1971 981 2023; x_wconf 85' lang='lat' dir='ltr'>apta,</span> <span class='ocrx_word' id='word_1_208' title='bbox 1029 1962 1238 2008; x_wconf 81' lang='lat' dir='ltr'>tendens</span> <span class='ocrx_word' id='word_1_209' title='bbox 1288 1976 1445 2023; x_wconf 87' lang='lat' dir='ltr'>usque</span> <span class='ocrx_word' id='word_1_210' title='bbox 1493 1960 1558 2007; x_wconf 89' lang='lat' dir='ltr'>ad</span> <span class='ocrx_word' id='word_1_211' title='bbox 1606 1967 1853 2021; x_wconf 88' lang='lat' dir='ltr'>quartum-</span> 
     </span>
     <span class='ocr_line' id='line_1_24' title="bbox 100 2041 1906 2104; baseline -0.002 -12"><span class='ocrx_word' id='word_1_212' title='bbox 100 2045 348 2093; x_wconf 85' lang='lat' dir='ltr'>decimum</span> <span class='ocrx_word' id='word_1_213' title='bbox 384 2061 588 2091; x_wconf 89' lang='lat' dir='ltr'>annum.</span> <span class='ocrx_word' id='word_1_214' title='bbox 660 2042 828 2091; x_wconf 88' lang='lat' dir='ltr'>Tertia</span> <span class='ocrx_word' id='word_1_215' title='bbox 863 2044 1199 2091; x_wconf 77' lang='lat' dir='ltr'>adolescentia</span> <span class='ocrx_word' id='word_1_216' title='bbox 1231 2044 1295 2090; x_wconf 87' lang='lat' dir='ltr'>ad</span> <span class='ocrx_word' id='word_1_217' title='bbox 1330 2041 1632 2104; x_wconf 81' lang='lat' dir='ltr'>gignendum</span> <span class='ocrx_word' id='word_1_218' title='bbox 1668 2042 1850 2099; x_wconf 82' lang='lat' dir='ltr'>adulta,</span> <span class='ocrx_word' id='word_1_219' title='bbox 1874 2047 1906 2093; x_wconf 92' lang='lat'>4</span> 
     </span>
     <span class='ocr_line' id='line_1_25' title="bbox 103 2122 1910 2189; baseline -0.003 -15"><span class='ocrx_word' id='word_1_220' title='bbox 103 2143 230 2189; x_wconf 88' lang='lat' dir='ltr'>quae</span> <span class='ocrx_word' id='word_1_221' title='bbox 256 2124 515 2188; x_wconf 85' lang='lat' dir='ltr'>porrigitur</span> <span class='ocrx_word' id='word_1_222' title='bbox 543 2141 698 2187; x_wconf 85' lang='lat' dir='ltr'>usque</span> <span class='ocrx_word' id='word_1_223' title='bbox 724 2125 787 2172; x_wconf 88' lang='lat' dir='ltr'>ad</span> <span class='ocrx_word' id='word_1_224' title='bbox 814 2123 982 2186; x_wconf 85' lang='lat' dir='ltr'>viginti</span> <span class='ocrx_word' id='word_1_225' title='bbox 1019 2134 1133 2171; x_wconf 86' lang='lat' dir='ltr'>octo</span> <span class='ocrx_word' id='word_1_226' title='bbox 1167 2140 1336 2171; x_wconf 87' lang='lat' dir='ltr'>annos.</span> <span class='ocrx_word' id='word_1_227' title='bbox 1413 2124 1601 2184; x_wconf 83' lang='lat' dir='ltr'>Quarta</span> <span class='ocrx_word' id='word_1_228' title='bbox 1626 2122 1853 2170; x_wconf 87' lang='lat' dir='ltr'>iuventus</span> <span class='ocrx_word' id='word_1_229' title='bbox 1880 2129 1910 2177; x_wconf 89' lang='lat'>5</span> 
     </span>
     <span class='ocr_line' id='line_1_26' title="bbox 32 2205 1852 2267; baseline 0 -16"><span class='ocrx_word' id='word_1_230' title='bbox 32 2222 79 2262; x_wconf 85' lang='lat'>25</span> <span class='ocrx_word' id='word_1_231' title='bbox 106 2207 380 2254; x_wconf 86' lang='lat' dir='ltr'>firmissima</span> <span class='ocrx_word' id='word_1_232' title='bbox 416 2215 632 2254; x_wconf 87' lang='lat' dir='ltr'>aetatum</span> <span class='ocrx_word' id='word_1_233' title='bbox 671 2205 915 2266; x_wconf 81' lang='lat' dir='ltr'>omnium,</span> <span class='ocrx_word' id='word_1_234' title='bbox 952 2205 1128 2254; x_wconf 83' lang='lat' dir='ltr'>finiens</span> <span class='ocrx_word' id='word_1_235' title='bbox 1166 2205 1217 2253; x_wconf 89' lang='lat' dir='ltr'>in</span> <span class='ocrx_word' id='word_1_236' title='bbox 1253 2205 1665 2267; x_wconf 84' lang='lat' dir='ltr'>quinquagesimo</span> <span class='ocrx_word' id='word_1_237' title='bbox 1706 2221 1852 2252; x_wconf 90' lang='lat' dir='ltr'>anno.</span> 
     </span>
     <span class='ocr_line' id='line_1_27' title="bbox 107 2286 1913 2350; baseline -0.001 -14"><span class='ocrx_word' id='word_1_238' title='bbox 107 2288 293 2350; x_wconf 86' lang='lat' dir='ltr'>Quinta</span> <span class='ocrx_word' id='word_1_239' title='bbox 335 2298 467 2336; x_wconf 88' lang='lat' dir='ltr'>aetas</span> <span class='ocrx_word' id='word_1_240' title='bbox 505 2287 723 2346; x_wconf 72' lang='lat' dir='ltr'>senioriS,</span> <span class='ocrx_word' id='word_1_241' title='bbox 764 2287 813 2335; x_wconf 90' lang='lat' dir='ltr'>id</span> <span class='ocrx_word' id='word_1_242' title='bbox 861 2297 934 2335; x_wconf 90' lang='lat' dir='ltr'>est</span> <span class='ocrx_word' id='word_1_243' title='bbox 982 2286 1202 2350; x_wconf 81' lang='lat' dir='ltr'>gravitas,</span> <span class='ocrx_word' id='word_1_244' title='bbox 1243 2304 1371 2350; x_wconf 88' lang='lat' dir='ltr'>quae</span> <span class='ocrx_word' id='word_1_245' title='bbox 1410 2296 1482 2335; x_wconf 89' lang='lat' dir='ltr'>est</span> <span class='ocrx_word' id='word_1_246' title='bbox 1526 2286 1793 2334; x_wconf 89' lang='lat' dir='ltr'>declinatio</span> <span class='ocrx_word' id='word_1_247' title='bbox 1829 2289 1913 2335; x_wconf 87' lang='lat' dir='ltr'>a6</span> 
     </span>
     <span class='ocr_line' id='line_1_28' title="bbox 106 2368 1853 2428; baseline -0.002 -10"><span class='ocrx_word' id='word_1_248' title='bbox 106 2370 356 2418; x_wconf 85' lang='lat' dir='ltr'>iuventute</span> <span class='ocrx_word' id='word_1_249' title='bbox 392 2371 441 2416; x_wconf 91' lang='lat' dir='ltr'>in</span> <span class='ocrx_word' id='word_1_250' title='bbox 479 2378 818 2428; x_wconf 78' lang='lat' dir='ltr'>senectutem3</span> <span class='ocrx_word' id='word_1_251' title='bbox 856 2371 1080 2417; x_wconf 91' lang='lat' dir='ltr'>nondum</span> <span class='ocrx_word' id='word_1_252' title='bbox 1117 2379 1343 2417; x_wconf 85' lang='lat' dir='ltr'>senectus</span> <span class='ocrx_word' id='word_1_253' title='bbox 1377 2369 1464 2416; x_wconf 87' lang='lat' dir='ltr'>sed</span> <span class='ocrx_word' id='word_1_254' title='bbox 1498 2368 1595 2415; x_wconf 88' lang='lat' dir='ltr'>iam</span> <span class='ocrx_word' id='word_1_255' title='bbox 1629 2369 1853 2416; x_wconf 88' lang='lat' dir='ltr'>nondum</span> 
     </span>
     <span class='ocr_line' id='line_1_29' title="bbox 106 2440 1854 2514; baseline -0.001 -14"><span class='ocrx_word' id='word_1_256' title='bbox 106 2440 346 2511; x_wconf 77' lang='lat' dir='ltr'>iuventus,</span> <span class='ocrx_word' id='word_1_257' title='bbox 366 2451 480 2514; x_wconf 91' lang='lat' dir='ltr'>quia</span> <span class='ocrx_word' id='word_1_258' title='bbox 501 2450 703 2499; x_wconf 87' lang='lat' dir='ltr'>senioris</span> <span class='ocrx_word' id='word_1_259' title='bbox 729 2460 861 2498; x_wconf 83' lang='lat' dir='ltr'>aetas</span> <span class='ocrx_word' id='word_1_260' title='bbox 883 2460 968 2511; x_wconf 87' lang='lat' dir='ltr'>est,</span> <span class='ocrx_word' id='word_1_261' title='bbox 990 2467 1138 2513; x_wconf 88' lang='lat' dir='ltr'>quam</span> <span class='ocrx_word' id='word_1_262' title='bbox 1166 2450 1341 2499; x_wconf 88' lang='lat' dir='ltr'>Graeci</span> <span class='ocrx_word' id='word_1_263' title='bbox 1367 2452 1643 2514; x_wconf 79' lang='grc' dir='ltr'>πρεσβύτην</span> <span class='ocrx_word' id='word_1_264' title='bbox 1662 2461 1854 2499; x_wconf 84' lang='lat' dir='ltr'>vocant.</span> 
     </span>
    </p>
   </div>
   <div class='ocr_carea' id='block_1_3' title="bbox 107 2578 1867 3068">
    <p class='ocr_par' dir='ltr' id='par_1_5' title="bbox 107 2578 1867 3068">
     <span class='ocr_line' id='line_1_30' title="bbox 165 2578 1856 2631; baseline -0.002 -12"><span class='ocrx_word' id='word_1_265' title='bbox 165 2595 182 2620; x_wconf 94' lang='lat'>1</span> <span class='ocrx_word' id='word_1_266' title='bbox 215 2586 434 2631; x_wconf 84' lang='lat' dir='ltr'>parentum</span> <span class='ocrx_word' id='word_1_267' title='bbox 468 2581 536 2630; x_wconf 86' lang='lat' dir='ltr'>fig.</span> <span class='ocrx_word' id='word_1_268' title='bbox 564 2581 607 2618; x_wconf 90' lang='lat' dir='ltr'><em>K</em></span> <span class='ocrx_word' id='word_1_269' title='bbox 798 2594 821 2618; x_wconf 87' lang='lat'>2</span> <span class='ocrx_word' id='word_1_270' title='bbox 850 2580 1015 2629; x_wconf 87' lang='lat' dir='ltr'>aequali</span> <span class='ocrx_word' id='word_1_271' title='bbox 1043 2580 1089 2617; x_wconf 88' lang='lat' dir='ltr'><em>K</em></span> <span class='ocrx_word' id='word_1_272' title='bbox 1241 2580 1338 2618; x_wconf 87' lang='lat' dir='ltr'>mix.</span> <span class='ocrx_word' id='word_1_273' title='bbox 1378 2586 1639 2629; x_wconf 88' lang='lat' dir='ltr'>paternoque</span> <span class='ocrx_word' id='word_1_274' title='bbox 1669 2592 1771 2618; x_wconf 89' lang='lat' dir='ltr'>sem.</span> <span class='ocrx_word' id='word_1_275' title='bbox 1801 2578 1856 2616; x_wconf 74' lang='lat'>13¹</span> 
     </span>
     <span class='ocr_line' id='line_1_31' title="bbox 107 2633 1860 2687; baseline -0.002 -12"><span class='ocrx_word' id='word_1_276' title='bbox 107 2651 133 2687; x_wconf 92' lang='lat'>4</span> <span class='ocrx_word' id='word_1_277' title='bbox 162 2635 302 2687; x_wconf 86' lang='lat' dir='ltr'>nobis]</span> <span class='ocrx_word' id='word_1_278' title='bbox 325 2636 563 2674; x_wconf 87' lang='lat' dir='ltr'>hominibus</span> <span class='ocrx_word' id='word_1_279' title='bbox 587 2635 661 2674; x_wconf 93' lang='lat' dir='ltr'>CD</span> <span class='ocrx_word' id='word_1_280' title='bbox 798 2648 821 2683; x_wconf 87' lang='grc'>5</span> <span class='ocrx_word' id='word_1_281' title='bbox 851 2635 958 2686; x_wconf 88' lang='lat' dir='ltr'>pat.]</span> <span class='ocrx_word' id='word_1_282' title='bbox 979 2641 1168 2672; x_wconf 87' lang='lat' dir='ltr'>materno</span> <span class='ocrx_word' id='word_1_283' title='bbox 1194 2635 1238 2672; x_wconf 91' lang='lat' dir='ltr'><em>K</em></span> <span class='ocrx_word' id='word_1_284' title='bbox 1257 2637 1359 2681; x_wconf 79' lang='lat' dir='ltr'>(non</span> <span class='ocrx_word' id='word_1_285' title='bbox 1386 2634 1448 2685; x_wconf 88' lang='lat' dir='ltr'>D)</span> <span class='ocrx_word' id='word_1_286' title='bbox 1588 2637 1614 2673; x_wconf 89' lang='lat'><strong>6</strong></span> <span class='ocrx_word' id='word_1_287' title='bbox 1645 2641 1687 2672; x_wconf 83' lang='lat' dir='ltr'>et</span> <span class='ocrx_word' id='word_1_288' title='bbox 1708 2647 1790 2672; x_wconf 78' lang='lat' dir='ltr'>om.</span> <span class='ocrx_word' id='word_1_289' title='bbox 1817 2633 1860 2671; x_wconf 91' lang='lat' dir='ltr'><em>D</em></span> 
     </span>
     <span class='ocr_line' id='line_1_32' title="bbox 112 2688 1862 2740; baseline -0.002 -11"><span class='ocrx_word' id='word_1_290' title='bbox 112 2703 166 2729; x_wconf 84' lang='lat' dir='ltr'>ex</span> <span class='ocrx_word' id='word_1_291' title='bbox 186 2703 267 2729; x_wconf 88' lang='lat' dir='ltr'>om.</span> <span class='ocrx_word' id='word_1_292' title='bbox 288 2690 331 2727; x_wconf 88' lang='lat' dir='ltr'><em>K</em></span> <span class='ocrx_word' id='word_1_293' title='bbox 440 2689 559 2740; x_wconf 84' lang='lat' dir='ltr'>mat.]</span> <span class='ocrx_word' id='word_1_294' title='bbox 577 2696 758 2738; x_wconf 85' lang='lat' dir='ltr'>paterno</span> <span class='ocrx_word' id='word_1_295' title='bbox 781 2689 827 2727; x_wconf 91' lang='lat' dir='ltr'><em>K</em></span> <span class='ocrx_word' id='word_1_296' title='bbox 844 2693 945 2739; x_wconf 70' lang='lat' dir='ltr'>(non</span> <span class='ocrx_word' id='word_1_297' title='bbox 967 2689 1027 2740; x_wconf 82' lang='lat' dir='ltr'>D&gt;</span> <span class='ocrx_word' id='word_1_298' title='bbox 1142 2690 1209 2738; x_wconf 90' lang='lat' dir='ltr'>qui</span> <span class='ocrx_word' id='word_1_299' title='bbox 1232 2689 1276 2726; x_wconf 90' lang='lat' dir='ltr'><em>K</em></span> <span class='ocrx_word' id='word_1_300' title='bbox 1291 2690 1390 2738; x_wconf 76' lang='lat' dir='ltr'>(non</span> <span class='ocrx_word' id='word_1_301' title='bbox 1413 2688 1472 2739; x_wconf 78' lang='lat' dir='ltr'>D)</span> <span class='ocrx_word' id='word_1_302' title='bbox 1587 2701 1607 2737; x_wconf 88' lang='lat'>7</span> <span class='ocrx_word' id='word_1_303' title='bbox 1639 2688 1862 2726; x_wconf 87' lang='lat' dir='ltr'>invaluerit</span> 
     </span>
     <span class='ocr_line' id='line_1_33' title="bbox 110 2742 1861 2794; baseline -0.002 -11"><span class='ocrx_word' id='word_1_304' title='bbox 110 2744 155 2783; x_wconf 92' lang='lat' dir='ltr'><em>K</em></span> <span class='ocrx_word' id='word_1_305' title='bbox 263 2759 289 2794; x_wconf 93' lang='lat'>9</span> <span class='ocrx_word' id='word_1_306' title='bbox 319 2750 363 2782; x_wconf 88' lang='lat' dir='ltr'>ut</span> <span class='ocrx_word' id='word_1_307' title='bbox 383 2757 496 2783; x_wconf 83' lang='lat' dir='ltr'>sens.</span> <span class='ocrx_word' id='word_1_308' title='bbox 523 2774 532 2783; x_wconf 86' lang='lat'><strong>.</strong></span> <span class='ocrx_word' id='word_1_309' title='bbox 558 2775 567 2783; x_wconf 89' lang='lat'><strong>.</strong></span> <span class='ocrx_word' id='word_1_310' title='bbox 595 2774 604 2784; x_wconf 89' lang='lat'><strong>.</strong></span> <span class='ocrx_word' id='word_1_311' title='bbox 629 2745 793 2783; x_wconf 88' lang='lat' dir='ltr'>decent.</span> <span class='ocrx_word' id='word_1_312' title='bbox 816 2757 896 2783; x_wconf 82' lang='lat' dir='ltr'>om.</span> <span class='ocrx_word' id='word_1_313' title='bbox 920 2744 965 2781; x_wconf 92' lang='lat' dir='ltr'><em>K</em></span> <span class='ocrx_word' id='word_1_314' title='bbox 1072 2756 1200 2781; x_wconf 87' lang='lat' dir='ltr'>nasus</span> <span class='ocrx_word' id='word_1_315' title='bbox 1221 2743 1296 2781; x_wconf 80' lang='lat' dir='ltr'>alii</span> <span class='ocrx_word' id='word_1_316' title='bbox 1403 2744 1446 2781; x_wconf 90' lang='lat' dir='ltr'>in</span> <span class='ocrx_word' id='word_1_317' title='bbox 1467 2743 1569 2794; x_wconf 59' lang='lat' dir='ltr'>fao]</span> <span class='ocrx_word' id='word_1_318' title='bbox 1592 2743 1796 2780; x_wconf 88' lang='lat' dir='ltr'>infantiae</span> <span class='ocrx_word' id='word_1_319' title='bbox 1817 2742 1861 2780; x_wconf 91' lang='lat' dir='ltr'><em>D</em></span> 
     </span>
     <span class='ocr_line' id='line_1_34' title="bbox 115 2795 1863 2848; baseline -0.003 -10"><span class='ocrx_word' id='word_1_320' title='bbox 115 2812 163 2838; x_wconf 90' lang='lat'>10</span> <span class='ocrx_word' id='word_1_321' title='bbox 183 2799 354 2838; x_wconf 86' lang='lat' dir='ltr'>membr.</span> <span class='ocrx_word' id='word_1_322' title='bbox 374 2799 459 2836; x_wconf 90' lang='lat' dir='ltr'>util.</span> <span class='ocrx_word' id='word_1_323' title='bbox 481 2797 515 2836; x_wconf 88' lang='lat' dir='ltr'><em>C</em></span> <span class='ocrx_word' id='word_1_324' title='bbox 626 2810 672 2846; x_wconf 85' lang='lat'>13</span> <span class='ocrx_word' id='word_1_325' title='bbox 695 2811 763 2848; x_wconf 91' lang='lat' dir='ltr'>qu.</span> <span class='ocrx_word' id='word_1_326' title='bbox 785 2804 923 2837; x_wconf 86' lang='lat' dir='ltr'>autem</span> <span class='ocrx_word' id='word_1_327' title='bbox 948 2799 1073 2837; x_wconf 87' lang='lat' dir='ltr'>discr.</span> <span class='ocrx_word' id='word_1_328' title='bbox 1095 2798 1130 2836; x_wconf 87' lang='lat' dir='ltr'><em>C</em></span> <span class='ocrx_word' id='word_1_329' title='bbox 1235 2798 1441 2848; x_wconf 87' lang='lat' dir='ltr'>promissa</span> <span class='ocrx_word' id='word_1_330' title='bbox 1463 2796 1562 2836; x_wconf 87' lang='lat' dir='ltr'>CT:</span> <span class='ocrx_word' id='word_1_331' title='bbox 1593 2797 1758 2847; x_wconf 82' lang='lat' dir='ltr'>prolixa</span> <span class='ocrx_word' id='word_1_332' title='bbox 1780 2795 1863 2834; x_wconf 88' lang='grc' dir='ltr'>ΒΚ</span> 
     </span>
     <span class='ocr_line' id='line_1_35' title="bbox 115 2849 1860 2902; baseline -0.003 -10"><span class='ocrx_word' id='word_1_333' title='bbox 115 2867 163 2902; x_wconf 89' lang='lat'>14</span> <span class='ocrx_word' id='word_1_334' title='bbox 191 2853 234 2892; x_wconf 89' lang='lat' dir='ltr'>in</span> <span class='ocrx_word' id='word_1_335' title='bbox 256 2853 354 2893; x_wconf 85' lang='lat' dir='ltr'>mul.</span> <span class='ocrx_word' id='word_1_336' title='bbox 375 2857 467 2891; x_wconf 68' lang='lat' dir='ltr'>ante</span> <span class='ocrx_word' id='word_1_337' title='bbox 486 2859 596 2902; x_wconf 87' lang='lat' dir='ltr'>pect.</span> <span class='ocrx_word' id='word_1_338' title='bbox 621 2851 670 2891; x_wconf 89' lang='lat' dir='ltr'>Cl</span> <span class='ocrx_word' id='word_1_339' title='bbox 828 2865 875 2902; x_wconf 89' lang='lat'>15</span> <span class='ocrx_word' id='word_1_340' title='bbox 905 2853 1033 2892; x_wconf 88' lang='lat' dir='ltr'>dilata</span> <span class='ocrx_word' id='word_1_341' title='bbox 1056 2852 1104 2890; x_wconf 87' lang='lat' dir='ltr'>C1</span> <span class='ocrx_word' id='word_1_342' title='bbox 1259 2865 1303 2902; x_wconf 90' lang='lat'>17</span> <span class='ocrx_word' id='word_1_343' title='bbox 1335 2853 1588 2901; x_wconf 84' lang='lat' dir='ltr'>coniungam</span> <span class='ocrx_word' id='word_1_344' title='bbox 1610 2851 1655 2888; x_wconf 88' lang='lat' dir='ltr'><em>K</em></span> <span class='ocrx_word' id='word_1_345' title='bbox 1674 2853 1775 2899; x_wconf 75' lang='lat' dir='ltr'>(non</span> <span class='ocrx_word' id='word_1_346' title='bbox 1796 2849 1860 2896; x_wconf 66' lang='lat' dir='ltr'>D)</span> 
     </span>
     <span class='ocr_line' id='line_1_36' title="bbox 113 2905 1867 2957; baseline -0.001 -12"><span class='ocrx_word' id='word_1_347' title='bbox 113 2920 160 2945; x_wconf 83' lang='lat'>21</span> <span class='ocrx_word' id='word_1_348' title='bbox 193 2919 328 2947; x_wconf 87' lang='lat' dir='ltr'>annos</span> <span class='ocrx_word' id='word_1_349' title='bbox 348 2906 395 2944; x_wconf 91' lang='lat' dir='ltr'><em>K</em></span> <span class='ocrx_word' id='word_1_350' title='bbox 540 2921 607 2957; x_wconf 91' lang='lat' dir='ltr'>pu.</span> <span class='ocrx_word' id='word_1_351' title='bbox 633 2912 696 2945; x_wconf 85' lang='lat' dir='ltr'>est</span> <span class='ocrx_word' id='word_1_352' title='bbox 716 2907 756 2945; x_wconf 90' lang='lat' dir='ltr'>id</span> <span class='ocrx_word' id='word_1_353' title='bbox 778 2912 843 2945; x_wconf 86' lang='lat' dir='ltr'>est</span> <span class='ocrx_word' id='word_1_354' title='bbox 865 2906 901 2945; x_wconf 88' lang='lat' dir='ltr'>C</span> <span class='ocrx_word' id='word_1_355' title='bbox 1041 2919 1173 2957; x_wconf 86' lang='lat' dir='ltr'>puera</span> <span class='ocrx_word' id='word_1_356' title='bbox 1192 2906 1230 2943; x_wconf 86' lang='grc' dir='ltr'><em>Β</em></span> <span class='ocrx_word' id='word_1_357' title='bbox 1393 2920 1446 2945; x_wconf 80' lang='lat'>22</span> <span class='ocrx_word' id='word_1_358' title='bbox 1475 2907 1527 2944; x_wconf 86' lang='lat' dir='ltr'>ad</span> <span class='ocrx_word' id='word_1_359' title='bbox 1548 2917 1646 2944; x_wconf 81' lang='lat' dir='ltr'>xnn</span> <span class='ocrx_word' id='word_1_360' title='bbox 1667 2917 1802 2944; x_wconf 84' lang='lat' dir='ltr'>annos</span> <span class='ocrx_word' id='word_1_361' title='bbox 1821 2905 1867 2943; x_wconf 92' lang='lat' dir='ltr'><em>K</em></span> 
     </span>
     <span class='ocr_line' id='line_1_37' title="bbox 114 2959 1858 3011; baseline 0.001 -12"><span class='ocrx_word' id='word_1_362' title='bbox 114 2973 166 3010; x_wconf 82' lang='lat'>24</span> <span class='ocrx_word' id='word_1_363' title='bbox 203 2962 473 3001; x_wconf 89' lang='lat' dir='ltr'>vicensimum</span> <span class='ocrx_word' id='word_1_364' title='bbox 504 2968 698 3000; x_wconf 86' lang='lat' dir='ltr'>octavum</span> <span class='ocrx_word' id='word_1_365' title='bbox 728 2974 882 2999; x_wconf 89' lang='lat' dir='ltr'>annum</span> <span class='ocrx_word' id='word_1_366' title='bbox 914 2962 959 3000; x_wconf 93' lang='lat' dir='ltr'><em>K</em></span> <span class='ocrx_word' id='word_1_367' title='bbox 1121 2972 1172 3010; x_wconf 88' lang='lat'>25</span> <span class='ocrx_word' id='word_1_368' title='bbox 1214 2961 1608 3011; x_wconf 82' lang='lat' dir='ltr'>quinquagesimum</span> <span class='ocrx_word' id='word_1_369' title='bbox 1641 2972 1796 2998; x_wconf 86' lang='lat' dir='ltr'>annum</span> <span class='ocrx_word' id='word_1_370' title='bbox 1835 2959 1858 3000; x_wconf 74' lang='lat' dir='ltr'>&#39;l</span> 
     </span>
     <span class='ocr_line' id='line_1_38' title="bbox 117 3015 1358 3068; baseline 0 -13"><span class='ocrx_word' id='word_1_371' title='bbox 117 3018 170 3055; x_wconf 86' lang='lat'>26</span> <span class='ocrx_word' id='word_1_372' title='bbox 199 3021 283 3057; x_wconf 85' lang='lat' dir='ltr'>aet.</span> <span class='ocrx_word' id='word_1_373' title='bbox 306 3022 372 3055; x_wconf 87' lang='lat' dir='ltr'>est</span> <span class='ocrx_word' id='word_1_374' title='bbox 393 3028 482 3056; x_wconf 87' lang='lat' dir='ltr'>sen.</span> <span class='ocrx_word' id='word_1_375' title='bbox 510 3015 544 3054; x_wconf 92' lang='lat' dir='ltr'><em>C</em></span> <span class='ocrx_word' id='word_1_376' title='bbox 651 3018 702 3054; x_wconf 84' lang='lat'>28</span> <span class='ocrx_word' id='word_1_377' title='bbox 733 3015 878 3067; x_wconf 83' lang='lat' dir='ltr'>quam]</span> <span class='ocrx_word' id='word_1_378' title='bbox 899 3018 1010 3068; x_wconf 92' lang='lat' dir='ltr'>quod</span> <span class='ocrx_word' id='word_1_379' title='bbox 1026 3016 1092 3055; x_wconf 87' lang='lat' dir='ltr'>B:</span> <span class='ocrx_word' id='word_1_380' title='bbox 1122 3028 1245 3067; x_wconf 87' lang='lat' dir='ltr'>quem</span> <span class='ocrx_word' id='word_1_381' title='bbox 1267 3015 1358 3057; x_wconf 78' lang='lat' dir='ltr'><em>dett.</em></span> 
     </span>
    </p>
   </div>
  </div>
 </body>
</html>
