2228 3444
362 175 992 224 ETYMOLOGIARVM
1033 176 1162 222 LIB.
1202 177 1290 222 VI.
1332 174 1439 234 xvii,
1479 177 1591 225 xviii

107 303 273 354 solaris
310 302 415 353 dies
452 302 698 365 undecim,
729 321 854 368 quos
889 302 1119 368 Aegyptii
1153 303 1390 353 adiciunt.
1464 306 1612 355 Vnde
1642 314 1690 354 et
1723 307 1854 356 adie-
1875 323 1930 370 31

106 387 295 437 ctiones
325 396 590 436 vocantur:
642 387 829 451 absque
860 386 935 436 his
966 403 1068 435 non
1102 385 1325 435 invenies
1357 387 1474 435 luna
1513 395 1666 450 quota
1703 387 1764 437 sit
1801 387 1851 436 in

105 469 327 532 quolibet
350 467 484 517 anno
509 478 557 518 et
582 486 753 518 mense
783 478 832 517 et
865 469 961 518 die.
1035 470 1166 518 Istae
1193 477 1396 532 epactae
1430 485 1626 533 semper
1651 485 1706 517 xr
1737 472 1848 518 Kal.

105 550 256 615 April.
293 550 599 614 reperiuntur
637 553 686 599 in
726 552 902 600 eadem
948 552 1066 598 luna
1108 567 1237 614 quae
1273 549 1418 600 fuerit
1455 568 1515 600 eo
1551 550 1647 601 die.
1722 553 1853 602 Con·
1875 567 1941 614 32

58 654 78 693 5
105 631 320 681 tinentur
356 641 522 681 autem
563 631 747 680 circulo
787 633 1199 681 decemnovenali
1222 650 1235 692 3
1286 633 1374 681 sed
1417 649 1531 681 cum
1574 633 1638 681 ad
1681 630 1852 696 viginti

103 730 282 762 novem
321 722 520 776 epactas
558 713 882 777 pervenerint,
924 712 1009 777 qui
1052 722 1125 762 est
1166 712 1378 763 circulus
1416 730 1578 763 nonus
1615 712 1852 773 decimus,

103 797 200 844 iam
239 797 464 859 sequenti
499 812 633 844 anno
671 812 773 845 non
808 796 967 844 addes
1004 812 1150 858 super
1186 794 1357 859 viginti
1392 813 1574 846 novem
1605 795 1853 855 undecim,

103 887 156 925 ut
189 879 363 926 decem
400 878 665 927 adnunties
701 877 932 926 detractis
967 876 1177 940 triginta,
1219 878 1308 927 sed
1343 876 1460 927 inde
1498 879 1764 936 reverteris,
1801 886 1855 926 ut

103 960 337 1009 undecim
362 957 666 1023 pronunties.

31 1065 80 1093 10
239 1043 323 1088 DE
358 1054 600 1097 RELIQVIS
652 1054 1084 1090 FESTIVITATfflvs.
1161 1039 1420 1091 Festivitas
1463 1040 1597 1091 dicta
1644 1059 1674 1090 a
1720 1041 1856 1091 festis
1881 1058 2027 1099 XVIII

103 1123 292 1182 diebus,
343 1121 483 1186 quasi
531 1121 784 1181 festiditas,
837 1139 897 1171 eo
946 1123 1082 1186 quod
1124 1120 1175 1171 in
1213 1122 1281 1172 eis
1319 1124 1423 1172 sola
1462 1141 1536 1173 res
1580 1123 1747 1173 divina
1788 1125 1855 1172 fit.

104 1204 300 1266 Quibus
330 1203 558 1254 contrarii
593 1213 707 1254 sunt
740 1203 863 1263 fasti,
892 1203 943 1252 in
977 1203 1158 1268 quibus
1189 1203 1264 1254 ius
1298 1206 1437 1264 fatur,
1475 1204 1526 1254 id
1558 1215 1632 1256 est
1663 1204 1857 1255 dicitur.

103 1286 415 1336 Sollemnitas
432 1303 460 1335 a
480 1285 626 1335 sacris
649 1285 840 1345 dicitur,
864 1285 931 1334 ita
951 1296 1181 1350 suscepta
1206 1296 1259 1335 ut
1277 1285 1452 1335 mutari
1474 1287 1541 1336 ob
1569 1286 1856 1351 religionem

101 1385 204 1418 non
223 1368 416 1428 debeat,
434 1368 539 1422 ab†
558 1367 702 1417 solito
714 1374 757 1427 †,
778 1367 828 1416 id
850 1378 923 1417 est
942 1369 1084 1416 firmo
1099 1378 1249 1432 atque
1267 1368 1430 1418 solido
1447 1368 1716 1418 nominata.
1759 1366 1857 1435 [vel

32 1472 79 1513 15
103 1467 159 1498 ex
197 1467 270 1509 eo,
304 1451 439 1514 quod
474 1451 629 1499 soleat
668 1448 770 1498 fieri
808 1451 858 1498 in
895 1447 1067 1516 anno]
1141 1449 1416 1500 Celebritas
1452 1459 1620 1500 autem
1655 1459 1857 1500 vocatur
1882 1470 1912 1504 2

103 1533 239 1595 quod
274 1548 377 1581 non
414 1530 482 1581 ibi
520 1540 722 1590 terrena,
761 1532 848 1580 sed
886 1532 1114 1580 caelestia
1150 1540 1342 1580 tantum
1373 1541 1590 1596 agantur.
1667 1533 1856 1581 Pascha
1879 1560 1909 1606 3

103 1612 419 1662 festivitatum
445 1612 668 1662 omnium
695 1611 852 1677 prima
876 1622 961 1672 est,
990 1614 1054 1662 de
1079 1611 1218 1662 cuius
1238 1614 1483 1663 vocabulo
1507 1613 1605 1663 iam
1633 1613 1856 1679 superius

103 1695 290 1745 dictum
317 1706 402 1746 est.
478 1698 786 1755 Pentecoste,
816 1694 941 1744 sicut
967 1704 1014 1744 et
1047 1696 1245 1757 pascha,
1274 1697 1407 1760 apud
1438 1695 1702 1746 Hebraeos
1733 1698 1855 1745 cele-
1875 1712 1908 1758 4

103 1775 202 1826 bris
236 1778 341 1827 dies
375 1786 488 1836 erat,
518 1779 654 1841 quod
685 1786 797 1841 post
827 1776 1047 1841 quinque
1077 1777 1292 1827 decadas
1322 1779 1537 1841 paschae
1570 1778 1857 1838 colebatur3

32 1883 82 1910 20
105 1860 238 1908 unde
264 1869 311 1909 et
336 1859 632 1909 vocabulum
672 1860 893 1924 sumpsit.
966 1861 1115 1909 Πέντε
1152 1858 1284 1908 enim
1318 1860 1508 1909 Graece
1544 1861 1778 1924 quinque,
1807 1859 1857 1907 in

104 1957 204 2004 quo
229 1940 309 1990 die
335 1942 611 1991 secundum
636 1943 796 2005 legem
821 1957 974 2005 panes
1000 1940 1349 2005 propositionis
1383 1942 1446 1991 de
1472 1940 1613 1990 novis
1638 1941 1857 2005 frugibus

104 2023 449 2073 offerebantur.
525 2023 679 2075 Cuius
717 2024 922 2087 figuram
963 2039 1122 2072 annus
1172 2023 1383 2072 iubileus
1431 2022 1483 2072 in
1530 2025 1855 2073 Testamento
1878 2034 1908 2083 5

107 2105 273 2154 Veteri
319 2105 482 2169 gessit,
534 2106 618 2169 qui
666 2121 800 2154 nunc
847 2103 1023 2154 iterum
1071 2121 1158 2168 per
1207 2105 1412 2168 figuram
1460 2103 1853 2169 repromissionis

104 2196 354 2235 aeternam
402 2186 621 2251 requiem
680 2187 986 2250 praefigurat.
1084 2185 1366 2250 Epiphania
1412 2187 1615 2246 Graece,
1680 2187 1856 2235 Latine
1878 2183 1913 2231 6

33 2289 84 2330 25
105 2268 345 2333 apparitio
383 2267 505 2335 [sive
542 2265 899 2335 manifestatio]
936 2277 1151 2317 vocatur.
1228 2270 1304 2316 Eo
1341 2267 1474 2316 enim
1511 2269 1592 2318 die
1630 2267 1855 2318 Christus

105 2350 277 2400 sideris
312 2349 498 2400 indicio
537 2350 697 2414 Magis
731 2349 958 2414 apparuit
994 2350 1290 2399 adorandus.
1364 2351 1517 2412 Quod
1565 2350 1655 2400 fuit
1703 2352 1855 2415 figura

162 2493 180 2520 1
214 2481 318 2520 solis
338 2476 385 2518 K
509 2480 634 2520 Vnde
655 2481 738 2521 adi.
772 2479 819 2518 K
982 2493 1005 2517 2
1037 2480 1123 2532 his]
1145 2493 1190 2519 as
1219 2478 1256 2518 T
1275 2480 1317 2530 (i.
1335 2493 1363 2520 e.
1385 2480 1481 2531 has)
1614 2480 1757 2521 lunam
1780 2481 1858 2521 CT

105 2549 129 2584 4
159 2549 242 2585 qua
263 2535 351 2574 ΒΚ
459 2549 509 2574 eo
530 2535 618 2586 die]
641 2537 737 2575 odie
766 2535 803 2574 T
925 2546 949 2584 5
980 2534 1386 2574 decemnovennalis
1407 2549 1500 2575 cum
1522 2535 1569 2574 K
1703 2539 1729 2575 6
1759 2550 1853 2587 per-

106 2590 282 2630 veniunt
300 2589 335 2629 C
349 2604 356 2628 :
389 2591 635 2638 pervenerit
655 2591 747 2631 dett.
862 2592 887 2628 8
909 2591 1123 2629 detractos
1139 2587 1227 2628 BT
1334 2602 1384 2630 10
1411 2604 1436 2629 a
1455 2603 1537 2629 om.
1555 2589 1596 2627 Β
1710 2604 1755 2629 11
1779 2605 1850 2641 qu.

107 2645 248 2685 festid.
264 2658 347 2684 om.
363 2643 410 2682 K
422 2645 524 2695 (non
537 2644 600 2693 A)
765 2657 812 2683 12
845 2645 888 2684 in
906 2658 987 2683 om.
1010 2642 1047 2682 T
1163 2645 1205 2684 id
1220 2644 1306 2696 est]
1319 2657 1402 2685 om.
1420 2644 1461 2682 Β
1479 2659 1488 2684 2
1518 2645 1657 2683 velex
1673 2659 1724 2685 eo
1739 2647 1849 2695 quod

106 2699 241 2739 soleat
256 2698 348 2737 fieri
363 2699 405 2737 in
421 2713 533 2739 anno
549 2698 600 2737 Cl
692 2712 738 2748 13
760 2705 922 2739 mutare
935 2698 982 2737 K
1081 2712 1128 2747 14
1147 2699 1199 2738 ab
1216 2699 1316 2750 soL]
1332 2699 1529 2738 absoluto
1546 2698 1696 2740 BKT:
1718 2714 1742 2739 a
1758 2701 1850 2739 solo

106 2754 200 2794 dett.
221 2754 286 2805 (cf
301 2753 422 2793 X1.1.
440 2755 535 2805 115)
556 2766 565 2791 ι
586 2754 656 2792 vix
670 2754 722 2792 ab
735 2754 841 2794 sollo
923 2754 991 2792 vel
1014 2767 1069 2793 ex
1087 2785 1095 2793 .
1118 2785 1126 2794 .
1148 2784 1155 2793 .
1173 2767 1286 2792 anno
1301 2754 1394 2792 hab.
1416 2753 1600 2794 CTUV:
1621 2767 1704 2794 om.
1720 2754 1852 2792 ABD

114 2807 226 2848 Trc'n.
244 2806 290 2846 K
374 2819 421 2858 15
444 2808 704 2848 Caelebritas
716 2807 803 2847 ΒΚ
890 2810 938 2847 16
957 2822 1042 2858 quo
1064 2809 1101 2847 T
1178 2814 1361 2858 aguntur
1379 2807 1417 2846 T
1497 2809 1547 2846 18
1570 2809 1851 2848 pentecostes

115 2861 174 2901 T:
205 2862 487 2903 Pentecosten
508 2862 630 2902 BCK
747 2862 917 2903 celeber
935 2863 982 2900 K
1147 2874 1195 2912 19
1223 2863 1358 2914 quod]
1380 2876 1463 2913 que
1491 2861 1529 2901 T
1634 2863 1852 2902 colebatur

110 2915 206 2958 CT:
229 2917 493 2957 caelebratur
507 2918 628 2971 <cel-)
643 2917 729 2956 BD
751 2917 862 2957 Trz'n.
883 2932 892 2957 :
911 2918 1182 2957 celebrantur
1196 2915 1242 2955 K
1352 2930 1404 2956 20
1428 2917 1545 2956 πέντε
1569 2947 1577 2956 .
1603 2948 1610 2956 .
1633 2948 1640 2956 .
1665 2917 1850 2967 quinque

108 2984 190 3011 om.
205 2970 364 3025 K(non
377 2972 442 3023 A)
555 2985 602 3011 21
635 2985 761 3023 quem
784 2973 896 3011 diem
914 2970 985 3011 K:
1013 2985 1096 3022 quo
1117 2972 1209 3011 dies
1233 2971 1272 3010 T
1375 2972 1495 3023 panis
1516 3004 1524 3013 .
1542 3002 1550 3011 .
1571 3003 1578 3011 .
1597 2971 1852 3012 offerebatur

108 3023 155 3062 K
314 3039 449 3078 panes
468 3039 552 3066 om.
578 3026 618 3065 Β
799 3039 850 3077 23
879 3028 949 3077 qui
971 3026 1036 3066 K:
1067 3039 1177 3077 quae
1197 3025 1276 3065 BC
1280 3024 1320 3065 T
1477 3039 1553 3076 per
1572 3026 1756 3066 futuram
1777 3024 1856 3065 BC

115 3078 226 3119 Trin.
255 3077 292 3118 T
415 3093 467 3131 25
497 3081 589 3120 sive
610 3093 716 3120 man.
738 3080 830 3122 hab.
851 3079 930 3122 BC
947 3080 1059 3120 Trin.
1083 3095 1091 3120 :
1122 3093 1202 3121 om.
1227 3078 1317 3119 ΚΤ
1418 3080 1471 3118 26
1501 3079 1654 3119 indicia
1674 3077 1721 3118 K

939 3179 1015 3215 R2
