<?xml version="1.0" encoding="UTF-8"?>
<!DOCTYPE html PUBLIC "-//W3C//DTD XHTML 1.0 Transitional//EN"
    "http://www.w3.org/TR/xhtml1/DTD/xhtml1-transitional.dtd">
<html xmlns="http://www.w3.org/1999/xhtml" xml:lang="en" lang="en">
 <head>
  <title>
</title>
<meta http-equiv="Content-Type" content="text/html;charset=utf-8" />
  <meta name='ocr-system' content='tesseract 3.04.00' />
  <meta name='ocr-capabilities' content='ocr_page ocr_carea ocr_par ocr_line ocrx_word'/>
</head>
<body>
  <div class='ocr_page' id='page_1' title='image "./isidori01isiduoft/isidori01isiduoft_0542.png"; bbox 0 0 2176 3424; ppageno 0'>
   <div class='ocr_carea' id='block_1_1' title="bbox 1077 142 1350 190">
    <p class='ocr_par' dir='ltr' id='par_1_1' title="bbox 1077 142 1350 190">
     <span class='ocr_line' id='line_1_1' title="bbox 1077 142 1350 190; baseline 0.004 -2"><span class='ocrx_word' id='word_1_1' title='bbox 1077 142 1350 190; x_wconf 83' lang='lat' dir='ltr'>ISIDORI</span> 
     </span>
    </p>
   </div>
   <div class='ocr_carea' id='block_1_2' title="bbox 244 270 2082 1811">
    <p class='ocr_par' dir='ltr' id='par_1_2' title="bbox 255 270 2082 500">
     <span class='ocr_line' id='line_1_2' title="bbox 255 270 2081 335; baseline 0.002 -17"><span class='ocrx_word' id='word_1_2' title='bbox 255 284 321 330; x_wconf 89' lang='lat'>24</span> <span class='ocrx_word' id='word_1_3' title='bbox 345 272 514 318; x_wconf 88' lang='lat' dir='ltr'>Tanus</span> <span class='ocrx_word' id='word_1_4' title='bbox 540 271 628 318; x_wconf 88' lang='lat' dir='ltr'>suit</span> <span class='ocrx_word' id='word_1_5' title='bbox 661 287 742 319; x_wconf 85' lang='lat' dir='ltr'>rex</span> <span class='ocrx_word' id='word_1_6' title='bbox 776 272 1065 333; x_wconf 83' lang='lat' dir='ltr'>Scytharum</span> <span class='ocrx_word' id='word_1_7' title='bbox 1103 270 1301 334; x_wconf 89' lang='lat' dir='ltr'>primus,</span> <span class='ocrx_word' id='word_1_8' title='bbox 1330 289 1359 319; x_wconf 93' lang='lat' dir='ltr'>a</span> <span class='ocrx_word' id='word_1_9' title='bbox 1395 289 1495 335; x_wconf 85' lang='lat' dir='ltr'>quo</span> <span class='ocrx_word' id='word_1_10' title='bbox 1521 272 1703 321; x_wconf 90' lang='lat' dir='ltr'>Tanais</span> <span class='ocrx_word' id='word_1_11' title='bbox 1733 273 1881 322; x_wconf 90' lang='lat' dir='ltr'>fertur</span> <span class='ocrx_word' id='word_1_12' title='bbox 1906 273 2081 322; x_wconf 90' lang='lat' dir='ltr'>fluvius</span> 
     </span>
     <span class='ocr_line' id='line_1_3' title="bbox 343 351 2082 418; baseline 0.003 -19"><span class='ocrx_word' id='word_1_13' title='bbox 343 361 670 415; x_wconf 84' lang='lat' dir='ltr'>nuncupatus,</span> <span class='ocrx_word' id='word_1_14' title='bbox 701 351 786 416; x_wconf 90' lang='lat' dir='ltr'>qui</span> <span class='ocrx_word' id='word_1_15' title='bbox 811 369 869 401; x_wconf 88' lang='lat' dir='ltr'>ex</span> <span class='ocrx_word' id='word_1_16' title='bbox 896 351 1133 416; x_wconf 80' lang='lat' dir='ltr'>Riphaeis</span> <span class='ocrx_word' id='word_1_17' title='bbox 1159 352 1289 401; x_wconf 86' lang='lat' dir='ltr'>silvis</span> <span class='ocrx_word' id='word_1_18' title='bbox 1316 354 1518 402; x_wconf 87' lang='lat' dir='ltr'>veniens</span> <span class='ocrx_word' id='word_1_19' title='bbox 1543 353 1726 402; x_wconf 86' lang='lat' dir='ltr'>dirimit</span> <span class='ocrx_word' id='word_1_20' title='bbox 1742 355 1992 418; x_wconf 81' lang='lat' dir='ltr'>Europam</span> <span class='ocrx_word' id='word_1_21' title='bbox 2017 356 2082 404; x_wconf 88' lang='lat' dir='ltr'>ab</span> 
     </span>
     <span class='ocr_line' id='line_1_4' title="bbox 341 433 2081 500; baseline 0.003 -19"><span class='ocrx_word' id='word_1_22' title='bbox 341 433 471 495; x_wconf 89' lang='lat' dir='ltr'>Asia,</span> <span class='ocrx_word' id='word_1_23' title='bbox 496 434 622 483; x_wconf 89' lang='lat' dir='ltr'>inter</span> <span class='ocrx_word' id='word_1_24' title='bbox 647 435 769 483; x_wconf 90' lang='lat' dir='ltr'>duas</span> <span class='ocrx_word' id='word_1_25' title='bbox 795 433 969 484; x_wconf 91' lang='lat' dir='ltr'>mundi</span> <span class='ocrx_word' id='word_1_26' title='bbox 995 444 1155 497; x_wconf 89' lang='lat' dir='ltr'>partes</span> <span class='ocrx_word' id='word_1_27' title='bbox 1181 436 1373 485; x_wconf 88' lang='lat' dir='ltr'>medius</span> <span class='ocrx_word' id='word_1_28' title='bbox 1399 453 1596 486; x_wconf 89' lang='lat' dir='ltr'>currens</span> <span class='ocrx_word' id='word_1_29' title='bbox 1622 446 1770 500; x_wconf 88' lang='lat' dir='ltr'>atque</span> <span class='ocrx_word' id='word_1_30' title='bbox 1794 436 1846 485; x_wconf 93' lang='lat' dir='ltr'>in</span> <span class='ocrx_word' id='word_1_31' title='bbox 1866 440 2081 486; x_wconf 90' lang='lat' dir='ltr'>Pontum</span> 
     </span>
    </p>

    <p class='ocr_par' dir='ltr' id='par_1_3' title="bbox 253 516 2082 745">
     <span class='ocr_line' id='line_1_5' title="bbox 253 516 2078 583; baseline 0 -16"><span class='ocrx_word' id='word_1_32' title='bbox 253 530 319 579; x_wconf 84' lang='lat'>25</span> <span class='ocrx_word' id='word_1_33' title='bbox 341 517 512 565; x_wconf 87' lang='lat' dir='ltr'>fluens.</span> <span class='ocrx_word' id='word_1_34' title='bbox 588 518 804 565; x_wconf 84' lang='lat' dir='ltr'>Inachus</span> <span class='ocrx_word' id='word_1_35' title='bbox 847 516 1066 565; x_wconf 81' lang='lat' dir='ltr'>Achaiae</span> <span class='ocrx_word' id='word_1_36' title='bbox 1107 516 1266 565; x_wconf 90' lang='lat' dir='ltr'>amnis</span> <span class='ocrx_word' id='word_1_37' title='bbox 1314 517 1570 581; x_wconf 89' lang='lat' dir='ltr'>Argolicos</span> <span class='ocrx_word' id='word_1_38' title='bbox 1612 518 1825 582; x_wconf 87' lang='lat' dir='ltr'>inrigans</span> <span class='ocrx_word' id='word_1_39' title='bbox 1861 535 2078 583; x_wconf 90' lang='lat' dir='ltr'>campos,</span> 
     </span>
     <span class='ocr_line' id='line_1_6' title="bbox 340 598 2082 664; baseline 0.002 -18"><span class='ocrx_word' id='word_1_40' title='bbox 340 615 489 660; x_wconf 87' lang='lat' dir='ltr'>quem</span> <span class='ocrx_word' id='word_1_41' title='bbox 516 616 597 647; x_wconf 84' lang='lat' dir='ltr'>rex</span> <span class='ocrx_word' id='word_1_42' title='bbox 624 600 840 647; x_wconf 85' lang='lat' dir='ltr'>Inachus</span> <span class='ocrx_word' id='word_1_43' title='bbox 866 616 894 647; x_wconf 89' lang='lat' dir='ltr'>a</span> <span class='ocrx_word' id='word_1_44' title='bbox 919 616 971 648; x_wconf 91' lang='lat' dir='ltr'>se</span> <span class='ocrx_word' id='word_1_45' title='bbox 996 598 1283 659; x_wconf 89' lang='lat' dir='ltr'>nominavit,</span> <span class='ocrx_word' id='word_1_46' title='bbox 1306 599 1391 663; x_wconf 86' lang='lat' dir='ltr'>qui</span> <span class='ocrx_word' id='word_1_47' title='bbox 1417 600 1672 649; x_wconf 85' lang='lat' dir='ltr'>exordium</span> <span class='ocrx_word' id='word_1_48' title='bbox 1690 602 1898 664; x_wconf 89' lang='lat' dir='ltr'>Argivae</span> <span class='ocrx_word' id='word_1_49' title='bbox 1923 600 2082 664; x_wconf 86' lang='lat' dir='ltr'>gentis</span> 
     </span>
     <span class='ocr_line' id='line_1_7' title="bbox 337 679 2082 745; baseline 0.003 -18"><span class='ocrx_word' id='word_1_50' title='bbox 337 679 524 743; x_wconf 88' lang='lat' dir='ltr'>primus</span> <span class='ocrx_word' id='word_1_51' title='bbox 568 680 719 730; x_wconf 81' lang='lat' dir='ltr'>dedit.</span> <span class='ocrx_word' id='word_1_52' title='bbox 795 680 873 730; x_wconf 93' lang='lat' dir='ltr'>Ibi</span> <span class='ocrx_word' id='word_1_53' title='bbox 910 690 958 729; x_wconf 89' lang='lat' dir='ltr'>et</span> <span class='ocrx_word' id='word_1_54' title='bbox 997 683 1327 744; x_wconf 87' lang='lat' dir='ltr'>Erymanthus</span> <span class='ocrx_word' id='word_1_55' title='bbox 1364 681 1428 730; x_wconf 93' lang='lat' dir='ltr'>ab</span> <span class='ocrx_word' id='word_1_56' title='bbox 1467 684 1771 745; x_wconf 84' lang='lat' dir='ltr'>Erymantho</span> <span class='ocrx_word' id='word_1_57' title='bbox 1802 693 1972 732; x_wconf 89' lang='lat' dir='ltr'>monte</span> <span class='ocrx_word' id='word_1_58' title='bbox 2001 685 2082 732; x_wconf 88' lang='lat' dir='ltr'>de-</span> 
     </span>
    </p>

    <p class='ocr_par' dir='ltr' id='par_1_4' title="bbox 245 762 2082 1400">
     <span class='ocr_line' id='line_1_8' title="bbox 245 762 2081 828; baseline -0.001 -13"><span class='ocrx_word' id='word_1_59' title='bbox 245 767 314 815; x_wconf 81' lang='grc'>26</span> <span class='ocrx_word' id='word_1_60' title='bbox 339 762 529 812; x_wconf 92' lang='lat' dir='ltr'>missus.</span> <span class='ocrx_word' id='word_1_61' title='bbox 606 765 770 812; x_wconf 87' lang='lat' dir='ltr'>Padus</span> <span class='ocrx_word' id='word_1_62' title='bbox 799 763 971 813; x_wconf 90' lang='lat' dir='ltr'>Italiae</span> <span class='ocrx_word' id='word_1_63' title='bbox 1008 763 1185 812; x_wconf 87' lang='lat' dir='ltr'>fluvius</span> <span class='ocrx_word' id='word_1_64' title='bbox 1224 781 1252 812; x_wconf 92' lang='lat' dir='ltr'>a</span> <span class='ocrx_word' id='word_1_65' title='bbox 1286 763 1409 828; x_wconf 90' lang='lat' dir='ltr'>iugis</span> <span class='ocrx_word' id='word_1_66' title='bbox 1436 764 1640 828; x_wconf 86' lang='lat' dir='ltr'>Alpium</span> <span class='ocrx_word' id='word_1_67' title='bbox 1666 767 1803 814; x_wconf 91' lang='lat' dir='ltr'>fusus</span> <span class='ocrx_word' id='word_1_68' title='bbox 1834 783 1892 815; x_wconf 82' lang='lat' dir='ltr'>ex</span> <span class='ocrx_word' id='word_1_69' title='bbox 1927 765 2081 814; x_wconf 88' lang='lat' dir='ltr'>tribus</span> 
     </span>
     <span class='ocr_line' id='line_1_9' title="bbox 337 844 2082 911; baseline 0.002 -20"><span class='ocrx_word' id='word_1_70' title='bbox 337 844 556 894; x_wconf 90' lang='lat' dir='ltr'>fontibus</span> <span class='ocrx_word' id='word_1_71' title='bbox 583 844 734 894; x_wconf 85' lang='lat' dir='ltr'>oritur</span> <span class='ocrx_word' id='word_1_72' title='bbox 752 864 764 906; x_wconf 99' lang='lat'><em>3</em></span> <span class='ocrx_word' id='word_1_73' title='bbox 801 863 858 894; x_wconf 82' lang='lat' dir='ltr'>ex</span> <span class='ocrx_word' id='word_1_74' title='bbox 884 845 1064 909; x_wconf 87' lang='lat' dir='ltr'>quibus</span> <span class='ocrx_word' id='word_1_75' title='bbox 1094 845 1180 894; x_wconf 90' lang='lat' dir='ltr'>uni</span> <span class='ocrx_word' id='word_1_76' title='bbox 1205 846 1502 895; x_wconf 90' lang='lat' dir='ltr'>vocabulum</span> <span class='ocrx_word' id='word_1_77' title='bbox 1528 857 1602 896; x_wconf 89' lang='lat' dir='ltr'>est</span> <span class='ocrx_word' id='word_1_78' title='bbox 1628 849 1805 908; x_wconf 90' lang='lat' dir='ltr'>Padus,</span> <span class='ocrx_word' id='word_1_79' title='bbox 1835 848 1918 911; x_wconf 89' lang='lat' dir='ltr'>qui</span> <span class='ocrx_word' id='word_1_80' title='bbox 1944 846 2082 896; x_wconf 87' lang='lat' dir='ltr'>diffu-</span> 
     </span>
     <span class='ocr_line' id='line_1_10' title="bbox 337 927 2082 993; baseline 0.001 -17"><span class='ocrx_word' id='word_1_81' title='bbox 337 945 417 976; x_wconf 89' lang='lat' dir='ltr'>sus</span> <span class='ocrx_word' id='word_1_82' title='bbox 444 929 493 975; x_wconf 93' lang='lat' dir='ltr'>in</span> <span class='ocrx_word' id='word_1_83' title='bbox 525 929 731 977; x_wconf 89' lang='lat' dir='ltr'>modum</span> <span class='ocrx_word' id='word_1_84' title='bbox 758 927 916 992; x_wconf 82' lang='lat' dir='ltr'>stagni</span> <span class='ocrx_word' id='word_1_85' title='bbox 941 946 1139 978; x_wconf 91' lang='lat' dir='ltr'>amnem</span> <span class='ocrx_word' id='word_1_86' title='bbox 1167 930 1276 977; x_wconf 92' lang='lat' dir='ltr'>sinu</span> <span class='ocrx_word' id='word_1_87' title='bbox 1311 928 1485 993; x_wconf 88' lang='lat' dir='ltr'>digerit</span> <span class='ocrx_word' id='word_1_88' title='bbox 1508 948 1520 989; x_wconf 90' lang='lat'><em>3</em></span> <span class='ocrx_word' id='word_1_89' title='bbox 1555 946 1583 977; x_wconf 90' lang='lat' dir='ltr'>a</span> <span class='ocrx_word' id='word_1_90' title='bbox 1609 946 1708 993; x_wconf 90' lang='lat' dir='ltr'>quo</span> <span class='ocrx_word' id='word_1_91' title='bbox 1735 939 1783 979; x_wconf 93' lang='lat' dir='ltr'>et</span> <span class='ocrx_word' id='word_1_92' title='bbox 1810 931 1974 978; x_wconf 90' lang='lat' dir='ltr'>Padus</span> <span class='ocrx_word' id='word_1_93' title='bbox 2009 938 2082 978; x_wconf 89' lang='lat' dir='ltr'>est</span> 
     </span>
     <span class='ocr_line' id='line_1_11' title="bbox 336 1011 2078 1075; baseline 0.001 -18"><span class='ocrx_word' id='word_1_94' title='bbox 336 1020 663 1074; x_wconf 88' lang='lat' dir='ltr'>nuncupatus.</span> <span class='ocrx_word' id='word_1_95' title='bbox 740 1012 840 1059; x_wconf 93' lang='lat' dir='ltr'>Hic</span> <span class='ocrx_word' id='word_1_96' title='bbox 873 1028 901 1059; x_wconf 92' lang='lat' dir='ltr'>a</span> <span class='ocrx_word' id='word_1_97' title='bbox 938 1011 1140 1060; x_wconf 88' lang='lat' dir='ltr'>Graecis</span> <span class='ocrx_word' id='word_1_98' title='bbox 1180 1011 1424 1061; x_wconf 85' lang='lat' dir='ltr'>Eridanus</span> <span class='ocrx_word' id='word_1_99' title='bbox 1458 1012 1850 1075; x_wconf 89' lang='lat' dir='ltr'>cognominatus,</span> <span class='ocrx_word' id='word_1_100' title='bbox 1878 1012 1941 1060; x_wconf 91' lang='lat' dir='ltr'>ab</span> <span class='ocrx_word' id='word_1_101' title='bbox 1977 1013 2078 1060; x_wconf 89' lang='lat' dir='ltr'>Eri-</span> 
     </span>
     <span class='ocr_line' id='line_1_12' title="bbox 335 1091 2078 1157; baseline 0.001 -17"><span class='ocrx_word' id='word_1_102' title='bbox 335 1093 468 1140; x_wconf 87' lang='lat' dir='ltr'>dano</span> <span class='ocrx_word' id='word_1_103' title='bbox 502 1091 628 1142; x_wconf 90' lang='lat' dir='ltr'>Solis</span> <span class='ocrx_word' id='word_1_104' title='bbox 663 1091 776 1153; x_wconf 86' lang='lat' dir='ltr'>filio,</span> <span class='ocrx_word' id='word_1_105' title='bbox 806 1109 955 1156; x_wconf 87' lang='lat' dir='ltr'>quem</span> <span class='ocrx_word' id='word_1_106' title='bbox 988 1095 1352 1143; x_wconf 88' lang='lat' dir='ltr'>Phaethontem</span> <span class='ocrx_word' id='word_1_107' title='bbox 1386 1093 1558 1143; x_wconf 88' lang='lat' dir='ltr'>dicunt</span> <span class='ocrx_word' id='word_1_108' title='bbox 1576 1112 1588 1154; x_wconf 91' lang='lat'><em>3</em></span> <span class='ocrx_word' id='word_1_109' title='bbox 1625 1093 1709 1157; x_wconf 87' lang='lat' dir='ltr'>qui</span> <span class='ocrx_word' id='word_1_110' title='bbox 1745 1093 1950 1142; x_wconf 87' lang='lat' dir='ltr'>fulmine</span> <span class='ocrx_word' id='word_1_111' title='bbox 1976 1111 2078 1157; x_wconf 89' lang='lat' dir='ltr'>per-</span> 
     </span>
     <span class='ocr_line' id='line_1_13' title="bbox 334 1174 2079 1239; baseline 0.001 -18"><span class='ocrx_word' id='word_1_112' title='bbox 334 1190 505 1222; x_wconf 90' lang='lat' dir='ltr'>cussus</span> <span class='ocrx_word' id='word_1_113' title='bbox 549 1176 598 1222; x_wconf 92' lang='lat' dir='ltr'>in</span> <span class='ocrx_word' id='word_1_114' title='bbox 642 1175 820 1224; x_wconf 92' lang='lat' dir='ltr'>eodem</span> <span class='ocrx_word' id='word_1_115' title='bbox 859 1174 1010 1223; x_wconf 89' lang='lat' dir='ltr'>fluvio</span> <span class='ocrx_word' id='word_1_116' title='bbox 1051 1174 1272 1224; x_wconf 87' lang='lat' dir='ltr'>deiectus</span> <span class='ocrx_word' id='word_1_117' title='bbox 1313 1185 1386 1224; x_wconf 91' lang='lat' dir='ltr'>est</span> <span class='ocrx_word' id='word_1_118' title='bbox 1425 1186 1472 1224; x_wconf 93' lang='lat' dir='ltr'>et</span> <span class='ocrx_word' id='word_1_119' title='bbox 1514 1175 1772 1224; x_wconf 81' lang='lat' dir='ltr'>extinctus.</span> <span class='ocrx_word' id='word_1_120' title='bbox 1858 1178 2079 1239; x_wconf 85' lang='lat' dir='ltr'>Augetur</span> 
     </span>
     <span class='ocr_line' id='line_1_14' title="bbox 333 1256 2078 1320; baseline 0.002 -17"><span class='ocrx_word' id='word_1_121' title='bbox 333 1264 497 1304; x_wconf 90' lang='lat' dir='ltr'>autem</span> <span class='ocrx_word' id='word_1_122' title='bbox 536 1266 705 1305; x_wconf 85' lang='lat' dir='ltr'>exortu</span> <span class='ocrx_word' id='word_1_123' title='bbox 734 1258 884 1307; x_wconf 92' lang='lat' dir='ltr'>Canis</span> <span class='ocrx_word' id='word_1_124' title='bbox 921 1256 1309 1320; x_wconf 88' lang='lat' dir='ltr'>liquescentibus</span> <span class='ocrx_word' id='word_1_125' title='bbox 1339 1257 1548 1317; x_wconf 89' lang='lat' dir='ltr'>nivibus,</span> <span class='ocrx_word' id='word_1_126' title='bbox 1578 1267 1626 1307; x_wconf 93' lang='lat' dir='ltr'>et</span> <span class='ocrx_word' id='word_1_127' title='bbox 1650 1275 1763 1306; x_wconf 91' lang='lat' dir='ltr'>cum</span> <span class='ocrx_word' id='word_1_128' title='bbox 1793 1257 2078 1307; x_wconf 85' lang='lat' dir='ltr'>accessione</span> 
     </span>
     <span class='ocr_line' id='line_1_15' title="bbox 333 1336 2074 1400; baseline 0.002 -16"><span class='ocrx_word' id='word_1_129' title='bbox 333 1336 529 1400; x_wconf 86' lang='lat' dir='ltr'>triginta</span> <span class='ocrx_word' id='word_1_130' title='bbox 546 1338 806 1386; x_wconf 88' lang='lat' dir='ltr'>fluminum</span> <span class='ocrx_word' id='word_1_131' title='bbox 827 1337 956 1387; x_wconf 91' lang='lat' dir='ltr'>circa</span> <span class='ocrx_word' id='word_1_132' title='bbox 972 1342 1265 1389; x_wconf 90' lang='lat' dir='ltr'>Ravennam</span> <span class='ocrx_word' id='word_1_133' title='bbox 1284 1339 1334 1387; x_wconf 90' lang='lat' dir='ltr'>in</span> <span class='ocrx_word' id='word_1_134' title='bbox 1361 1339 1665 1389; x_wconf 89' lang='lat' dir='ltr'>Adriaticum</span> <span class='ocrx_word' id='word_1_135' title='bbox 1696 1357 1827 1389; x_wconf 88' lang='lat' dir='ltr'>mare</span> <span class='ocrx_word' id='word_1_136' title='bbox 1847 1341 2074 1389; x_wconf 87' lang='lat' dir='ltr'>defertur.</span> 
     </span>
    </p>

    <p class='ocr_par' dir='ltr' id='par_1_5' title="bbox 247 1418 2078 1732">
     <span class='ocr_line' id='line_1_16' title="bbox 247 1418 2077 1487; baseline 0.003 -22"><span class='ocrx_word' id='word_1_137' title='bbox 247 1428 308 1477; x_wconf 90' lang='lat'>27</span> <span class='ocrx_word' id='word_1_138' title='bbox 333 1418 527 1468; x_wconf 85' lang='lat' dir='ltr'>Tiberis</span> <span class='ocrx_word' id='word_1_139' title='bbox 545 1422 713 1469; x_wconf 89' lang='lat' dir='ltr'>Italiae</span> <span class='ocrx_word' id='word_1_140' title='bbox 731 1421 906 1470; x_wconf 88' lang='lat' dir='ltr'>fluvius</span> <span class='ocrx_word' id='word_1_141' title='bbox 926 1440 955 1470; x_wconf 91' lang='lat' dir='ltr'>a</span> <span class='ocrx_word' id='word_1_142' title='bbox 971 1422 1208 1471; x_wconf 89' lang='lat' dir='ltr'>Tiberino</span> <span class='ocrx_word' id='word_1_143' title='bbox 1225 1439 1336 1487; x_wconf 89' lang='lat' dir='ltr'>rege</span> <span class='ocrx_word' id='word_1_144' title='bbox 1347 1422 1655 1472; x_wconf 91' lang='lat' dir='ltr'>Albanorum</span> <span class='ocrx_word' id='word_1_145' title='bbox 1676 1422 1853 1472; x_wconf 89' lang='lat' dir='ltr'>dicitur</span> <span class='ocrx_word' id='word_1_146' title='bbox 1868 1424 2077 1486; x_wconf 85' lang='lat' dir='ltr'>appella—</span> 
     </span>
     <span class='ocr_line' id='line_1_17' title="bbox 334 1501 2078 1565; baseline 0.003 -17"><span class='ocrx_word' id='word_1_147' title='bbox 334 1510 424 1560; x_wconf 90' lang='lat' dir='ltr'>tus,</span> <span class='ocrx_word' id='word_1_148' title='bbox 454 1504 537 1565; x_wconf 89' lang='lat' dir='ltr'>qui</span> <span class='ocrx_word' id='word_1_149' title='bbox 569 1501 618 1550; x_wconf 94' lang='lat' dir='ltr'>in</span> <span class='ocrx_word' id='word_1_150' title='bbox 645 1504 778 1551; x_wconf 93' lang='lat' dir='ltr'>hunc</span> <span class='ocrx_word' id='word_1_151' title='bbox 803 1503 1007 1552; x_wconf 90' lang='lat' dir='ltr'>fluvium</span> <span class='ocrx_word' id='word_1_152' title='bbox 1033 1504 1224 1564; x_wconf 90' lang='lat' dir='ltr'>cecidit,</span> <span class='ocrx_word' id='word_1_153' title='bbox 1262 1514 1309 1554; x_wconf 91' lang='lat' dir='ltr'>et</span> <span class='ocrx_word' id='word_1_154' title='bbox 1335 1506 1398 1554; x_wconf 89' lang='lat' dir='ltr'>de</span> <span class='ocrx_word' id='word_1_155' title='bbox 1423 1504 1552 1553; x_wconf 87' lang='lat' dir='ltr'>exitu</span> <span class='ocrx_word' id='word_1_156' title='bbox 1588 1522 1678 1554; x_wconf 94' lang='lat' dir='ltr'>suo</span> <span class='ocrx_word' id='word_1_157' title='bbox 1712 1522 1897 1554; x_wconf 90' lang='lat' dir='ltr'>nomen</span> <span class='ocrx_word' id='word_1_158' title='bbox 1927 1504 2078 1553; x_wconf 88' lang='lat' dir='ltr'>dedit.</span> 
     </span>
     <span class='ocr_line' id='line_1_18' title="bbox 334 1585 2077 1650; baseline 0.002 -19"><span class='ocrx_word' id='word_1_159' title='bbox 334 1586 464 1632; x_wconf 90' lang='lat' dir='ltr'>Nam</span> <span class='ocrx_word' id='word_1_160' title='bbox 503 1594 648 1633; x_wconf 91' lang='lat' dir='ltr'>antea</span> <span class='ocrx_word' id='word_1_161' title='bbox 690 1585 874 1634; x_wconf 90' lang='lat' dir='ltr'>Albula</span> <span class='ocrx_word' id='word_1_162' title='bbox 906 1586 1166 1650; x_wconf 87' lang='lat' dir='ltr'>antiquum</span> <span class='ocrx_word' id='word_1_163' title='bbox 1210 1604 1396 1636; x_wconf 89' lang='lat' dir='ltr'>nornen</span> <span class='ocrx_word' id='word_1_164' title='bbox 1437 1604 1466 1635; x_wconf 92' lang='lat' dir='ltr'>a</span> <span class='ocrx_word' id='word_1_165' title='bbox 1508 1589 1672 1636; x_wconf 90' lang='lat' dir='ltr'>colore</span> <span class='ocrx_word' id='word_1_166' title='bbox 1713 1587 1899 1647; x_wconf 89' lang='lat' dir='ltr'>habuit,</span> <span class='ocrx_word' id='word_1_167' title='bbox 1941 1588 2077 1650; x_wconf 91' lang='lat' dir='ltr'>quod</span> 
     </span>
     <span class='ocr_line' id='line_1_19' title="bbox 333 1666 2075 1732; baseline 0.002 -18"><span class='ocrx_word' id='word_1_168' title='bbox 333 1666 528 1715; x_wconf 89' lang='lat' dir='ltr'>nivibus</span> <span class='ocrx_word' id='word_1_169' title='bbox 553 1667 695 1715; x_wconf 90' lang='lat' dir='ltr'>albus</span> <span class='ocrx_word' id='word_1_170' title='bbox 722 1667 796 1716; x_wconf 90' lang='lat' dir='ltr'>sit.</span> <span class='ocrx_word' id='word_1_171' title='bbox 871 1669 986 1732; x_wconf 90' lang='lat' dir='ltr'>Ipse</span> <span class='ocrx_word' id='word_1_172' title='bbox 1022 1678 1096 1718; x_wconf 89' lang='lat' dir='ltr'>est</span> <span class='ocrx_word' id='word_1_173' title='bbox 1129 1678 1295 1718; x_wconf 91' lang='lat' dir='ltr'>autem</span> <span class='ocrx_word' id='word_1_174' title='bbox 1321 1669 1499 1729; x_wconf 87' lang='lat' dir='ltr'>Tibris,</span> <span class='ocrx_word' id='word_1_175' title='bbox 1529 1668 1613 1732; x_wconf 90' lang='lat' dir='ltr'>qui</span> <span class='ocrx_word' id='word_1_176' title='bbox 1650 1678 1698 1718; x_wconf 90' lang='lat' dir='ltr'>et</span> <span class='ocrx_word' id='word_1_177' title='bbox 1723 1668 1915 1718; x_wconf 87' lang='lat' dir='ltr'>Tiberis</span> <span class='ocrx_word' id='word_1_178' title='bbox 1939 1687 1951 1729; x_wconf 90' lang='lat'><em>3</em></span> <span class='ocrx_word' id='word_1_179' title='bbox 1987 1670 2075 1718; x_wconf 91' lang='lat' dir='ltr'>sed</span> 
     </span>
    </p>

    <p class='ocr_par' dir='ltr' id='par_1_6' title="bbox 244 1745 2075 1811">
     <span class='ocr_line' id='line_1_20' title="bbox 244 1745 2075 1811; baseline 0.001 -14"><span class='ocrx_word' id='word_1_180' title='bbox 244 1750 309 1797; x_wconf 86' lang='lat'>28</span> <span class='ocrx_word' id='word_1_181' title='bbox 333 1745 526 1796; x_wconf 88' lang='lat' dir='ltr'>Tiberis</span> <span class='ocrx_word' id='word_1_182' title='bbox 553 1747 602 1796; x_wconf 91' lang='lat' dir='ltr'>in</span> <span class='ocrx_word' id='word_1_183' title='bbox 630 1749 882 1798; x_wconf 89' lang='lat' dir='ltr'>cotidiano</span> <span class='ocrx_word' id='word_1_184' title='bbox 921 1767 1161 1811; x_wconf 85' lang='lat' dir='ltr'>sermone,</span> <span class='ocrx_word' id='word_1_185' title='bbox 1189 1750 1353 1800; x_wconf 90' lang='lat' dir='ltr'>Tibris</span> <span class='ocrx_word' id='word_1_186' title='bbox 1391 1750 1442 1799; x_wconf 89' lang='lat' dir='ltr'>in</span> <span class='ocrx_word' id='word_1_187' title='bbox 1468 1767 1609 1800; x_wconf 91' lang='lat' dir='ltr'>versu</span> <span class='ocrx_word' id='word_1_188' title='bbox 1643 1751 1834 1801; x_wconf 86' lang='lat' dir='ltr'>dicitur.</span> <span class='ocrx_word' id='word_1_189' title='bbox 1909 1754 2075 1799; x_wconf 89' lang='lat' dir='ltr'>Danu-</span> 
     </span>
    </p>
   </div>
   <div class='ocr_carea' id='block_1_3' title="bbox 332 1829 2119 1897">
    <p class='ocr_par' dir='ltr' id='par_1_7' title="bbox 332 1829 2119 1897">
     <span class='ocr_line' id='line_1_21' title="bbox 332 1829 2119 1897; baseline 0.003 -21"><span class='ocrx_word' id='word_1_190' title='bbox 332 1829 440 1877; x_wconf 92' lang='lat' dir='ltr'>bius</span> <span class='ocrx_word' id='word_1_191' title='bbox 485 1830 780 1880; x_wconf 88' lang='lat' dir='ltr'>Germaniae</span> <span class='ocrx_word' id='word_1_192' title='bbox 819 1832 995 1881; x_wconf 89' lang='lat' dir='ltr'>fluvius</span> <span class='ocrx_word' id='word_1_193' title='bbox 1030 1833 1192 1881; x_wconf 89' lang='lat' dir='ltr'>vocari</span> <span class='ocrx_word' id='word_1_194' title='bbox 1236 1834 1384 1882; x_wconf 90' lang='lat' dir='ltr'>fertur</span> <span class='ocrx_word' id='word_1_195' title='bbox 1425 1851 1454 1881; x_wconf 92' lang='lat' dir='ltr'>a</span> <span class='ocrx_word' id='word_1_196' title='bbox 1495 1833 1682 1882; x_wconf 89' lang='lat' dir='ltr'>nivium</span> <span class='ocrx_word' id='word_1_197' title='bbox 1720 1835 1862 1897; x_wconf 90' lang='lat' dir='ltr'>copia</span> <span class='ocrx_word' id='word_1_198' title='bbox 1895 1833 2074 1896; x_wconf 90' lang='lat' dir='ltr'>quibus</span> <span class='ocrx_word' id='word_1_199' title='bbox 2101 1854 2119 1881; x_wconf 83' lang='lat'><strong>2</strong></span> 
     </span>
    </p>
   </div>
   <div class='ocr_carea' id='block_1_4' title="bbox 236 1910 2078 2470">
    <p class='ocr_par' dir='ltr' id='par_1_8' title="bbox 236 1910 2078 2470">
     <span class='ocr_line' id='line_1_22' title="bbox 331 1910 2073 1978; baseline 0.003 -20"><span class='ocrx_word' id='word_1_200' title='bbox 331 1910 484 1975; x_wconf 91' lang='lat' dir='ltr'>magis</span> <span class='ocrx_word' id='word_1_201' title='bbox 517 1923 735 1976; x_wconf 90' lang='lat' dir='ltr'>augetur.</span> <span class='ocrx_word' id='word_1_202' title='bbox 812 1916 914 1963; x_wconf 87' lang='lat' dir='ltr'>Iste</span> <span class='ocrx_word' id='word_1_203' title='bbox 951 1924 1023 1963; x_wconf 92' lang='lat' dir='ltr'>est</span> <span class='ocrx_word' id='word_1_204' title='bbox 1060 1914 1144 1978; x_wconf 86' lang='lat' dir='ltr'>qui</span> <span class='ocrx_word' id='word_1_205' title='bbox 1179 1914 1229 1962; x_wconf 90' lang='lat' dir='ltr'>in</span> <span class='ocrx_word' id='word_1_206' title='bbox 1269 1916 1469 1978; x_wconf 89' lang='lat' dir='ltr'>Europa</span> <span class='ocrx_word' id='word_1_207' title='bbox 1506 1916 1615 1977; x_wconf 89' lang='lat' dir='ltr'>plus</span> <span class='ocrx_word' id='word_1_208' title='bbox 1653 1914 1886 1963; x_wconf 91' lang='lat' dir='ltr'>omnibus</span> <span class='ocrx_word' id='word_1_209' title='bbox 1923 1914 2073 1963; x_wconf 91' lang='lat' dir='ltr'>habet</span> 
     </span>
     <span class='ocr_line' id='line_1_23' title="bbox 329 1995 2073 2060; baseline 0.002 -19"><span class='ocrx_word' id='word_1_210' title='bbox 329 1995 525 2043; x_wconf 90' lang='lat' dir='ltr'>famam.</span> <span class='ocrx_word' id='word_1_211' title='bbox 602 1996 745 2044; x_wconf 91' lang='lat' dir='ltr'>Idem</span> <span class='ocrx_word' id='word_1_212' title='bbox 773 2004 820 2044; x_wconf 91' lang='lat' dir='ltr'>et</span> <span class='ocrx_word' id='word_1_213' title='bbox 848 1998 984 2056; x_wconf 90' lang='lat' dir='ltr'>Ister,</span> <span class='ocrx_word' id='word_1_214' title='bbox 1014 1995 1131 2060; x_wconf 88' lang='lat' dir='ltr'>quia</span> <span class='ocrx_word' id='word_1_215' title='bbox 1156 1997 1275 2045; x_wconf 90' lang='lat' dir='ltr'>dum</span> <span class='ocrx_word' id='word_1_216' title='bbox 1301 2013 1388 2059; x_wconf 91' lang='lat' dir='ltr'>per</span> <span class='ocrx_word' id='word_1_217' title='bbox 1422 1996 1704 2044; x_wconf 89' lang='lat' dir='ltr'>innumeras</span> <span class='ocrx_word' id='word_1_218' title='bbox 1730 1997 1864 2044; x_wconf 91' lang='lat' dir='ltr'>vadit</span> <span class='ocrx_word' id='word_1_219' title='bbox 1887 2004 2073 2059; x_wconf 87' lang='lat' dir='ltr'>gentes,</span> 
     </span>
     <span class='ocr_line' id='line_1_24' title="bbox 329 2077 2078 2141; baseline 0.001 -17"><span class='ocrx_word' id='word_1_220' title='bbox 329 2086 486 2125; x_wconf 88' lang='lat' dir='ltr'>mutat</span> <span class='ocrx_word' id='word_1_221' title='bbox 512 2087 559 2126; x_wconf 90' lang='lat' dir='ltr'>et</span> <span class='ocrx_word' id='word_1_222' title='bbox 580 2094 762 2127; x_wconf 91' lang='lat' dir='ltr'>nomen</span> <span class='ocrx_word' id='word_1_223' title='bbox 790 2088 838 2126; x_wconf 92' lang='lat' dir='ltr'>et</span> <span class='ocrx_word' id='word_1_224' title='bbox 859 2078 1068 2127; x_wconf 92' lang='lat' dir='ltr'>maiores</span> <span class='ocrx_word' id='word_1_225' title='bbox 1095 2077 1188 2127; x_wconf 89' lang='lat' dir='ltr'>sibi</span> <span class='ocrx_word' id='word_1_226' title='bbox 1212 2077 1484 2127; x_wconf 87' lang='lat' dir='ltr'>ambiendo</span> <span class='ocrx_word' id='word_1_227' title='bbox 1510 2077 1694 2141; x_wconf 84' lang='lat' dir='ltr'>colligit</span> <span class='ocrx_word' id='word_1_228' title='bbox 1710 2078 1850 2126; x_wconf 88' lang='lat' dir='ltr'>vires.</span> <span class='ocrx_word' id='word_1_229' title='bbox 1912 2077 2078 2127; x_wconf 90' lang='lat' dir='ltr'>Oritur</span> 
     </span>
     <span class='ocr_line' id='line_1_25' title="bbox 328 2159 2076 2224; baseline 0 -17"><span class='ocrx_word' id='word_1_230' title='bbox 328 2175 356 2206; x_wconf 94' lang='lat' dir='ltr'>a</span> <span class='ocrx_word' id='word_1_231' title='bbox 382 2159 691 2208; x_wconf 89' lang='lat' dir='ltr'>Germanicis</span> <span class='ocrx_word' id='word_1_232' title='bbox 716 2159 839 2224; x_wconf 90' lang='lat' dir='ltr'>iugis</span> <span class='ocrx_word' id='word_1_233' title='bbox 866 2170 914 2209; x_wconf 88' lang='lat' dir='ltr'>et</span> <span class='ocrx_word' id='word_1_234' title='bbox 940 2161 1333 2210; x_wconf 88' lang='lat' dir='ltr'>occidentalibus</span> <span class='ocrx_word' id='word_1_235' title='bbox 1359 2161 1579 2224; x_wconf 89' lang='lat' dir='ltr'>partibus</span> <span class='ocrx_word' id='word_1_236' title='bbox 1610 2159 1946 2220; x_wconf 89' lang='lat' dir='ltr'>barbarorum,</span> <span class='ocrx_word' id='word_1_237' title='bbox 1973 2177 2076 2223; x_wconf 89' lang='lat' dir='ltr'>per-</span> 
     </span>
     <span class='ocr_line' id='line_1_26' title="bbox 329 2241 2075 2306; baseline -0.001 -17"><span class='ocrx_word' id='word_1_238' title='bbox 329 2257 448 2304; x_wconf 85' lang='lat' dir='ltr'>gens</span> <span class='ocrx_word' id='word_1_239' title='bbox 475 2251 647 2290; x_wconf 90' lang='lat' dir='ltr'>contra</span> <span class='ocrx_word' id='word_1_240' title='bbox 672 2243 943 2291; x_wconf 90' lang='lat' dir='ltr'>orientem:</span> <span class='ocrx_word' id='word_1_241' title='bbox 982 2241 1232 2306; x_wconf 82' lang='lat' dir='ltr'>sexaginta</span> <span class='ocrx_word' id='word_1_242' title='bbox 1265 2244 1315 2290; x_wconf 93' lang='lat' dir='ltr'>in</span> <span class='ocrx_word' id='word_1_243' title='bbox 1351 2259 1403 2291; x_wconf 93' lang='lat' dir='ltr'>se</span> <span class='ocrx_word' id='word_1_244' title='bbox 1437 2241 1611 2291; x_wconf 89' lang='lat' dir='ltr'>fluvios</span> <span class='ocrx_word' id='word_1_245' title='bbox 1648 2242 1849 2305; x_wconf 89' lang='lat' dir='ltr'>recipit:</span> <span class='ocrx_word' id='word_1_246' title='bbox 1887 2250 2075 2304; x_wconf 86' lang='lat' dir='ltr'>septem</span> 
     </span>
     <span class='ocr_line' id='line_1_27' title="bbox 236 2321 2076 2386; baseline -0.001 -13"><span class='ocrx_word' id='word_1_247' title='bbox 236 2335 307 2385; x_wconf 85' lang='lat'>29</span> <span class='ocrx_word' id='word_1_248' title='bbox 330 2324 467 2373; x_wconf 88' lang='lat' dir='ltr'>ostiis</span> <span class='ocrx_word' id='word_1_249' title='bbox 492 2324 542 2372; x_wconf 91' lang='lat' dir='ltr'>in</span> <span class='ocrx_word' id='word_1_250' title='bbox 572 2326 788 2374; x_wconf 88' lang='lat' dir='ltr'>Pontum</span> <span class='ocrx_word' id='word_1_251' title='bbox 814 2323 988 2373; x_wconf 88' lang='lat' dir='ltr'>influit.</span> <span class='ocrx_word' id='word_1_252' title='bbox 1062 2325 1338 2374; x_wconf 89' lang='lat' dir='ltr'>Rhodanus</span> <span class='ocrx_word' id='word_1_253' title='bbox 1365 2323 1556 2374; x_wconf 91' lang='lat' dir='ltr'>Galliae</span> <span class='ocrx_word' id='word_1_254' title='bbox 1588 2322 1765 2372; x_wconf 89' lang='lat' dir='ltr'>fluvius</span> <span class='ocrx_word' id='word_1_255' title='bbox 1797 2323 1860 2371; x_wconf 91' lang='lat' dir='ltr'>ab</span> <span class='ocrx_word' id='word_1_256' title='bbox 1890 2321 2076 2386; x_wconf 91' lang='lat' dir='ltr'>oppido</span> 
     </span>
     <span class='ocr_line' id='line_1_28' title="bbox 330 2405 2075 2470; baseline -0.001 -16"><span class='ocrx_word' id='word_1_257' title='bbox 330 2407 516 2455; x_wconf 89' lang='lat' dir='ltr'>Rhodo</span> <span class='ocrx_word' id='word_1_258' title='bbox 555 2406 946 2470; x_wconf 87' lang='lat' dir='ltr'>cognominatus,</span> <span class='ocrx_word' id='word_1_259' title='bbox 994 2423 1144 2470; x_wconf 89' lang='lat' dir='ltr'>quern</span> <span class='ocrx_word' id='word_1_260' title='bbox 1192 2405 1357 2455; x_wconf 92' lang='lat' dir='ltr'>coloni</span> <span class='ocrx_word' id='word_1_261' title='bbox 1406 2407 1719 2455; x_wconf 90' lang='lat' dir='ltr'>Rhodiorum</span> <span class='ocrx_word' id='word_1_262' title='bbox 1760 2406 2075 2466; x_wconf 89' lang='lat' dir='ltr'>locaverunt3</span> 
     </span>
    </p>
   </div>
   <div class='ocr_carea' id='block_1_5' title="bbox 325 2536 2075 2976">
    <p class='ocr_par' dir='ltr' id='par_1_9' title="bbox 325 2536 2075 2976">
     <span class='ocr_line' id='line_1_29' title="bbox 386 2536 2073 2591; baseline -0.001 -13"><span class='ocrx_word' id='word_1_263' title='bbox 386 2553 401 2578; x_wconf 95' lang='lat'>1</span> <span class='ocrx_word' id='word_1_264' title='bbox 436 2540 596 2590; x_wconf 85' lang='lat' dir='ltr'>primus</span> <span class='ocrx_word' id='word_1_265' title='bbox 615 2554 699 2580; x_wconf 84' lang='lat' dir='ltr'>om.</span> <span class='ocrx_word' id='word_1_266' title='bbox 731 2539 768 2579; x_wconf 91' lang='lat' dir='ltr'><em>T</em></span> <span class='ocrx_word' id='word_1_267' title='bbox 872 2553 897 2578; x_wconf 85' lang='lat'><em>2</em></span> <span class='ocrx_word' id='word_1_268' title='bbox 928 2545 1193 2591; x_wconf 89' lang='lat' dir='ltr'>nuncupatas</span> <span class='ocrx_word' id='word_1_269' title='bbox 1216 2539 1267 2579; x_wconf 85' lang='lat' dir='ltr'>C1</span> <span class='ocrx_word' id='word_1_270' title='bbox 1390 2551 1414 2588; x_wconf 87' lang='lat'>5</span> <span class='ocrx_word' id='word_1_271' title='bbox 1444 2551 1521 2577; x_wconf 87' lang='lat' dir='ltr'>rex</span> <span class='ocrx_word' id='word_1_272' title='bbox 1540 2551 1624 2578; x_wconf 82' lang='lat' dir='ltr'>om.</span> <span class='ocrx_word' id='word_1_273' title='bbox 1645 2536 1692 2575; x_wconf 90' lang='lat' dir='ltr'><em>K</em></span> <span class='ocrx_word' id='word_1_274' title='bbox 1796 2538 1838 2576; x_wconf 91' lang='lat' dir='ltr'>in</span> <span class='ocrx_word' id='word_1_275' title='bbox 1860 2537 2006 2577; x_wconf 86' lang='lat' dir='ltr'>achaia</span> <span class='ocrx_word' id='word_1_276' title='bbox 2025 2550 2073 2577; x_wconf 89' lang='lat' dir='ltr'>se</span> 
     </span>
     <span class='ocr_line' id='line_1_30' title="bbox 325 2591 2073 2634; baseline -0.001 -1"><span class='ocrx_word' id='word_1_277' title='bbox 325 2594 365 2633; x_wconf 89' lang='lat' dir='ltr'><em>B</em></span> <span class='ocrx_word' id='word_1_278' title='bbox 503 2595 667 2634; x_wconf 88' lang='lat' dir='ltr'>arcivae</span> <span class='ocrx_word' id='word_1_279' title='bbox 687 2594 756 2634; x_wconf 87' lang='lat' dir='ltr'>B:</span> <span class='ocrx_word' id='word_1_280' title='bbox 784 2594 942 2634; x_wconf 87' lang='lat' dir='ltr'>aricive</span> <span class='ocrx_word' id='word_1_281' title='bbox 966 2592 1003 2632; x_wconf 90' lang='lat' dir='ltr'><em>T</em></span> <span class='ocrx_word' id='word_1_282' title='bbox 1172 2596 1199 2633; x_wconf 88' lang='lat'><strong>6</strong></span> <span class='ocrx_word' id='word_1_283' title='bbox 1229 2594 1426 2633; x_wconf 89' lang='lat' dir='ltr'>dimissus</span> <span class='ocrx_word' id='word_1_284' title='bbox 1450 2592 1527 2633; x_wconf 90' lang='lat' dir='ltr'><em>CK</em></span> <span class='ocrx_word' id='word_1_285' title='bbox 1534 2591 1571 2630; x_wconf 89' lang='lat' dir='ltr'><em>T</em></span> <span class='ocrx_word' id='word_1_286' title='bbox 1730 2593 1756 2630; x_wconf 91' lang='lat'>8</span> <span class='ocrx_word' id='word_1_287' title='bbox 1784 2605 1869 2631; x_wconf 91' lang='lat' dir='ltr'>uno</span> <span class='ocrx_word' id='word_1_288' title='bbox 1889 2605 1982 2632; x_wconf 88' lang='lat' dir='ltr'>voe.</span> <span class='ocrx_word' id='word_1_289' title='bbox 2005 2591 2073 2632; x_wconf 88' lang='lat' dir='ltr'>B:</span> 
     </span>
     <span class='ocr_line' id='line_1_31' title="bbox 327 2645 2071 2699; baseline -0.001 -11"><span class='ocrx_word' id='word_1_290' title='bbox 327 2647 453 2688; x_wconf 83' lang='lat' dir='ltr'>unum</span> <span class='ocrx_word' id='word_1_291' title='bbox 473 2656 667 2689; x_wconf 88' lang='lat' dir='ltr'>vocatum</span> <span class='ocrx_word' id='word_1_292' title='bbox 688 2649 734 2688; x_wconf 90' lang='lat' dir='ltr'><em>K</em></span> <span class='ocrx_word' id='word_1_293' title='bbox 842 2650 1017 2688; x_wconf 88' lang='lat' dir='ltr'>defusus</span> <span class='ocrx_word' id='word_1_294' title='bbox 1037 2648 1079 2687; x_wconf 88' lang='grc' dir='ltr'><em>Β</em></span> <span class='ocrx_word' id='word_1_295' title='bbox 1242 2662 1268 2698; x_wconf 88' lang='grc'>9</span> <span class='ocrx_word' id='word_1_296' title='bbox 1297 2648 1460 2699; x_wconf 86' lang='lat' dir='ltr'>stagni]</span> <span class='ocrx_word' id='word_1_297' title='bbox 1479 2661 1535 2687; x_wconf 86' lang='lat' dir='ltr'>an</span> <span class='ocrx_word' id='word_1_298' title='bbox 1557 2645 1724 2698; x_wconf 88' lang='lat' dir='ltr'>padulis</span> <span class='ocrx_word' id='word_1_299' title='bbox 1746 2647 1788 2699; x_wconf 80' lang='grc' dir='ltr'>(ι’.</span> <span class='ocrx_word' id='word_1_300' title='bbox 1802 2661 1832 2686; x_wconf 85' lang='lat' dir='ltr'>e.</span> <span class='ocrx_word' id='word_1_301' title='bbox 1856 2647 2071 2699; x_wconf 70' lang='lat' dir='ltr'>paludis)3</span> 
     </span>
     <span class='ocr_line' id='line_1_32' title="bbox 327 2702 2073 2756; baseline -0.002 -13"><span class='ocrx_word' id='word_1_302' title='bbox 327 2704 443 2756; x_wconf 86' lang='lat' dir='ltr'>sinu]</span> <span class='ocrx_word' id='word_1_303' title='bbox 461 2704 556 2744; x_wconf 90' lang='lat' dir='ltr'>nisu</span> <span class='ocrx_word' id='word_1_304' title='bbox 576 2703 621 2742; x_wconf 91' lang='lat' dir='ltr'><em>K</em></span> <span class='ocrx_word' id='word_1_305' title='bbox 729 2704 905 2756; x_wconf 87' lang='lat' dir='ltr'>digerit]</span> <span class='ocrx_word' id='word_1_306' title='bbox 926 2705 1081 2743; x_wconf 86' lang='lat' dir='ltr'>direxit</span> <span class='ocrx_word' id='word_1_307' title='bbox 1103 2703 1152 2742; x_wconf 81' lang='lat' dir='ltr'>Cl</span> <span class='ocrx_word' id='word_1_308' title='bbox 1171 2717 1180 2742; x_wconf 90' lang='lat'>:</span> <span class='ocrx_word' id='word_1_309' title='bbox 1210 2703 1354 2752; x_wconf 86' lang='lat' dir='ltr'>dirigit</span> <span class='ocrx_word' id='word_1_310' title='bbox 1373 2703 1463 2743; x_wconf 81' lang='lat' dir='ltr'>dett.</span> <span class='ocrx_word' id='word_1_311' title='bbox 1583 2716 1631 2742; x_wconf 92' lang='lat'>10</span> <span class='ocrx_word' id='word_1_312' title='bbox 1660 2702 1811 2754; x_wconf 91' lang='lat' dir='ltr'>nunc.]</span> <span class='ocrx_word' id='word_1_313' title='bbox 1835 2703 2073 2740; x_wconf 88' lang='lat' dir='ltr'>nominatus</span> 
     </span>
     <span class='ocr_line' id='line_1_33' title="bbox 327 2756 2070 2809; baseline -0.002 -11"><span class='ocrx_word' id='word_1_314' title='bbox 327 2759 374 2797; x_wconf 90' lang='lat' dir='ltr'><em>K</em></span> <span class='ocrx_word' id='word_1_315' title='bbox 481 2772 604 2809; x_wconf 89' lang='lat' dir='ltr'>cogn.</span> <span class='ocrx_word' id='word_1_316' title='bbox 628 2766 693 2798; x_wconf 85' lang='lat' dir='ltr'>est</span> <span class='ocrx_word' id='word_1_317' title='bbox 713 2760 765 2798; x_wconf 86' lang='lat' dir='ltr'>ab</span> <span class='ocrx_word' id='word_1_318' title='bbox 790 2759 825 2798; x_wconf 88' lang='lat' dir='ltr'><em>C</em></span> <span class='ocrx_word' id='word_1_319' title='bbox 991 2772 1039 2808; x_wconf 87' lang='lat'>13</span> <span class='ocrx_word' id='word_1_320' title='bbox 1069 2765 1207 2798; x_wconf 85' lang='lat' dir='ltr'>autem</span> <span class='ocrx_word' id='word_1_321' title='bbox 1229 2756 1374 2797; x_wconf 87' lang='lat' dir='ltr'>om.K</span> <span class='ocrx_word' id='word_1_322' title='bbox 1493 2757 1644 2808; x_wconf 90' lang='lat' dir='ltr'>Canis]</span> <span class='ocrx_word' id='word_1_323' title='bbox 1664 2757 1766 2796; x_wconf 89' lang='lat' dir='ltr'>solis</span> <span class='ocrx_word' id='word_1_324' title='bbox 1785 2756 1826 2795; x_wconf 91' lang='grc' dir='ltr'><em>Β</em></span> <span class='ocrx_word' id='word_1_325' title='bbox 1946 2768 2070 2806; x_wconf 87' lang='lat' dir='ltr'>aque-</span> 
     </span>
     <span class='ocr_line' id='line_1_34' title="bbox 327 2809 2075 2864; baseline -0.002 -12"><span class='ocrx_word' id='word_1_326' title='bbox 327 2814 542 2853; x_wconf 86' lang='lat' dir='ltr'>scentibus</span> <span class='ocrx_word' id='word_1_327' title='bbox 561 2812 607 2851; x_wconf 94' lang='lat' dir='ltr'><em>K</em></span> <span class='ocrx_word' id='word_1_328' title='bbox 789 2827 838 2864; x_wconf 89' lang='lat'>14</span> <span class='ocrx_word' id='word_1_329' title='bbox 867 2814 978 2853; x_wconf 84' lang='lat' dir='ltr'>circa</span> <span class='ocrx_word' id='word_1_330' title='bbox 999 2827 1081 2852; x_wconf 85' lang='lat' dir='ltr'>om.</span> <span class='ocrx_word' id='word_1_331' title='bbox 1101 2813 1148 2852; x_wconf 91' lang='lat' dir='ltr'><em>K</em></span> <span class='ocrx_word' id='word_1_332' title='bbox 1271 2812 1313 2851; x_wconf 93' lang='lat' dir='ltr'>in</span> <span class='ocrx_word' id='word_1_333' title='bbox 1333 2813 1465 2851; x_wconf 74' lang='lat' dir='ltr'>attico</span> <span class='ocrx_word' id='word_1_334' title='bbox 1487 2812 1589 2852; x_wconf 90' lang='lat' dir='ltr'>mari</span> <span class='ocrx_word' id='word_1_335' title='bbox 1609 2810 1656 2849; x_wconf 90' lang='lat' dir='ltr'><em>K</em></span> <span class='ocrx_word' id='word_1_336' title='bbox 1776 2811 1967 2850; x_wconf 81' lang='lat' dir='ltr'>differtur</span> <span class='ocrx_word' id='word_1_337' title='bbox 1985 2809 2075 2848; x_wconf 90' lang='grc' dir='ltr'>ΒΚ</span> 
     </span>
     <span class='ocr_line' id='line_1_35' title="bbox 331 2865 2071 2919; baseline -0.002 -13"><span class='ocrx_word' id='word_1_338' title='bbox 331 2882 377 2919; x_wconf 86' lang='lat'>15</span> <span class='ocrx_word' id='word_1_339' title='bbox 407 2868 616 2908; x_wconf 88' lang='lat' dir='ltr'>tiberiano</span> <span class='ocrx_word' id='word_1_340' title='bbox 635 2868 685 2908; x_wconf 76' lang='lat' dir='ltr'>Cl</span> <span class='ocrx_word' id='word_1_341' title='bbox 768 2867 862 2908; x_wconf 87' lang='lat' dir='ltr'>Alb.</span> <span class='ocrx_word' id='word_1_342' title='bbox 884 2882 966 2908; x_wconf 88' lang='lat' dir='ltr'>om.</span> <span class='ocrx_word' id='word_1_343' title='bbox 987 2868 1047 2906; x_wconf 82' lang='grc' dir='ltr'>Β1</span> <span class='ocrx_word' id='word_1_344' title='bbox 1162 2869 1210 2906; x_wconf 90' lang='lat'>16</span> <span class='ocrx_word' id='word_1_345' title='bbox 1238 2867 1280 2906; x_wconf 90' lang='lat' dir='ltr'>in</span> <span class='ocrx_word' id='word_1_346' title='bbox 1298 2880 1380 2908; x_wconf 83' lang='lat' dir='ltr'>om.</span> <span class='ocrx_word' id='word_1_347' title='bbox 1404 2866 1456 2905; x_wconf 84' lang='lat' dir='ltr'>T1</span> <span class='ocrx_word' id='word_1_348' title='bbox 1539 2879 1626 2906; x_wconf 89' lang='lat' dir='ltr'>cec.</span> <span class='ocrx_word' id='word_1_349' title='bbox 1645 2867 1740 2904; x_wconf 89' lang='lat' dir='ltr'>ssuv.</span> <span class='ocrx_word' id='word_1_350' title='bbox 1759 2865 1801 2903; x_wconf 88' lang='lat' dir='ltr'><em>B</em></span> <span class='ocrx_word' id='word_1_351' title='bbox 1894 2877 1941 2914; x_wconf 91' lang='lat'>17</span> <span class='ocrx_word' id='word_1_352' title='bbox 1962 2865 2071 2904; x_wconf 88' lang='lat' dir='ltr'>anti-</span> 
     </span>
     <span class='ocr_line' id='line_1_36' title="bbox 325 2918 2070 2976; baseline -0.002 -14"><span class='ocrx_word' id='word_1_353' title='bbox 325 2924 472 2976; x_wconf 90' lang='lat' dir='ltr'>quum]</span> <span class='ocrx_word' id='word_1_354' title='bbox 493 2924 630 2963; x_wconf 88' lang='lat' dir='ltr'>amnis</span> <span class='ocrx_word' id='word_1_355' title='bbox 651 2923 696 2962; x_wconf 90' lang='lat' dir='ltr'><em>K</em></span> <span class='ocrx_word' id='word_1_356' title='bbox 811 2925 859 2962; x_wconf 90' lang='lat'>18</span> <span class='ocrx_word' id='word_1_357' title='bbox 889 2930 956 2963; x_wconf 88' lang='lat' dir='ltr'>est</span> <span class='ocrx_word' id='word_1_358' title='bbox 975 2937 1059 2963; x_wconf 83' lang='lat' dir='ltr'>om.</span> <span class='ocrx_word' id='word_1_359' title='bbox 1087 2922 1137 2962; x_wconf 83' lang='lat' dir='ltr'>Cl</span> <span class='ocrx_word' id='word_1_360' title='bbox 1246 2935 1310 2961; x_wconf 89' lang='lat' dir='ltr'>au.</span> <span class='ocrx_word' id='word_1_361' title='bbox 1332 2935 1415 2962; x_wconf 85' lang='lat' dir='ltr'>om.</span> <span class='ocrx_word' id='word_1_362' title='bbox 1442 2920 1480 2960; x_wconf 93' lang='lat' dir='ltr'><em>T</em></span> <span class='ocrx_word' id='word_1_363' title='bbox 1583 2934 1652 2960; x_wconf 92' lang='lat' dir='ltr'>au.</span> <span class='ocrx_word' id='word_1_364' title='bbox 1674 2926 1716 2959; x_wconf 85' lang='lat' dir='ltr'>et</span> <span class='ocrx_word' id='word_1_365' title='bbox 1735 2919 1898 2958; x_wconf 89' lang='lat' dir='ltr'>Tiberis</span> <span class='ocrx_word' id='word_1_366' title='bbox 1920 2918 2070 2971; x_wconf 78' lang='lat' dir='ltr'>(delet.)</span> 
     </span>
    </p>
   </div>
   <div class='ocr_carea' id='block_1_6' title="bbox 325 2972 2086 3028">
    <p class='ocr_par' dir='ltr' id='par_1_10' title="bbox 325 2972 2086 3028">
     <span class='ocr_line' id='line_1_37' title="bbox 325 2972 2086 3028; baseline -0.003 -11"><span class='ocrx_word' id='word_1_367' title='bbox 325 2979 439 3018; x_wconf 86' lang='lat' dir='ltr'>Tibr.</span> <span class='ocrx_word' id='word_1_368' title='bbox 461 2979 533 3028; x_wconf 89' lang='lat' dir='ltr'>qui</span> <span class='ocrx_word' id='word_1_369' title='bbox 553 2978 643 3018; x_wconf 90' lang='lat' dir='ltr'>Tib.</span> <span class='ocrx_word' id='word_1_370' title='bbox 669 2975 716 3016; x_wconf 88' lang='lat' dir='ltr'><em>K</em></span> <span class='ocrx_word' id='word_1_371' title='bbox 731 2992 741 3017; x_wconf 74' lang='lat' dir='ltr'><em>z</em></span> <span class='ocrx_word' id='word_1_372' title='bbox 771 2991 838 3016; x_wconf 91' lang='lat' dir='ltr'>au.</span> <span class='ocrx_word' id='word_1_373' title='bbox 861 2978 1006 3017; x_wconf 89' lang='lat' dir='ltr'>tiberis</span> <span class='ocrx_word' id='word_1_374' title='bbox 1027 2978 1098 3028; x_wconf 90' lang='lat' dir='ltr'>qui</span> <span class='ocrx_word' id='word_1_375' title='bbox 1119 2982 1162 3016; x_wconf 90' lang='lat' dir='ltr'>et</span> <span class='ocrx_word' id='word_1_376' title='bbox 1182 2977 1303 3017; x_wconf 87' lang='lat' dir='ltr'>tibris</span> <span class='ocrx_word' id='word_1_377' title='bbox 1326 2976 1362 3016; x_wconf 89' lang='lat' dir='ltr'>C</span> <span class='ocrx_word' id='word_1_378' title='bbox 1451 2989 1505 3016; x_wconf 85' lang='lat'>20</span> <span class='ocrx_word' id='word_1_379' title='bbox 1534 2975 1691 3015; x_wconf 86' lang='lat' dir='ltr'>nivium</span> <span class='ocrx_word' id='word_1_380' title='bbox 1713 2988 1797 3014; x_wconf 89' lang='lat' dir='ltr'>om.</span> <span class='ocrx_word' id='word_1_381' title='bbox 1820 2972 1867 3012; x_wconf 93' lang='lat' dir='ltr'><em>K</em></span> <span class='ocrx_word' id='word_1_382' title='bbox 1946 2987 1999 3013; x_wconf 82' lang='lat'>22</span> <span class='ocrx_word' id='word_1_383' title='bbox 2028 2979 2086 3023; x_wconf 61' lang='lat' dir='ltr'>et&gt;</span> 
     </span>
    </p>
   </div>
   <div class='ocr_carea' id='block_1_7' title="bbox 325 3027 2075 3136">
    <p class='ocr_par' dir='ltr' id='par_1_11' title="bbox 325 3027 2075 3136">
     <span class='ocr_line' id='line_1_38' title="bbox 325 3027 2075 3082; baseline -0.002 -11"><span class='ocrx_word' id='word_1_384' title='bbox 325 3046 408 3074; x_wconf 82' lang='lat' dir='ltr'>om.</span> <span class='ocrx_word' id='word_1_385' title='bbox 437 3032 489 3070; x_wconf 86' lang='lat' dir='ltr'>T1</span> <span class='ocrx_word' id='word_1_386' title='bbox 631 3046 684 3082; x_wconf 83' lang='lat'>24</span> <span class='ocrx_word' id='word_1_387' title='bbox 714 3047 739 3071; x_wconf 96' lang='lat' dir='ltr'>a</span> <span class='ocrx_word' id='word_1_388' title='bbox 758 3046 843 3073; x_wconf 85' lang='lat' dir='ltr'>om.</span> <span class='ocrx_word' id='word_1_389' title='bbox 872 3033 909 3070; x_wconf 92' lang='lat' dir='ltr'><em>T</em></span> <span class='ocrx_word' id='word_1_390' title='bbox 1013 3032 1226 3082; x_wconf 88' lang='lat' dir='ltr'>germanis</span> <span class='ocrx_word' id='word_1_391' title='bbox 1241 3030 1287 3068; x_wconf 92' lang='lat' dir='ltr'><em>K</em></span> <span class='ocrx_word' id='word_1_392' title='bbox 1394 3030 1522 3082; x_wconf 88' lang='lat' dir='ltr'>iugis]</span> <span class='ocrx_word' id='word_1_393' title='bbox 1543 3030 1688 3080; x_wconf 86' lang='lat' dir='ltr'>burgis</span> <span class='ocrx_word' id='word_1_394' title='bbox 1708 3027 1764 3067; x_wconf 86' lang='grc' dir='ltr'>Β1</span> <span class='ocrx_word' id='word_1_395' title='bbox 1777 3034 1824 3068; x_wconf 87' lang='lat' dir='ltr'>ut</span> <span class='ocrx_word' id='word_1_396' title='bbox 1841 3028 1922 3070; x_wconf 82' lang='lat' dir='ltr'>vid.</span> <span class='ocrx_word' id='word_1_397' title='bbox 1943 3027 2075 3068; x_wconf 89' lang='lat' dir='ltr'><em>KOX</em></span> 
     </span>
     <span class='ocr_line' id='line_1_39' title="bbox 325 3085 1265 3136; baseline -0.001 -11"><span class='ocrx_word' id='word_1_398' title='bbox 325 3099 375 3136; x_wconf 88' lang='lat'>27</span> <span class='ocrx_word' id='word_1_399' title='bbox 406 3088 479 3126; x_wconf 46' lang='lat' dir='ltr'>col.</span> <span class='ocrx_word' id='word_1_400' title='bbox 508 3087 720 3127; x_wconf 87' lang='lat' dir='ltr'>doriorum</span> <span class='ocrx_word' id='word_1_401' title='bbox 749 3085 799 3124; x_wconf 87' lang='lat' dir='ltr'>T1</span> <span class='ocrx_word' id='word_1_402' title='bbox 910 3091 1168 3126; x_wconf 83' lang='lat' dir='ltr'>vocaverunt</span> <span class='ocrx_word' id='word_1_403' title='bbox 1188 3085 1265 3125; x_wconf 83' lang='lat' dir='ltr'>BC</span> 
     </span>
    </p>
   </div>
   <div class='ocr_carea' id='block_1_8' title="bbox 2107 1039 2155 1066">
    <p class='ocr_par' dir='ltr' id='par_1_12' title="bbox 2107 1039 2155 1066">
     <span class='ocr_line' id='line_1_40' title="bbox 2107 1039 2155 1066; baseline 0 0"><span class='ocrx_word' id='word_1_404' title='bbox 2107 1039 2155 1066; x_wconf 91' lang='lat'>10</span> 
     </span>
    </p>
   </div>
   <div class='ocr_carea' id='block_1_9' title="bbox 2106 1446 2150 1487">
    <p class='ocr_par' dir='ltr' id='par_1_13' title="bbox 2106 1446 2150 1487">
     <span class='ocr_line' id='line_1_41' title="bbox 2106 1446 2150 1487; baseline 0 0"><span class='ocrx_word' id='word_1_405' title='bbox 2106 1446 2150 1487; x_wconf 89' lang='lat'>15</span> 
     </span>
    </p>
   </div>
   <div class='ocr_carea' id='block_1_10' title="bbox 2102 2268 2170 2309">
    <p class='ocr_par' dir='ltr' id='par_1_14' title="bbox 2102 2268 2170 2309">
     <span class='ocr_line' id='line_1_42' title="bbox 2102 2268 2170 2309; baseline -0.074 -13"><span class='ocrx_word' id='word_1_406' title='bbox 2102 2268 2170 2309; x_wconf 75' lang='lat'>25..</span> 
     </span>
    </p>
   </div>
  </div>
 </body>
</html>
