2176 3424
337 134 966 184 ETYMOLOGIARVM
1006 133 1135 180 LIB.
1177 132 1373 178 XVIII.
1414 130 1634 178 xvi-xxiv

111 266 246 328 quod
271 265 471 314 iuvenes
497 264 618 313 nudi
644 273 929 313 exercentur
954 263 1001 310 in
1037 279 1230 326 campo,
1258 262 1343 310 ubi
1374 263 1478 309 sola
1509 270 1700 310 tantum
1731 277 1860 310 vere-

110 348 273 395 cunda
298 346 596 410 operiuntur.

246 431 329 476 DE
353 441 646 475 GENERmvs
681 439 1051 474 GYMNICORVM.
1126 425 1322 473 Genera
1349 422 1690 487 gymnicorum
1722 422 1861 485 quin·
1884 432 2029 472 XVIII

111 525 238 570 que:
276 508 327 557 id
351 518 425 557 est
462 511 626 567 saltus,
655 523 840 567 cursus,
870 505 1038 565 iactus,
1067 505 1217 554 virtus
1250 514 1400 568 atque
1424 502 1640 553 luctatio.
1712 505 1861 552 Vnde

64 605 86 645 5
110 592 269 638 ferunt
295 591 544 652 quendam
565 606 727 652 regem
749 597 822 636 tot
847 587 972 636 filios
997 588 1337 636 adolescentes
1362 585 1631 634 habentem
1652 586 1860 633 totidem

109 671 370 734 generibus
396 672 460 719 de
484 687 634 734 regno
660 670 857 718 iussisse
884 670 1200 717 contendere.

246 754 328 799 DE
354 767 526 800 SALTV.
601 753 760 800 Saltus
787 751 948 799 dictus
973 750 1112 812 quasi
1139 749 1302 798 exilire
1328 749 1377 797 in
1393 751 1556 809 *altum
1581 767 1590 797 :
1628 757 1701 796 est
1726 747 1858 795 enim
1884 755 1990 794 XIX

109 835 258 882 saltus
283 835 426 881 altius
452 833 615 881 exilire
639 834 715 881 vel
740 831 947 895 longius.

246 918 329 964 DE
353 930 528 963 CVRsv.
604 914 790 965 Cursus
807 931 835 962 a
859 913 1119 963 velocitate
1140 930 1334 962 crurum
1360 921 1562 961 vocatur
1582 929 1594 971 ;
1628 920 1702 960 est
1727 909 1859 959 enim
1884 919 1969 958 XX

37 1010 86 1037 10
108 1014 277 1047 cursus
300 996 520 1046 celeritas
546 998 747 1060 pedum.

246 1081 329 1126 DE
355 1093 520 1126 IACTV.
584 1080 749 1126 Iactus
770 1078 931 1126 dictus
950 1075 1235 1125 aiaciendo.
1298 1076 1445 1123 Vnde
1471 1082 1518 1122 et
1543 1073 1860 1136 piscatorium
1886 1078 1991 1119 XXI

108 1171 210 1210 rete
235 1160 447 1208 iaculum
479 1159 671 1208 dicitur.
746 1158 882 1206 Huic
912 1157 1001 1206 arti
1038 1174 1154 1206 usus
1188 1166 1261 1206 est
1293 1165 1512 1219 arreptos
1542 1154 1730 1218 lapides
1756 1170 1863 1216 pro-

110 1244 188 1291 cul
214 1242 366 1300 ferire,
395 1243 560 1289 hastas
585 1241 806 1303 pondere
831 1239 1008 1287 librato
1033 1238 1205 1297 iacere,
1234 1237 1432 1301 sagittas
1457 1254 1572 1285 arcu
1598 1236 1834 1285 emittere.

246 1325 329 1370 DE
365 1337 604 1371 VIRTVTE.
679 1321 843 1369 Virtus
880 1330 952 1369 est
988 1319 1275 1368 inmensitas
1312 1318 1486 1367 virium
1522 1318 1572 1365 in
1609 1318 1778 1366 labore
1811 1327 1859 1366 et
1879 1324 2012 1364 XXII

36 1418 83 1458 15
109 1406 328 1468 pondere
354 1404 569 1468 corporis
597 1400 826 1469 [vocata].

245 1488 327 1534 DE
371 1499 712 1534 LVCTATloNE.
786 1483 1013 1532 Luctatio
1052 1500 1080 1532 a
1122 1485 1327 1532 laterum
1377 1483 1620 1545 conplexu
1669 1489 1857 1539 vocata,
1883 1491 2035 1530 XXIII

110 1567 290 1630 quibus
328 1567 604 1617 comminus
638 1574 880 1615 certantes
915 1565 1141 1625 innitent,
1179 1564 1263 1627 qui
1301 1566 1491 1613 Graeca
1527 1562 1859 1626 appellatione

109 1651 322 1699 athletae
346 1658 596 1698 vocantur.

247 1734 328 1779 DE
355 1745 668 1779 PALAESTRA.
732 1731 895 1778 Locus
919 1737 1084 1777 autem
1105 1727 1385 1776 luctationis
1407 1728 1646 1790 palaestra
1664 1724 1857 1774 dicitur.
1883 1738 2031 1779 XXIV

38 1831 87 1858 20
111 1814 408 1862 Palaestram
434 1822 599 1860 autem
626 1812 700 1860 vel
726 1812 819 1859 ἀπὸ
843 1813 924 1872 τῆς
947 1811 1114 1872 πάλης,
1139 1809 1188 1858 id
1215 1818 1287 1857 est
1312 1826 1340 1856 a
1363 1807 1647 1866 luctatione,
1666 1809 1742 1855 vel
1769 1808 1860 1854 ἀπὸ

109 1899 190 1944 τοῦ
226 1896 440 1951 πάλλειν,
482 1893 532 1942 id
568 1902 642 1941 est
683 1909 712 1940 a
754 1901 891 1940 motu
931 1891 1099 1939 ruinae
1137 1892 1288 1950 fortis,
1327 1889 1634 1938 nominatam
1672 1887 1858 1947 dicunt,

111 1976 294 2025 scilicet
320 1977 456 2038 quod
481 1975 531 2022 in
552 1975 802 2030 luctando,
829 1990 942 2021 cum
981 1972 1172 2021 medios
1205 1971 1451 2034 arripiant,
1479 1973 1578 2018 fere
1603 1969 1827 2032 quatiant
1850 1988 1863 2030 ;

110 2058 260 2121 idque
285 2059 418 2120 apud
438 2058 654 2105 Graecos
679 2057 880 2103 πάλλειν
904 2063 1118 2102 vocatur.
1180 2053 1399 2115 Quidam
1426 2052 1690 2116 opinantur
1705 2060 1858 2100 artem

109 2138 329 2187 luctandi
346 2155 568 2186 ursorum
587 2137 906 2185 contentione
922 2144 1266 2184 monstratam:
1301 2151 1517 2197 namque
1534 2134 1659 2182 inter
1673 2146 1859 2182 ceteras

39 2242 87 2282 25
112 2222 234 2269 feras
273 2236 358 2268 eos
401 2221 531 2268 solos
570 2227 618 2267 et
661 2218 776 2282 erigi
819 2234 1108 2281 congressos
1157 2227 1204 2266 et
1247 2217 1501 2266 subsidere
1539 2215 1761 2265 celeriter
1800 2232 1859 2264 ac

173 2363 186 2387 1
222 2361 414 2400 campum
433 2347 554 2387 BCT
658 2348 910 2386 verecundia
925 2346 1024 2385 C1K
1158 2360 1181 2384 2
1211 2347 1408 2396 operiunt
1424 2345 1471 2383 K
1605 2358 1629 2395 5
1659 2346 1858 2397 totidem]

113 2406 223 2445 idem
253 2403 291 2442 T
394 2406 420 2442 6
448 2403 572 2455 iuss.]
596 2403 685 2441 eius
705 2403 789 2441 isse
817 2402 868 2440 Tl
982 2415 1003 2452 7
1036 2402 1114 2442 dic.
1141 2432 1148 2439 .
1172 2431 1181 2441 .
1207 2431 1216 2440 .
1235 2407 1299 2440 est
1319 2414 1403 2440 om.
1424 2400 1470 2438 K
1576 2413 1602 2450 9
1629 2406 1798 2440 vocatus
1818 2400 1859 2438 Β

118 2471 161 2498 11
194 2460 247 2498 ad
267 2458 307 2497 Β
328 2459 433 2510 (pro
453 2459 503 2497 ab
520 2458 554 2508 3)
726 2457 905 2496 iacendo
927 2456 972 2494 K
1135 2456 1389 2506 piscatorum
1414 2454 1493 2494 CK
1699 2467 1746 2493 12
1777 2456 1857 2494 arti

113 2513 235 2565 usus]
256 2513 380 2552 altius
401 2512 447 2550 K
580 2518 750 2561 arrepto
772 2511 912 2561 lapide
930 2510 969 2548 A
977 2524 1054 2550 rev.
1236 2523 1282 2560 13
1313 2510 1451 2549 iacere
1467 2508 1547 2548 BC
1553 2509 1612 2549 T:
1643 2510 1799 2549 iactare
1815 2507 1862 2547 K

113 2572 132 2616 ξ
155 2580 249 2607 xxn
273 2573 370 2619 post
389 2567 602 2617 conplexu
623 2567 734 2605 dicta
758 2567 796 2617 (ξ
819 2564 951 2615 xxm)
974 2564 1102 2603 KNP
1249 2577 1297 2614 14
1327 2570 1392 2603 est
1412 2577 1493 2603 om.
1516 2563 1643 2603 KNP
1750 2570 1792 2602 et
1813 2564 1854 2602 in

112 2624 240 2673 pond.
265 2621 300 2660 C
435 2634 482 2671 15
511 2627 661 2660 vocata
681 2620 773 2661 hab.
798 2619 909 2658 KN:
939 2633 1020 2659 om.
1045 2617 1206 2658 BCTU
1344 2620 1394 2657 16
1421 2632 1445 2657 a
1466 2618 1558 2670 lat.]
1579 2619 1757 2658 alterum
1783 2618 1856 2657 C¹:

112 2679 360 2716 alterutrum
381 2676 422 2714 Β
611 2681 765 2714 vocata
787 2673 945 2713 CDEF
949 2673 1030 2712 TU
1044 2688 1052 2712 :
1081 2681 1254 2713 vocatae
1275 2673 1316 2711 Β
1333 2687 1342 2712 :
1372 2674 1483 2712 dicta
1503 2671 1607 2714 KP:
1641 2673 1794 2712 dictam
1816 2673 1862 2710 N

118 2745 163 2782 17
194 2731 431 2770 innituntur
450 2731 574 2769 Arev.
599 2731 700 2779 (non
720 2727 943 2781 DEFPU)
1053 2741 1106 2766 20
1135 2729 1204 2777 τῆς
1220 2757 1230 2767 .
1252 2758 1261 2768 .
1283 2759 1292 2768 .
1307 2725 1384 2766 ἀπὸ
1398 2741 1481 2768 om.
1499 2727 1611 2766 KN:
1631 2741 1656 2766 a
1670 2728 1768 2767 luet.
1785 2757 1794 2766 .
1811 2756 1821 2766 .
1841 2757 1849 2766 .

115 2787 156 2825 id
172 2792 235 2826 est
252 2800 334 2826 om.
354 2784 491 2824 C¹DE
507 2799 516 2824 :
536 2798 560 2823 a
576 2785 674 2825 luet.
691 2814 700 2824 .
721 2813 732 2823 .
752 2814 762 2824 .
781 2782 950 2822 πάλλειν
966 2795 1049 2822 om.
1067 2781 1123 2819 Β1
1316 2782 1460 2834 πάλης]
1478 2783 1609 2832 palesi
1623 2780 1854 2820 BDETU:

115 2841 233 2890 pales
252 2840 293 2879 in
318 2839 352 2878 C
524 2852 572 2877 21
605 2838 793 2889 πάλλειν]
817 2838 954 2888 palein
980 2835 1080 2876 TU:
1110 2837 1222 2887 palin
1243 2835 1290 2874 K
1421 2850 1446 2876 a
1466 2850 1548 2876 mo.
1572 2849 1705 2875 urnae
1727 2836 1768 2875 id
1790 2842 1854 2874 est

117 2895 243 2934 sortis
264 2893 314 2933 C2
423 2893 684 2932 nominatum
703 2892 748 2930 K
856 2905 907 2930 22
937 2893 1025 2930 sere
1054 2890 1230 2930 BCFT:
1262 2904 1371 2941 pene
1387 2890 1477 2929 KN
1584 2903 1636 2939 23
1665 2889 1855 2941 πάλλειν]

115 2949 227 2999 palin
249 2947 392 2988 BCT:
423 2947 548 2998 palen
570 2947 615 2985 K
722 2953 876 2987 vocant
897 2945 943 2984 K
1116 2959 1167 2995 24
1198 2946 1518 2986 inmonstratam
1540 2943 1586 2982 K
