2228 3444
457 150 1087 199 ETYMOLOGIARVM
1128 150 1256 196 LIB.
1286 149 1435 196 VIII.
1475 147 1520 195 vi

120 283 250 332 enim
277 299 513 346 corporeo
539 299 683 331 sensu
716 283 849 329 hunc
883 282 1123 329 mundum
1149 278 1391 329 visibilem
1426 294 1483 327 ex
1513 287 1744 342 quattuor
1769 280 1860 328 ele»

120 365 297 414 mentis
331 367 494 413 Deum
536 381 642 413 esse
679 363 916 423 dixerunt,
949 372 1002 411 ut
1041 363 1307 425 Dionysius
1341 362 1551 410 Stoicus.
1623 359 1720 408 Alii
1745 378 1861 409 vero

120 446 394 510 spiritaliter
428 448 770 495 intellexerunt
807 453 1022 495 mentem
1062 461 1167 494 esse
1206 445 1384 503 Deum,
1414 452 1467 491 ut
1504 443 1686 491 Thales
1723 442 1861 490 Mile-

120 528 233 577 sius.
297 527 515 590 Quidam
540 527 760 577 animum
787 529 835 575 in
863 525 1094 575 omnibus
1124 534 1524 575 commanentem
1551 533 1598 572 et
1622 522 1858 582 lucidum,
1887 536 1945 582 19

72 627 95 667 5
120 619 172 659 ut
198 612 510 674 Pythagoras.
573 609 790 672 Quidam
818 611 982 658 Deum
1010 607 1114 657 sine
1139 618 1360 671 tempore
1386 605 1859 665 incommutabilem,

119 701 171 740 ut
210 693 363 741 Plato.
439 693 657 754 Quidam
696 699 912 741 mentem
951 692 1175 751 solutam,
1205 699 1258 738 ut
1295 688 1485 740 Cicero.
1560 687 1778 750 Quidam
1815 697 1863 737 et

120 776 341 838 spiritum
384 784 431 823 et
479 783 709 833 mentem,
739 782 792 822 ut
840 775 997 822 Maro.
1072 774 1336 821 Inventum
1379 770 1511 820 enim
1546 771 1863 819 solummodo

123 859 300 916 Deum,
336 873 437 905 non
484 865 537 904 ut
577 855 880 915 invenerunt,
916 864 1259 918 exposuerunt,
1305 855 1421 917 quia
1462 861 1766 902 evanuerunt
1815 851 1863 900 in

121 937 498 1003 cogitationibus
524 937 636 986 suis.
689 937 925 986 Dicentes
952 936 1083 986 enim
1111 954 1161 986 se
1187 953 1294 985 esse
1319 935 1563 999 sapientes
1590 935 1723 984 stulti
1749 933 1863 983 facti

50 1035 99 1066 ιο
123 1030 246 1070 sunt.
299 1017 465 1086 [Item]
495 1019 736 1068 Platonici
762 1019 963 1083 quidem
991 1022 1156 1068 Deum
1182 1027 1457 1067 curatorem
1484 1027 1531 1066 et
1556 1016 1792 1066 arbitrum
1819 1025 1866 1065 et
1889 1028 1957 1063 20

121 1101 332 1151 iudicem
382 1111 619 1151 asserunt.
694 1102 925 1166 Epicurei
973 1101 1187 1150 otiosum
1236 1110 1284 1149 et
1325 1099 1712 1149 inexercitatum.
1787 1101 1867 1148 De

122 1185 308 1233 mundo
333 1193 497 1233 autem
526 1185 765 1232 Platonici
798 1186 1061 1233 adfirmant
1087 1182 1476 1248 incorporalem3
1513 1181 1665 1231 Stoici
1698 1198 1863 1246 corpo-

122 1268 301 1326 ralem3
345 1267 585 1329 Epicurus
618 1265 796 1314 atomis
816 1285 826 1326 3
865 1267 1162 1329 Pythagoras
1200 1283 1257 1314 ex
1293 1266 1508 1315 numeris
1527 1283 1540 1326 3
1583 1264 1866 1313 Heraclitus

122 1366 178 1398 ex
221 1347 331 1412 igni.
404 1350 551 1397 Vnde
586 1358 633 1397 et
666 1351 821 1397 Varro
859 1348 1023 1412 ignem
1050 1347 1223 1397 mundi
1250 1349 1470 1396 animum
1497 1346 1628 1407 dicit,
1658 1348 1867 1411 proinde
1890 1361 1944 1396 21

51 1448 97 1490 15
123 1432 257 1493 quod
294 1430 343 1478 in
379 1431 567 1479 mundo
602 1429 726 1493 ignis
761 1429 929 1478 onmia
960 1430 1215 1494 gubernet,
1243 1429 1368 1478 sicut
1401 1429 1595 1478 animus
1630 1430 1680 1477 in
1705 1428 1863 1479 nobis.

124 1516 288 1576 Quam
315 1512 577 1561 vanissime
599 1531 607 1560 ε
648 1512 777 1574 ‘Qui
802 1529 915 1561 curn
943 1512 1235 1575 est,'inquit,
1259 1512 1336 1560 ‘in
1362 1511 1520 1571 nobis,
1550 1510 1642 1576 ipsi
1667 1529 1865 1562 sumus:

125 1610 235 1644 cum
262 1594 369 1655 exit,
394 1593 688 1644 emorimur.'
749 1596 879 1658 Ergo
906 1604 954 1643 et
978 1594 1101 1658 ignis
1127 1612 1241 1643 cum
1267 1596 1329 1644 de
1355 1596 1545 1644 mundo
1570 1611 1656 1657 per
1680 1596 1868 1659 fulgura

126 1675 460 1739 proficiscitur,
506 1678 721 1726 mundus
771 1676 1018 1725 emoritur.
1107 1676 1179 1725 Hi
1228 1676 1637 1742 philosophorum
1685 1694 1869 1728 errores
1892 1692 1956 1728 22

127 1758 272 1806 etiarn
297 1767 346 1807 et
370 1759 502 1821 apud
530 1757 803 1807 Ecclesiam
837 1757 1134 1807 induxerunt
1168 1760 1406 1809 haereses.
1483 1761 1610 1810 Inde
1641 1764 1797 1813 αἰῶνες
1822 1771 1870 1810 et

53 1856 102 1884 20
126 1841 309 1888 formae
334 1841 502 1889 nescio
526 1857 665 1903 quae,
694 1839 810 1889 inde
834 1841 967 1903 apud
988 1840 1161 1889 Arium
1181 1840 1397 1890 Trinitas
1416 1841 1646 1903 nominis,
1666 1852 1714 1892 et
1737 1845 1870 1907 apud

126 1921 443 1971 Valentinum
470 1923 752 1971 Platonicus
778 1922 921 1971 furor.
995 1923 1123 1972 Inde
1149 1922 1419 1972 Marcionis
1446 1926 1584 1973 Deus
1610 1927 1783 1974 melior
1808 1927 1870 1975 de
1893 1938 1958 1984 23

127 2003 502 2066 tranquillitate:
552 2005 615 2052 ab
652 2004 828 2053 Stoicis
865 2003 997 2053 enim
1032 2015 1230 2053 venerat
1250 2023 1262 2065 3
1303 2015 1350 2053 et
1387 2014 1440 2053 ut
1475 2005 1641 2054 anima
1676 2006 1870 2057 interire

127 2087 327 2145 dicatur,
352 2085 593 2148 Epicurus
620 2086 904 2135 observatur
923 2104 934 2146 3
970 2095 1017 2135 et
1044 2097 1096 2135 ut
1121 2087 1278 2135 carnis
1305 2087 1546 2137 restitutio
1572 2098 1787 2153 negetur,
1808 2089 1871 2138 de

129 2185 252 2216 vana
289 2169 511 2216 omnium
548 2167 955 2231 philosophorum
990 2170 1159 2219 schola
1196 2171 1431 2231 sumitur3
1469 2179 1517 2220 et
1550 2170 1635 2220 ubi
1669 2170 1871 2221 materia

55 2271 103 2313 25
128 2268 240 2300 curn
287 2252 397 2299 Deo
439 2259 690 2313 aequatur,
717 2250 930 2300 Zenonis
979 2250 1239 2316 disciplina
1280 2261 1384 2313 est3
1437 2262 1485 2301 et
1527 2252 1612 2302 ubi
1650 2253 1771 2317 quid
1807 2255 1871 2303 de

128 2333 271 2397 igneo
300 2335 410 2382 Deo
434 2331 620 2396 legitur,
650 2332 932 2383 Heraclitus
958 2332 1230 2383 intervenit.
1295 2336 1485 2384 Eadem
1511 2335 1716 2386 materia
1737 2338 1871 2400 apud

129 2414 399 2465 haereticos
420 2423 468 2464 et
487 2415 808 2479 philosophos
829 2417 1088 2477 volutatur,
1108 2415 1240 2466 idem
1258 2426 1544 2468 retractatus
1562 2418 1871 2482 inplicantur.

188 2556 204 2581 1
239 2544 350 2583 enim
371 2559 452 2586 om.
477 2545 523 2583 K
540 2545 642 2595 (non
662 2546 703 2584 A
712 2549 724 2597 )
873 2559 1121 2598 corporeum
1142 2561 1314 2587 sensum
1335 2547 1428 2586 AK
1623 2564 1648 2588 2
1677 2557 1723 2591 ut
1745 2551 1869 2591 Dion.

132 2600 221 2638 Sto.
243 2612 325 2638 om.
353 2600 390 2639 T
540 2615 564 2650 4
594 2601 776 2641 animam
796 2601 842 2641 K
950 2609 1257 2642 commeantem
1278 2605 1406 2642 Arev.
1430 2604 1492 2655 (cf.
1518 2603 1630 2646 Lact.
1657 2606 1749 2646 inst.
1776 2619 1812 2654 1,
1831 2617 1872 2654 5,

135 2653 201 2705 17)
315 2667 340 2704 5
361 2654 558 2695 incomm.
575 2670 656 2697 om.
673 2655 719 2694 K
732 2658 832 2708 (non
845 2657 910 2711 A)
1020 2659 1047 2695 6
1067 2671 1136 2706 qu.
1150 2658 1250 2708 spir.
1277 2657 1315 2696 T
1410 2671 1430 2708 7
1452 2672 1554 2698 varo
1568 2659 1623 2698 Β1
1643 2674 1652 2699 :
1672 2673 1799 2700 varro
1815 2659 1873 2697 Β2

131 2722 157 2758 9
185 2721 233 2747 se
253 2722 335 2747 om.
357 2710 398 2748 B
416 2710 519 2761 (non
539 2710 605 2763 A)
718 2724 768 2750 10
799 2712 903 2751 Item
924 2712 1016 2751 hab.
1040 2711 1138 2750 CK:
1169 2726 1252 2752 om.
1276 2712 1381 2752 B1T
1489 2714 1566 2754 De.
1588 2728 1675 2754 cur.
1695 2716 1778 2764 qui.
1803 2713 1870 2752 K:

131 2763 296 2812 quidam
319 2777 403 2803 cur.
425 2764 466 2801 A
613 2771 655 2804 et
676 2765 759 2806 iud.
782 2780 864 2806 ass.
888 2781 971 2806 om.
995 2766 1042 2804 K
1059 2769 1161 2815 (non
1182 2767 1247 2821 A)
1411 2781 1455 2807 1[
1487 2768 1594 2819 ass.]
1617 2769 1815 2808 dixerunt
1842 2770 1879 2808 T

137 2829 183 2866 13
213 2817 331 2867 Epic.
353 2831 408 2858 ex
425 2824 481 2858 at.
505 2819 599 2859 dett.
739 2833 786 2871 15
816 2822 1022 2871 gubernat
1041 2821 1082 2860 Β
1241 2826 1290 2862 16
1317 2836 1443 2873 quam
1465 2853 1474 2863 .
1500 2853 1509 2863 .
1535 2853 1544 2863 .
1567 2823 1691 2862 nobis
1712 2823 1807 2863 add.
1830 2824 1872 2862 in

134 2885 270 2923 marg.
299 2872 337 2911 T
494 2887 539 2924 17
571 2874 674 2914 exiit
696 2875 731 2914 C
749 2875 863 2926 (cum
883 2876 992 2916 codd.
1023 2876 1187 2915 Tertull.
1210 2877 1271 2916 ad
1287 2883 1371 2917 nat.
1397 2892 1434 2929 2,
1460 2879 1502 2927 2)
1617 2878 1715 2929 per]
1738 2891 1814 2928 pre
1842 2878 1880 2916 T

138 2926 186 2964 18
215 2927 371 2979 emon]
410 2934 452 2968 et
491 2942 594 2969 mor.
633 2929 670 2968 T
827 2945 880 2970 20
922 2931 1042 2983 inde]
1083 2931 1237 2971 deinde
1267 2931 1308 2971 Β
1481 2932 1601 2972 trinis
1642 2932 1804 2971 nomini
1842 2932 1880 2971 T

135 2991 186 3017 22
214 2981 265 3019 ab
283 2982 463 3022 histiciis
485 2983 536 3023 Cl
692 2990 735 3024 et
755 2990 800 3024 ut
819 2985 911 3038 am]
933 2992 978 3026 ut
996 2999 1064 3026 an.
1090 2985 1136 3024 K
1318 3000 1370 3038 23
1399 2993 1442 3026 et
1463 2994 1508 3026 ut
1529 2986 1638 3038 can]
1659 2993 1704 3026 ut
1723 2999 1806 3026 car.
1830 2987 1876 3026 K

136 3047 186 3083 24
217 3036 346 3087 vana]
365 3049 450 3076 una
475 3037 514 3076 T
508 3042 577 3079 ert.
589 3045 766 3090 praescr.
791 3040 903 3080 lzaer.
928 3053 950 3090 7
1062 3047 1104 3081 et
1126 3039 1217 3092 ubi]
1239 3047 1284 3081 ut
1304 3042 1374 3081 ubi
1399 3042 1448 3082 Cl
1616 3054 1666 3091 27
1698 3041 1809 3081 idem
1829 3048 1873 3082 et

136 3094 236 3128 retr.
256 3089 358 3130 CK:
378 3092 420 3131 id
441 3098 508 3132 est
528 3099 734 3133 retractus
755 3093 794 3132 Β
903 3095 1127 3145 inplicatur
1146 3096 1253 3136 BT:
1285 3097 1575 3147 repplicantur
1595 3095 1640 3133 K
1657 3110 1665 3135 :
1695 3108 1778 3136 om.
1803 3097 1844 3135 A
