2176 3424
485 128 1114 179 ETYMOLOGIARVM
1155 129 1283 176 LIB.
1324 128 1471 176 VIII.
1513 127 1557 175 ix

152 259 380 320 miscitur,
432 268 484 307 ut
532 274 701 306 cruore
750 256 998 321 sanguinis
1046 255 1234 305 facilius
1281 264 1620 320 provocentur.
1698 259 1892 319 Hydro-
1916 273 1970 307 12

152 341 319 391 mantii
361 342 423 390 ab
469 357 597 403 aqua
639 339 770 389 dicti.
846 342 935 388 Est
977 339 1109 388 enim
1156 338 1501 402 hydromantia
1547 339 1596 387 in
1633 355 1790 402 aquae
1824 339 1891 388 in-

148 425 401 487 spectione
426 423 624 470 umbras
655 423 956 470 daemonum
992 438 1208 481 evocare,
1237 430 1285 470 et
1310 420 1546 483 imagines
1572 422 1649 469 vel
1675 420 1893 470 ludifica-

148 504 305 554 tiones
339 522 508 553 eorum
540 504 717 564 videre,
746 503 912 567 ibique
944 504 1007 551 ab
1042 503 1110 552 eis
1141 502 1305 566 aliqua
1336 504 1520 563 audire,
1549 502 1635 551 ubi
1667 502 1892 552 adhibito

101 601 123 641 5
149 585 384 650 sanguine
428 586 574 635 etiam
622 586 802 634 inferos
850 585 1168 648 perhibentur
1220 584 1466 633 sciscitari.
1542 585 1694 645 Quod
1736 601 1891 648 genus
1940 598 1994 644 13

147 667 462 716 divinationis
492 686 520 716 a
554 667 712 716 Persis
749 669 896 716 fertur
929 668 1162 716 adlatum.
1236 670 1392 715 Varro
1427 665 1546 715 dicit
1576 664 1892 714 divinationis

147 759 377 813 quattuor
410 767 516 799 esse
547 766 738 812 genera,
766 758 957 808 terram,
986 765 1178 811 aquam,
1215 764 1380 797 aerem
1417 757 1464 796 et
1500 747 1679 810 ignem.
1754 746 1892 794 Hinc

145 832 492 896 geomantiam,
502 832 911 895 hydromantiam,
931 830 1300 891 aeromantiam,
1312 829 1670 894 pyromantiam
1690 830 1888 878 dictam.

149 914 315 963 Divini
352 914 483 974 dicti,
512 914 650 977 quasi
688 915 783 963 deo
820 915 982 977 pleni:
1035 913 1291 962 divinitate
1325 912 1457 962 enim
1491 929 1542 960 se
1568 913 1742 975 plenos
1767 910 1893 959 adsi·
1917 922 1974 968 14

75 1012 124 1040 10
147 998 335 1045 mulant
372 1006 419 1046 et
455 996 634 1044 astutia
670 997 884 1058 quadam
920 997 1230 1044 fraudulenta
1263 994 1547 1044 hominibus
1581 995 1742 1042 futura
1779 1009 1892 1041 con-

147 1077 339 1126 iectant.
417 1079 531 1126 Duo
566 1086 678 1126 sunt
712 1074 930 1143 [autem]
959 1094 1138 1140 genera
1168 1076 1512 1127 divinationis:
1549 1093 1624 1125 ars
1660 1085 1708 1124 et
1744 1077 1888 1123 furor.

147 1161 483 1208 Incantatores
501 1159 619 1208 dicti
640 1169 767 1218 sunt,
790 1159 874 1221 qui
898 1167 1052 1207 artem
1073 1158 1233 1208 verbis
1249 1167 1502 1222 peragunt.
1542 1156 1697 1206 Arioli
1714 1158 1888 1216 vocati,
1916 1169 1982 1218 15,
1995 1160 2054 1206 16

143 1243 498 1304 propterquod
536 1241 663 1289 circa
699 1258 803 1289 aras
842 1242 1085 1289 idolorum
1124 1241 1329 1289 nefarias
1366 1257 1535 1304 preces
1570 1239 1816 1299 emittunt,
1844 1249 1891 1287 et

143 1323 334 1371 funesta
368 1322 603 1371 sacrificia
637 1324 860 1381 offerunt,
895 1322 1051 1385 iisque
1085 1322 1450 1371 celebritatibus
1484 1323 1786 1370 daemonum
1825 1337 1892 1369 re-

35 1434 37 1437 ·
73 1424 117 1463 15
143 1420 323 1466 sponsa
364 1404 625 1467 accipiunt.
701 1404 1003 1467 Haruspices
1044 1404 1328 1468 nuncupati,
1367 1406 1505 1467 quasi
1548 1406 1779 1452 horarum
1824 1405 1892 1451 in-
1914 1416 1968 1465 17

143 1494 417 1548 spectores:
456 1488 561 1534 dies
595 1485 727 1534 enim
762 1494 810 1534 et
843 1487 986 1534 horas
1018 1485 1068 1533 in
1093 1486 1297 1549 agendis
1324 1485 1532 1549 negotiis
1559 1485 1891 1549 operibusque

144 1569 440 1627 custodiunt,
459 1577 505 1616 et
531 1566 651 1630 quid
677 1583 763 1630 per
783 1568 972 1630 singula
997 1575 1220 1631 tempora
1240 1568 1500 1617 observare
1521 1569 1700 1616 debeat
1721 1569 1887 1627 homo,

145 1646 418 1697 intendunt.
495 1649 564 1696 Hi
592 1649 738 1697 etiam
764 1658 873 1697 exta
898 1650 1147 1712 pecudum
1175 1649 1455 1712 inspiciunt,
1477 1658 1525 1698 et
1551 1667 1608 1699 ex
1634 1649 1703 1699 eis
1730 1652 1890 1699 futura

143 1729 444 1791 praedicunt.
518 1733 741 1793 Augures
775 1739 903 1789 sunt,
933 1730 1015 1792 qui.
1042 1732 1232 1779 volatus
1266 1730 1429 1779 avium
1468 1741 1515 1780 et
1553 1749 1699 1781 voces
1736 1734 1890 1782 inten-
1914 1736 1969 1783 18

72 1833 122 1861 20
141 1811 279 1869 dunt,
307 1811 500 1874 aliaque
526 1811 661 1874 signa
688 1828 847 1860 rerum
874 1813 949 1860 vel
982 1811 1351 1861 observationes
1385 1813 1655 1876 inprovisas
1682 1815 1889 1863 homini-

141 1893 231 1940 bus
259 1902 580 1942 occurrentes.
657 1895 798 1941 Idem
827 1902 874 1941 et
899 1893 1138 1956 auspices.
1214 1896 1343 1943 Nam
1369 1895 1587 1958 auspicia
1618 1906 1731 1944 sunt
1762 1913 1888 1959 quae

140 1973 228 2021 iter
275 1973 509 2023 facientes
557 1975 834 2023 observant.
910 1975 1056 2023 Dicta
1105 1986 1218 2023 sunt
1266 1986 1431 2024 autem
1479 1977 1715 2041 auspicia,
1748 1980 1888 2041 quasi
1911 1995 1971 2041 19

140 2055 302 2103 avium
344 2055 541 2119 aspicia,
570 2065 617 2104 et
653 2056 866 2119 auguria,
897 2055 1036 2117 quasi
1073 2056 1236 2105 avium
1274 2057 1442 2120 garria,
1479 2060 1576 2107 hoc
1613 2069 1685 2108 est
1721 2061 1886 2109 avium

140 2153 285 2185 voces
311 2146 358 2186 et
383 2137 592 2200 linguae.
666 2139 793 2186 Item
826 2136 1097 2199 augurium,
1127 2138 1267 2200 quasi
1300 2138 1580 2202 avigerium,
1610 2145 1747 2204 quod
1772 2161 1886 2193 aves

68 2242 114 2281 25
137 2228 324 2279 gerunt.
376 2221 491 2268 Duo
517 2228 630 2267 sunt
654 2228 819 2267 autem
844 2236 1022 2282 genera
1041 2220 1371 2283 auspiciorum
1393 2241 1402 2271 :
1434 2239 1585 2270 unum
1613 2226 1677 2272 ad
1697 2227 1883 2287 ocuIOS,
1908 2245 1976 2278 20

137 2302 341 2349 alterum
384 2302 447 2349 ad
489 2318 628 2349 aures
672 2300 934 2363 pertinens.
1007 2303 1088 2350 Ad
1126 2304 1297 2351 oculos
1336 2303 1522 2352 scilicet
1558 2307 1748 2354 volatus
1768 2325 1780 2367 3
1821 2310 1884 2356 ad

137 2398 276 2430 aures
303 2399 394 2430 vox
419 2382 596 2431 avium.
671 2382 993 2445 Pythonissae
1018 2401 1045 2431 a
1072 2385 1248 2446 Pythio
1276 2385 1509 2448 Apolline
1543 2388 1717 2447 dictae,
1748 2392 1883 2452 quod
1906 2404 1960 2438 21

137 2463 175 2511 is
209 2474 377 2514 auctor
411 2464 552 2512 fuerit
595 2463 862 2513 divinandi.
936 2466 1185 2528 Astrologi
1228 2465 1360 2526 dicti,
1391 2483 1450 2515 eo
1488 2470 1623 2530 quod
1661 2470 1710 2517 in
1742 2472 1882 2520 astris
1904 2484 1967 2520 22

196 2607 212 2632 1
247 2594 388 2633 colore
413 2594 488 2634 CT
595 2602 898 2635 revocarentur
918 2595 964 2634 K
1072 2596 1353 2637 Ydrornantia
1373 2596 1419 2635 K
1528 2613 1552 2637 2
1582 2613 1691 2651 aqua
1712 2603 1820 2652 insp.
1851 2603 1888 2641 T

137 2662 162 2698 3
183 2649 342 2687 umbris
363 2648 404 2686 Β
486 2654 528 2688 et
549 2662 700 2688 vocare
728 2650 766 2689 T
843 2664 868 2700 4
890 2651 1031 2700 ibique
1055 2681 1063 2690 .
1086 2681 1095 2690 .
1119 2681 1128 2690 .
1154 2653 1299 2690 audire
1321 2666 1403 2693 om.
1427 2654 1465 2692 T
1569 2668 1593 2705 5
1615 2658 1810 2695 suscitari
1829 2657 1879 2695 Cl

138 2705 164 2741 6
192 2716 314 2742 varra
336 2704 419 2743 div.
442 2717 512 2753 qu.
536 2704 638 2742 dicit
658 2703 699 2741 Β
808 2706 832 2742 8
865 2706 1017 2745 dictam
1039 2719 1119 2746 om.
1146 2705 1203 2744 Β1
1317 2720 1361 2745 11
1385 2714 1525 2748 autem
1547 2710 1637 2751 hab.
1663 2711 1763 2751 CT:
1793 2725 1875 2752 om.

139 2756 226 2795 ΒΚ
321 2771 369 2797 12
398 2759 469 2807 qui
491 2771 577 2797 rem
596 2758 668 2797 K:
700 2772 754 2797 an
773 2759 870 2809 quia
890 2773 976 2799 rem
995 2763 1008 2800 2
1107 2773 1154 2810 14
1185 2762 1497 2802 celebrantibus
1517 2763 1558 2802 Β
1661 2777 1707 2815 15
1737 2766 1877 2804 Auru-

138 2813 276 2862 spices
302 2813 357 2851 T:
389 2813 468 2851 Ar-
488 2812 611 2851 BCK
722 2826 766 2862 17
790 2815 910 2866 quid]
934 2828 1015 2864 que
1035 2814 1076 2851 Β
1190 2817 1236 2854 18
1259 2815 1318 2854 Hi
1341 2847 1349 2856 .
1375 2847 1385 2856 .
1406 2847 1416 2856 .
1441 2820 1691 2868 praedicunt
1712 2833 1792 2860 om.
1816 2820 1877 2858 K1

143 2879 192 2916 19
221 2867 469 2916 praedicant
490 2866 601 2906 B¹C¹
688 2880 743 2906 ex
763 2866 805 2905 Β
888 2883 940 2908 2ο
968 2869 1106 2919 alique
1134 2869 1170 2908 T
1249 2871 1443 2910 homines
1463 2871 1549 2912 BT
1566 2875 1732 2924 (etfort.
1755 2874 1874 2926 Iszd.)

139 2933 188 2959 21
220 2921 347 2973 quae]
369 2922 440 2971 qui
459 2920 500 2958 Β
610 2935 660 2960 22
690 2935 755 2962 au.
777 2931 874 2964 sunt
894 2923 935 2961 Β
955 2938 964 2962 :
994 2929 1092 2963 sunt
1113 2923 1149 2962 C
1228 2938 1298 2975 qu.
1320 2939 1383 2966 av,
1401 2940 1436 2967 a.
1462 2939 1545 2968 om.
1570 2927 1615 2965 K
1721 2941 1772 2977 23
1803 2943 1875 2970 au-

139 2975 272 3024 spicia
291 2975 495 3016 BCTUV
510 2977 612 3029 (non
635 2976 769 3027 Trin.)
879 2991 931 3027 24
952 2979 1121 3029 linguas
1137 2977 1248 3019 codd.
1336 2981 1447 3020 idem
1463 2981 1509 3018 K
1616 2994 1667 3031 25
1689 2997 1754 3024 au.
1775 2991 1874 3024 sunt

137 3029 179 3067 Β
197 3043 205 3067 :
236 3036 333 3069 sunt
355 3031 399 3069 K
506 3032 771 3082 auspicorum
794 3031 841 3071 C1
861 3047 870 3072 ι
898 3033 992 3072 auis
1011 3034 1202 3084 picorum
1232 3033 1269 3072 T
1419 3050 1468 3086 27
1500 3050 1602 3076 aure
1623 3038 1667 3087 (i.
1683 3051 1714 3078 e.
1740 3052 1823 3078 -em
1838 3042 1872 3089 2)

136 3096 220 3122 vox
247 3083 284 3121 T
470 3085 641 3126 Pitones
665 3086 762 3125 ClT
920 3101 943 3126 a
963 3089 1050 3138 pito
1080 3087 1117 3126 T
1276 3089 1374 3130 dicti
1395 3090 1436 3129 Β
1589 3092 1641 3129 28
1671 3092 1739 3133 his
1759 3094 1868 3134 codd.

138 3138 237 3178 dicti
257 3151 340 3178 om.
366 3139 411 3177 K
698 3156 706 3162 *-
