2176 3424
575 98 709 143 ETY
718 95 1205 144 MOLOGIARVM
1246 95 1313 141 LI
1324 96 1376 143 B.
1417 95 1461 140 X

144 226 323 290 grinus,
369 228 513 289 longe
554 243 583 274 a
625 225 782 288 patria
825 224 1030 287 positus,
1077 224 1200 272 sicut
1243 222 1532 286 alienigena.
1622 224 1889 281 Proiectus,
1913 226 2007 272 216

145 308 287 371 quasi
323 310 468 370 longe
504 317 551 355 et
591 309 762 370 procul
793 306 1030 366 iactatus3
1064 305 1190 354 sicut
1221 314 1268 354 et
1298 304 1540 368 produxit,
1569 303 1708 366 quasi
1745 320 1890 367 porro

143 390 281 438 illum
302 389 438 438 duxit
458 407 469 449 3
495 397 542 438 et
562 388 862 452 provocavit,
882 387 1021 450 quasi
1042 403 1186 450 porro
1204 387 1341 434 illum
1358 387 1564 434 vocavit.
1620 385 1887 444 ProiectUS,

143 489 287 534 porro
313 470 496 519 eiectus
522 487 579 518 ac
596 469 908 533 proiactatus,
933 471 1069 517 unde
1090 478 1138 517 et
1164 468 1317 532 (Virg.
1339 470 1462 516 Aen.
1487 486 1528 531 3,
1550 468 1667 532 699)
1689 487 1697 515 :

96 565 117 604 5
748 550 1075 613 Proiectaque
1113 567 1227 598 saxa
1246 569 1257 610 3

141 631 193 680 id
219 641 291 680 est
316 649 461 697 porro
491 633 679 681 iactata.
756 631 1076 695 Proscriptus,
1106 631 1244 680 cuius
1278 632 1412 680 bona
1445 633 1627 694 palam
1642 640 1690 680 et
1723 639 1890 693 aperte
1913 637 1998 686 217

142 713 432 763 scribuntur.
509 713 841 776 Praescriptus
881 713 1107 762 ordinem
1140 713 1396 776 significat,
1427 713 1553 761 sicut
1587 722 1635 762 et
1661 711 1891 776 praescri-

140 795 334 857 ptiones
360 797 493 859 apud
514 795 900 844 iurisconsultos.
971 795 1274 854 Procinctus‚
1296 794 1553 858 expeditus
1575 804 1622 843 et
1642 803 1856 842 armatus
1877 812 1890 854 3
1911 790 2000 836 218

141 878 274 924 unde
301 886 348 925 et
376 876 453 924 ‘in
488 876 744 939 procinctu
763 879 786 935 ²,
816 876 866 925 id
893 885 966 925 est
992 894 1106 924 cum
1135 876 1249 925 belli
1275 894 1423 924 causa
1447 894 1583 925 arma
1609 877 1886 924 sumebant.

70 973 118 1001 10
141 959 470 1018 PraecinctUS,
499 975 559 1006 eo
593 960 730 1021 quod
762 967 877 1007 ante
911 975 963 1006 se
995 968 1146 1022 ponat
1179 958 1383 1021 aliquid,
1411 975 1511 1021 quo
1545 958 1885 1021 praecingitur.

139 1041 286 1088 Vnde
313 1049 360 1088 et
391 1041 453 1088 de
487 1039 709 1088 Domino
740 1039 929 1088 dictum
965 1050 1038 1088 est
1065 1039 1299 1104 (Iohann.
1328 1057 1400 1102 13,
1423 1039 1501 1104 5):
1545 1040 1888 1089 ‘Praecinctus

139 1130 212 1169 est
255 1121 421 1180 linteo,
460 1130 507 1170 et
540 1121 656 1169 lavit
695 1123 849 1183 pedes
890 1121 1246 1185 discipulorum
1290 1124 1524 1170 suorum.'
1596 1124 1788 1171 Praedo
1817 1132 1888 1171 est
1913 1136 2003 1183 219

139 1202 223 1264 qui
239 1204 527 1266 populando
547 1202 758 1251 alienam
779 1202 1082 1266 provinciam
1101 1203 1288 1252 invadit
1313 1224 1320 1253 :
1348 1206 1533 1267 praedo
1558 1204 1622 1252 ab
1641 1204 1888 1267 abigendo

138 1285 342 1347 praedas
369 1283 529 1332 dictus
553 1303 564 1344 3
602 1293 649 1333 et
674 1287 859 1348 praedo
885 1284 969 1348 qui
995 1287 1229 1349 praedam
1251 1286 1413 1335 habet.
1490 1287 1769 1347 Praedator,
1791 1287 1888 1334 hoc

66 1381 112 1422 15
138 1374 210 1413 est
235 1364 314 1413 cui
340 1366 403 1413 de
429 1367 610 1428 praeda
636 1366 845 1414 debetur
876 1366 1077 1430 aliquid.
1154 1367 1410 1431 Plagiator‚
1441 1370 1531 1417 ἀπὸ
1553 1371 1635 1417 τοῦ
1666 1370 1884 1435 πλαγίου,
1910 1386 2012 1421 220

136 1443 187 1492 id
213 1452 286 1492 est
312 1443 490 1503 oblico,
520 1446 656 1507 quod
682 1462 784 1492 non
804 1455 936 1493 certa
955 1445 1033 1494 via
1057 1455 1300 1509 grassatur
1321 1449 1408 1496 sed
1427 1446 1726 1511 pelliciendo
1742 1446 1882 1495 dolis.

138 1524 327 1574 Piratae
353 1535 466 1574 sunt
492 1527 766 1589 praedones
794 1527 1036 1586 maritimi,
1065 1528 1128 1576 ab
1155 1527 1389 1577 incendio
1415 1528 1615 1577 navium
1636 1537 1887 1578 transeun-

135 1607 256 1654 tium
295 1624 417 1670 quas
457 1607 719 1670 capiebant
756 1608 889 1657 dicti.
967 1611 1097 1658 Nam
1130 1612 1252 1673 πυρά
1284 1610 1408 1673 ignis
1440 1620 1524 1659 est.
1602 1610 1880 1673 Pugillator,
1908 1624 1994 1659 221

135 1687 218 1749 qui
244 1689 307 1736 de
333 1705 482 1736 manu
500 1687 549 1735 in
571 1705 719 1737 manu
741 1707 1060 1739 nummorum
1080 1691 1268 1755 aliquid
1288 1692 1543 1740 subtrahit.
1609 1694 1881 1752 Peculator,

60 1789 110 1817 20
134 1786 222 1832 pro
270 1786 330 1817 eo
379 1771 515 1832 quod
556 1770 616 1818 sit
665 1773 905 1834 pecuniae
946 1772 1175 1835 publicae
1218 1775 1548 1822 defraudator.
1641 1773 1881 1833 Proditor,

132 1867 220 1914 pro
253 1868 313 1900 eo
348 1853 484 1914 quod
523 1852 718 1915 detegit.
797 1855 924 1902 Item
963 1854 1184 1917 proditor
1221 1855 1451 1918 perditor,
1492 1865 1544 1904 ut
1583 1854 1736 1919 (Virg.
1756 1857 1879 1903 Aen.

139 1950 177 1992 1,
201 1933 315 1996 252)
340 1952 349 1981 ε

940 2016 1097 2065 Vnius
1135 2018 1201 2066 ob
1238 2017 1358 2066 iram

802 2099 1067 2159 prodimur.

56 2198 105 2238 25
132 2178 369 2237 Perfidus,
398 2177 513 2240 quia
532 2179 872 2227 fraudulentus
899 2189 972 2228 est
993 2189 1040 2229 et
1057 2180 1162 2229 sine
1187 2183 1296 2241 fide,
1318 2184 1456 2244 quasi
1478 2184 1690 2245 perdens
1712 2185 1877 2233 fidem.
1906 2201 2002 2236 222

133 2259 373 2320 Periurus,
390 2259 506 2322 quia
532 2276 735 2323 perpere
761 2259 899 2321 iurat,
930 2261 979 2310 id
1006 2270 1079 2310 est
1098 2264 1226 2311 male
1252 2264 1389 2312 iurat.
1466 2264 1880 2314 Periurusautem

188 2403 204 2427 1
238 2387 405 2437 aligena
433 2387 508 2427 Tl:
541 2390 836 2439 alienigenena
862 2390 909 2429 Cl
1023 2404 1046 2429 2
1076 2391 1194 2441 prod.
1216 2395 1256 2432 sl
1274 2393 1392 2443 quasi
1414 2393 1470 2431 Β1
1597 2407 1622 2444 3
1643 2394 1759 2446 voc.]
1783 2409 1880 2445 pro-

129 2444 294 2483 vocavit
324 2443 360 2481 T
480 2458 503 2493 4
531 2446 812 2494 praeiactatus
832 2444 981 2483 BCIK
1106 2460 1130 2496 5
1161 2448 1492 2498 proiectaquexa
1514 2448 1565 2487 Cl
1676 2451 1702 2487 6
1724 2450 1791 2489 eid
1813 2457 1877 2489 est

133 2498 208 2538 C1:
237 2499 356 2548 quasi
375 2497 415 2536 Β
438 2498 539 2549 (non
559 2499 586 2536 I
587 2505 599 2550 )
767 2499 985 2539 Proiectus
1007 2514 1105 2541 corr.
1133 2502 1376 2542 Praeiectus
1402 2508 1450 2542 ut
1468 2503 1546 2544 vid.
1569 2504 1610 2542 Β
1758 2506 1876 2544 cuius

128 2582 138 2592 .
167 2583 178 2594 .
199 2582 209 2592 .
232 2553 355 2592 scrib.
377 2565 458 2591 om.
487 2552 535 2592 C'l
668 2567 688 2602 7
726 2554 915 2594 scribunt
944 2554 1097 2604 T(non
1117 2557 1182 2609 A)
1293 2572 1319 2608 9
1350 2571 1388 2597 u.
1413 2564 1455 2597 et
1477 2559 1697 2608 procincto
1720 2573 1814 2598 cum
1835 2561 1876 2598 Β

135 2621 183 2646 10
221 2606 321 2658 quo]
347 2620 422 2656 pro
445 2606 486 2644 Β
672 2621 719 2657 13
760 2609 844 2648 inv.
867 2622 984 2660 prov.
1013 2609 1051 2647 T
1049 2611 1152 2659 fort.
1182 2616 1277 2650 recte
1463 2626 1510 2663 14
1551 2613 1800 2664 Praedator]
1823 2615 1871 2663 cf.

128 2660 243 2700 Serv.
277 2659 335 2699 ad
359 2661 466 2700 Aen.
501 2674 541 2711 3,
571 2675 651 2700 222
830 2675 877 2713 15
909 2664 994 2716 cui]
1027 2665 1098 2714 qui
1126 2665 1221 2703 ΑΚ
1249 2667 1350 2718 (non
1380 2667 1422 2717 I)
1535 2681 1589 2706 cm
1622 2669 1872 2707 devehitur?

133 2719 182 2755 16
210 2716 352 2764 obligo
375 2715 473 2754 C1K
500 2769 502 2771 Ι
686 2716 775 2767 via]
796 2718 836 2756 vi
858 2717 906 2757 Cl
1128 2721 1323 2770 graditur
1343 2720 1389 2758 K
1651 2723 1747 2774 sed]
1772 2728 1814 2761 et
1842 2722 1877 2761 T

132 2772 181 2824 18
202 2769 372 2819 capiunt
387 2769 545 2819 B(non
563 2770 606 2822 I)
693 2772 782 2821 pira
809 2771 864 2811 T:
885 2786 993 2823 pyro
1011 2773 1110 2823 (pi-)
1127 2773 1301 2814 BCJK:
1322 2776 1396 2826 πῦρ
1411 2789 1500 2815 recc.
1618 2789 1666 2826 19
1686 2777 1869 2828 numm.]

130 2837 258 2862 unum
277 2825 428 2863 horum
451 2823 496 2862 K
630 2839 683 2864 20
712 2839 789 2876 pro
811 2840 863 2866 eo
883 2841 964 2868 om.
993 2827 1041 2866 Cl
1063 2843 1071 2867 :
1101 2835 1281 2879 propter
1299 2829 1341 2867 Β
1363 2831 1464 2882 (non
1485 2830 1573 2879 AI)
1715 2844 1764 2871 21
1798 2832 1870 2870 de-

130 2884 247 2928 teget
270 2878 320 2918 Cl
405 2879 516 2917 idem
537 2878 652 2918 AK:
681 2885 724 2919 et
743 2881 844 2920 item
874 2881 911 2919 T
985 2883 1195 2935 perditor]
1217 2897 1296 2933 per
1315 2883 1382 2924 K:
1414 2899 1498 2925 om.
1523 2885 1565 2921 A
1679 2899 1729 2934 24
1771 2898 1868 2935 pro-

132 2932 267 2971 dimus
297 2932 366 2983 (ex
391 2935 504 2982 per-)
534 2932 581 2971 K
777 2947 830 2985 25
870 2936 1060 2976 Perfides
1091 2936 1127 2976 T
1148 2943 1241 2976 ante
1269 2951 1365 2980 corr.
1533 2939 1673 2990 quasi]
1705 2940 1800 2989 quia
1839 2940 1874 2980 T

131 2988 184 3024 26
212 2985 427 3026 Periurius
448 2988 518 3038 qui
544 2987 581 3025 T
746 2991 917 3039 peiurus
934 2991 983 3030 C¹

190 3076 292 3112 1182
965 3095 996 3127 E
1016 3097 1042 3128 e
