2176 3424
1022 149 1293 197 ISIDORI

195 279 261 328 45
283 274 585 322 Mercurium
630 291 910 323 sermonem
954 276 1346 340 interpretantur.
1420 280 1550 328 Nam
1593 279 1707 329 ideo
1751 281 2027 330 Mercurius

281 356 419 417 quasi
464 356 656 406 medius
704 375 902 406 currens
940 358 1118 407 dicitur
1153 361 1442 423 appellatus,
1485 363 1622 424 quod
1663 379 1825 410 sermo
1868 372 2026 411 currat

280 440 405 486 inter
429 439 657 488 homines
683 439 890 488 medius.
946 442 1070 490 Ideo
1097 451 1144 490 et
1168 440 1340 506 Ἑρμῆς
1364 444 1566 504 Graece,
1594 446 1730 507 quod
1756 462 1931 504 sermo,
1950 447 2025 494 vel

280 519 626 584 interpretatio,
656 539 783 584 quae
807 524 871 571 ad
905 540 1183 573 sermonem
1218 525 1389 588 utique
1418 525 1642 588 pertinet,
1676 529 1888 590 ἑρμηνεία
1912 526 2028 576 dici-

185 600 257 657 46
280 610 368 650 tur.
411 605 535 651 Ideo
562 612 609 651 et
635 603 880 653 mercibus
907 622 1145 668 praeesse,
1166 606 1281 669 quia
1300 607 1426 656 inter
1441 609 1713 657 vendentes
1733 618 1781 657 et
1806 618 2026 659 ementes

279 701 439 733 sermo
466 686 519 733 fit
544 685 751 734 medius.
826 686 927 748 Qui
952 686 1066 736 ideo
1091 688 1288 752 fingitur
1312 690 1495 739 habere
1527 691 1718 753 pinnas,
1745 691 1860 753 quia
1885 691 2025 740 citius

277 764 426 812 verba
451 765 743 815 discurrunt.
806 770 955 817 Vnde
981 778 1028 818 et
1053 771 1194 819 velox
1219 779 1267 819 et
1292 788 1456 820 errans
1482 771 1730 821 inducitur
1751 793 1760 822 2
1796 774 1896 821 alas
1922 772 2025 822 eius

279 844 328 893 in
363 847 523 910 capite
560 858 608 897 et
644 849 695 897 in
727 850 939 913 pedibus
971 851 1243 915 significare
1268 854 1517 902 volucrem
1551 853 1653 903 fieri
1683 872 1770 918 per
1798 871 1909 903 aera
1935 872 2026 903 ser-

190 939 256 989 47
280 945 493 978 monem.
570 931 814 981 Nuntium
857 933 1060 992 dictum,
1107 935 1342 996 quoniam
1391 954 1477 999 per
1529 953 1810 985 sermonem
1859 939 2027 986 omnia

278 1011 491 1074 cogitata
516 1014 849 1064 enuntiantur.
912 1017 1036 1064 Ideo
1061 1027 1227 1065 autem
1254 1017 1367 1066 furti
1394 1019 1678 1081 magistrum
1705 1018 1891 1078 dicunt,
1911 1019 2024 1082 quia

278 1111 439 1143 sermo
465 1095 659 1145 animos
690 1096 999 1146 audientium
1034 1098 1167 1147 fallit.
1241 1100 1440 1163 Virgam
1471 1109 1618 1160 tenet,
1646 1118 1743 1163 qua
1775 1111 2025 1164 serpentes

185 1168 252 1227 48
278 1175 466 1237 dividit,
494 1176 545 1226 id
572 1187 646 1227 est
671 1196 875 1228 venena.
949 1182 1079 1229 Nam
1108 1183 1347 1231 bellantes
1380 1199 1438 1230 ac
1471 1181 1768 1231 dissidentes
1795 1182 2023 1246 interpre-

278 1268 382 1307 tum
423 1259 645 1309 oratione
687 1262 952 1323 sedantur,
1002 1265 1136 1312 unde
1172 1266 1447 1313 secundum
1486 1263 1679 1313 Livium
1711 1264 1858 1327 legati
1889 1264 2023 1327 pacis

276 1343 628 1391 caduceatores
671 1342 914 1392 dicuntur.
989 1344 1125 1393 Sicut
1163 1345 1311 1402 enim⁴
1339 1363 1425 1409 per
1461 1345 1648 1394 fetiales
1687 1346 1817 1394 bella
1842 1346 2021 1395 indice-

177 1432 249 1479 49
276 1422 469 1484 bantur,
497 1423 563 1472 ita
588 1442 681 1487 pax
706 1442 792 1488 per
818 1427 1167 1476 caduceatores
1194 1428 1357 1476 fiebat.
1405 1430 1617 1476 Hermes
1642 1437 1807 1476 autem
1833 1429 2021 1478 Graece

276 1505 455 1554 dicitur
496 1508 587 1555 ἀπὸ
628 1511 710 1570 τῆς
748 1510 998 1571 ἑρμηνείας,
1027 1509 1201 1558 Latine
1244 1510 1511 1573 interpres3
1563 1510 1647 1573 qui
1689 1510 1755 1559 ob
1794 1509 2020 1558 virtutem

277 1590 640 1651 multarumque
663 1589 841 1638 artium
868 1590 1125 1639 scientiam
1151 1591 1487 1655 Trimegistus,
1511 1591 1561 1640 id
1587 1602 1659 1641 est
1684 1602 1756 1641 ter
1781 1591 2021 1640 maximus

276 1670 560 1719 nominatus
595 1681 681 1721 est.
756 1672 859 1722 Cur
893 1682 1059 1723 autem
1103 1691 1217 1722 eum
1254 1674 1414 1738 capite
1451 1673 1631 1722 canino
1667 1675 1870 1738 fingunt,
1900 1675 2021 1723 haec

275 1752 398 1800 ratio
440 1753 630 1814 dicitur,
659 1757 795 1817 quod
838 1755 962 1804 inter
1003 1755 1171 1805 omnia
1211 1756 1441 1805 animalia
1482 1756 1616 1805 canis
1654 1755 2021 1820 sagacissimum

183 1846 251 1894 50
274 1851 429 1897 genus
455 1845 502 1884 et
527 1836 782 1900 perspicax
806 1838 1059 1886 habeatur.
1135 1841 1347 1887 Martem
1383 1841 1533 1887 deum
1559 1839 1676 1888 belli
1702 1856 1808 1888 esse
1834 1839 2017 1899 dicunt,

276 1927 322 1965 et
367 1919 580 1966 Martem
618 1921 919 1982 appellatum
964 1919 1079 1982 quia
1115 1937 1201 1983 per
1236 1919 1363 1969 viros
1400 1929 1656 1983 pugnatur,
1697 1930 1749 1968 ut
1786 1920 1846 1969 sit
1885 1923 2020 1969 Mars

276 2014 380 2048 mas
398 2017 411 2059 3
447 1998 560 2048 licet
586 2009 634 2048 et
659 1999 749 2049 tria
775 2000 871 2049 sint
896 2017 1075 2063 genera
1100 2003 1530 2061 consuetudinum,
1560 2001 1685 2050 sicut
1714 2003 2017 2065 Scytharum,

275 2082 360 2128 ubi
403 2090 451 2129 et
487 2081 698 2131 feminae
736 2093 783 2131 et
809 2082 896 2131 viri
932 2082 982 2131 in
1019 2100 1185 2147 pugna
1221 2093 1368 2132 eunt:
1413 2086 1738 2143 Amazonum,
1766 2083 1851 2132 ubi
1888 2086 2021 2132 solae

275 2162 517 2211 feminae:
573 2166 917 2214 Romanorum
959 2164 1264 2228 aliarumque
1305 2165 1540 2228 gentium,
1579 2165 1665 2214 ubi
1713 2164 1803 2213 soli
1845 2182 2017 2214 mares.

197 2259 249 2308 51
277 2246 405 2293 Item
434 2246 646 2295 Martem
672 2248 812 2309 quasi
846 2248 1127 2296 effectorem
1163 2248 1410 2296 mortium.
1484 2249 1615 2295 Nam
1640 2264 1669 2294 a
1702 2249 1864 2296 Marte
1889 2265 2019 2296 mors

275 2336 600 2390 nuncupatur.
676 2330 831 2376 Hunc
865 2337 912 2377 et
948 2330 1226 2378 adulterum
1261 2328 1447 2389 dicunt,
1475 2328 1590 2391 quia
1618 2328 2019 2392 belligerantibus

187 2426 251 2474 52
274 2407 488 2458 incertus
514 2419 600 2458 est.
661 2411 812 2471 Quod
838 2427 952 2460 vero
977 2412 1114 2460 nudo
1138 2419 1337 2474 pectore
1362 2419 1468 2471 stat,
1497 2419 1550 2459 ut
1575 2410 1708 2459 bello
1733 2427 1785 2460 se
1811 2412 2020 2474 quisque

334 2550 349 2576 1
386 2539 621 2578 Mercurius
643 2552 783 2579 sermo
807 2541 880 2580 int.
901 2540 947 2578 K
963 2541 1064 2592 (non
1080 2541 1145 2593 A)
1229 2541 1535 2591 interpretatur
1547 2541 1714 2580 AlClK
1822 2556 1846 2580 2
1876 2544 2017 2595 quasi]

275 2594 373 2644 quia
393 2593 434 2630 B
761 2609 830 2644 qu.
851 2596 1141 2634 medicurrens
1171 2597 1283 2645 quod
1305 2595 1374 2636 K:
1408 2596 1562 2635 dicitur
1581 2596 1820 2646 appellatus
1839 2599 1952 2647 quod
1973 2598 2016 2635 A

275 2654 445 2687 currant
467 2648 515 2686 C1
718 2663 744 2698 3
777 2650 948 2697 medios
960 2651 1021 2689 Kl
1166 2663 1234 2700 qu.
1258 2650 1301 2687 in
1322 2663 1521 2690 sermone
1542 2657 1583 2690 et
1603 2652 1956 2701 interpretatione
1976 2652 2022 2689 K

274 2714 297 2752 5
328 2709 497 2755 praeest
513 2702 558 2740 K
679 2717 699 2752 7
731 2704 969 2743 discurrent
986 2704 1032 2743 K
1137 2705 1251 2755 eius]
1274 2705 1385 2743 enim
1405 2706 1446 2744 Β
1568 2708 1593 2744 8
1622 2719 1744 2744 aeras
1766 2705 1815 2744 G¹
1835 2721 1843 2746 :
1877 2719 2018 2746 aerem

274 2757 343 2797 B:
372 2771 472 2797 aera
491 2758 601 2796 enim
625 2757 669 2794 K
850 2772 914 2810 10v
930 2760 1180 2799 nuntiantur
1206 2759 1244 2797 T
1358 2761 1547 2811 magistri
1569 2761 1610 2799 Β
1779 2773 1823 2798 11
1855 2762 2018 2799 animas

277 2812 327 2850 Cl
454 2825 500 2862 13
532 2813 761 2851 sedeantur
783 2813 828 2850 K
951 2828 997 2864 14
1026 2814 1230 2866 praefecti
1251 2813 1340 2853 ales
1361 2814 1402 2852 Β
1523 2815 1657 2854 abella
1685 2815 1722 2853 T
1739 2816 1838 2864 (pro
1857 2817 1909 2853 ad
1929 2816 1966 2854 b.
1986 2817 2017 2866 .²)

275 2866 572 2906 indicebantur
584 2867 674 2906 dett.
695 2882 703 2906 :
725 2868 1036 2908 inducebantur
1053 2868 1177 2920 (-cib-
1191 2867 1254 2915 K)
1270 2868 1381 2909 codd.
1471 2881 1519 2919 15
1541 2882 1620 2920 per
1631 2882 1713 2907 om.
1732 2868 1779 2907 K
1858 2869 2018 2908 fiebant

276 2920 322 2958 K
429 2922 509 2962 dic.
531 2922 604 2960 Gr.
626 2920 666 2959 Β
806 2936 852 2972 17
882 2924 1062 2962 scientia
1081 2922 1176 2962 add.
1200 2921 1260 2960 K2
1391 2930 1458 2962 ter
1477 2937 1558 2963 om.
1583 2923 1629 2961 K
1766 2925 1814 2962 18
1843 2929 1908 2962 est
1929 2937 2012 2964 om.

275 2975 334 3012 Kl
465 2976 557 3028 cur]
580 2989 709 3026 quare
731 2976 766 3015 C
908 2992 961 3017 20
990 2982 1137 3017 essent
1158 2977 1194 3016 C
1338 2990 1386 3017 21
1419 2978 1475 3017 sit
1494 2991 1584 3017 mas
1605 2977 1751 3016 martis
1771 2978 1817 3016 K
1835 2978 1937 3029 (non
1953 2978 1994 3016 Α
2003 2986 2016 3028 )

277 3042 328 3067 22
350 3029 416 3069 lic.
433 3037 486 3071 tr.
513 3030 570 3070 T:
591 3037 633 3070 et
649 3030 714 3070 lic.
733 3037 783 3071 tr.
802 3032 847 3070 K
863 3034 965 3079 (non
977 3033 1039 3085 A)
1155 3038 1254 3071 sunt
1267 3032 1321 3070 Β1
1435 3045 1486 3082 23
1507 3033 1577 3071 ubi
1594 3033 1689 3072 fem.
1714 3031 1756 3070 A
1871 3046 1922 3082 24
1941 3032 2018 3072 soli

276 3097 357 3124 om.
381 3085 425 3123 K
439 3087 545 3136 ¹(non
566 3085 607 3124 A
616 3085 631 3135 )
744 3088 797 3124 26
825 3093 868 3125 et
890 3087 942 3126 de
962 3088 1028 3126 ad.
1058 3085 1096 3125 T
1201 3099 1252 3137 27
1284 3086 1492 3127 incertum
1520 3086 1558 3125 T

2053 628 2074 667 5

2052 1040 2098 1067 10

2048 1858 2097 1889 20

2047 2270 2094 2310 25
