2176 3424
991 304 1204 351 LIBER
1252 307 1349 352 XX

250 440 264 477 1
428 431 509 476 DE
549 444 751 477 MENsrs
839 430 1031 480 Primus
1071 434 1322 483 Daedalus
1362 452 1582 484 mensam
1620 446 1667 485 et
1704 439 1873 486 sellam
1912 441 2039 487 fecit,

291 509 551 573 Coquinae
576 521 865 575 apparatum
894 513 1098 576 Apicius
1125 514 1328 578 quidam
1356 518 1541 580 primus
1568 519 1842 582 conposuit,
1873 520 1957 584 qui
1991 520 2040 569 in

290 609 349 640 eo
374 592 650 657 absumptis
675 593 820 643 bonis
848 604 1004 644 morte
1030 599 1306 647 voluntaria
1336 599 1477 662 periit
1500 619 1512 660 3
1549 610 1596 649 et
1628 601 1815 661 merito,
1845 602 1959 666 quia
1986 604 2043 663 is,

289 673 373 736 qui
398 676 541 738 gulae
565 684 715 739 atque
741 677 971 726 edacitati
997 678 1157 740 servit,
1187 690 1235 729 et
1260 680 1476 730 animam
1505 691 1552 731 et
1583 700 1761 747 corpus
1795 683 2041 734 interficit.

291 756 371 805 Ab
412 773 498 805 esu
530 767 576 806 et
611 775 812 808 comesu
849 777 1049 809 mensae
1080 762 1264 810 factum
1306 764 1635 826 vocabulum3
1679 766 1869 813 nullum
1910 765 2041 815 enim
2069 787 2090 826 5

235 854 265 887 2
289 838 437 886 alium
466 839 616 889 habet
643 857 801 889 usum.
878 845 1039 891 Torus
1065 842 1243 892 dicitur
1267 862 1296 892 a
1323 845 1461 894 tortis
1489 846 1654 895 herbis
1682 864 1808 910 quae
1842 848 2043 897 adcum-

290 919 513 969 bentium
532 922 748 971 humeris
766 923 1125 987 subponuntur.
1189 925 1467 976 Stibadium
1487 928 1551 977 ab
1572 928 1818 992 stipitibus
1835 928 2039 989 dictum,

290 1002 429 1065 quasi
447 1003 713 1067 stipadium
733 1023 745 1065 3
771 1004 840 1054 sie
857 1005 989 1054 enirn
1007 1006 1139 1070 prius
1161 1018 1391 1072 coeptum
1414 1019 1500 1059 est.
1553 1010 1863 1060 Adcubitum
1881 1029 1908 1059 a
1929 1011 2042 1060 cibo

238 1089 268 1134 3
289 1094 533 1144 vocatum,
555 1088 694 1148 quasi
714 1089 777 1136 ad
796 1087 1014 1137 cibatum
1035 1091 1303 1152 epularum.
1358 1091 1656 1141 Convivium
1673 1095 1806 1156 apud
1824 1095 2041 1143 Graecos

287 1183 316 1214 a
359 1167 726 1231 conpotatione‚
770 1171 861 1218 ἀπὸ
903 1175 983 1219 τοῦ
1025 1176 1183 1220 ποτοῦ.
1258 1175 1408 1235 Apud
1453 1190 1543 1222 nos
1587 1191 1702 1223 vero
1739 1192 1768 1223 a
1810 1174 2040 1224 convictu
2070 1194 2118 1221 ιο

289 1250 469 1297 rectius
498 1252 789 1313 appellatur,
814 1254 890 1300 vel
924 1252 1040 1315 quia
1070 1253 1197 1302 vitae
1234 1255 1638 1306 conlocutionem
1671 1257 1836 1306 habet.
1912 1259 2040 1306 Item

288 1330 568 1379 convivium
607 1349 635 1380 a
672 1332 990 1384 multitudine
1023 1337 1428 1385 convescentium
1446 1356 1459 1399 3
1496 1355 1609 1386 narn
1647 1338 1834 1401 privata
1870 1356 2042 1388 mensa

290 1412 445 1462 victus
465 1424 550 1474 est,
571 1414 851 1464 convivium
879 1433 980 1465 non
1003 1427 1091 1466 est.
1165 1418 1392 1484 Convivii
1415 1419 1586 1482 triplex
1607 1430 1680 1469 est
1701 1422 1879 1469 modus
1900 1441 1908 1469 ε
1947 1420 2040 1470 dis-

289 1495 575 1556 cumbendi,
596 1497 793 1557 edendi,
823 1507 871 1547 et
892 1498 1112 1549 bibendi.
1189 1500 1575 1562 Discumbendi,
1601 1511 1653 1550 ut
1679 1502 1833 1567 (Virg.
1851 1505 1977 1552 Aen.
2001 1521 2039 1563 1,

292 1576 407 1641 708)
431 1597 439 1627 :
2069 1602 2114 1642 15

742 1661 884 1710 Toris
922 1662 1039 1711 iussi
1076 1663 1389 1713 discumbere
1427 1664 1582 1728 pictis.

289 1741 486 1789 Edendi
514 1750 561 1789 et
588 1741 812 1803 bibendi,
839 1753 892 1792 ut
920 1743 1073 1807 (Virg.
1098 1746 1223 1794 Aen.
1250 1763 1287 1806 1,
1313 1762 1369 1807 72
1378 1746 1429 1811 3)
1454 1766 1462 1794 :

425 1825 697 1887 Postquam
735 1824 891 1887 prima
929 1825 1067 1889 quies
1107 1828 1262 1890 epulis
1300 1844 1600 1891 mensaeque
1639 1838 1871 1889 remotae,

425 1913 634 1954 crateras
673 1923 854 1969 magno
892 1916 1113 1956 statuunt
1153 1917 1201 1957 et
1237 1908 1351 1957 vina
1389 1919 1641 1958 coronant.

225 1990 263 2030 11
427 1988 510 2034 DE
548 2002 700 2036 ESCIS.
777 1988 933 2039 Cibus
961 1991 1124 2039 dictus
1151 1990 1266 2053 quia
1291 1990 1481 2054 capitur
1506 2009 1602 2051 ore,
1626 1991 1767 2040 sicuti
1789 2010 1900 2041 esca
1926 1993 2041 2056 quia
2069 2011 2118 2038 20

290 2084 398 2116 eam
426 2085 480 2117 os
507 2069 653 2132 capit.
725 2070 898 2120 Victus
925 2071 1119 2135 proprie
1137 2082 1339 2121 vocatus
1366 2073 1479 2136 quia
1496 2075 1646 2122 vitam
1666 2075 1871 2135 retinet3
1907 2076 2041 2123 unde

237 2167 267 2201 2
292 2159 339 2197 et
365 2151 428 2198 ad
449 2149 617 2198 cibum
644 2168 819 2201 vocare
846 2152 1050 2203 invitare
1078 2153 1271 2203 dicitur.
1345 2154 1596 2208 Alimonia
1623 2155 1801 2204 dicitur
1821 2173 1880 2205 eo
1906 2156 2041 2219 quod

290 2232 394 2280 eius
428 2242 628 2295 sumptu
658 2250 835 2297 corpus
868 2237 1040 2283 alatur.
1095 2238 1266 2284 ⁴Hanc
1300 2237 1502 2286 iuvenes
1528 2237 1778 2300 accipiunt
1803 2239 1867 2287 ad
1891 2237 2042 2287 incre-

291 2321 530 2374 mentum,
553 2330 695 2364 senes
721 2317 784 2365 ad
802 2316 1216 2378 perseverantiam
1237 2336 1250 2379 3
1286 2334 1449 2381 neque
1470 2320 1602 2366 enirn
1623 2313 1888 2368 subsistere
1907 2329 2042 2383 pote-

291 2392 350 2442 rit
375 2411 489 2443 caro
522 2395 614 2445 nisi
649 2399 951 2446 confortetur
983 2398 1243 2448 alimentis.
1318 2399 1627 2449 Alimentum
1661 2400 1794 2450 enim
1825 2411 1911 2460 est,
1939 2418 2039 2464 quo
2065 2422 2115 2462 25

238 2485 269 2532 3
291 2475 466 2525 alimur
483 2495 496 2537 3
531 2477 823 2527 alimonium
849 2483 1014 2530 alendi
1041 2498 1171 2530 cura.
1244 2482 1494 2531 Afluentia
1515 2492 1798 2546 nuncupata
1814 2482 1954 2546 quasi
1974 2483 2041 2532 rei

349 2620 365 2645 1
400 2607 565 2646 detalus
586 2606 632 2646 K
848 2622 873 2659 3
903 2610 1136 2660 adsumptis
1157 2610 1198 2648 Β
1216 2626 1223 2650 :
1256 2611 1454 2650 assumtis
1478 2611 1566 2650 ΚΤ
1742 2613 1979 2663 voluptaria
1999 2611 2044 2650 K

292 2675 315 2709 4
346 2662 487 2711 guilae
509 2662 612 2712 (de)
642 2661 743 2701 TK:
775 2665 947 2715 regulae
972 2664 1021 2702 Cl
1175 2671 1300 2714 atque
1321 2679 1403 2704 om.
1425 2665 1466 2703 Β
1653 2678 1677 2716 5
1707 2680 1769 2707 co.
1794 2680 1934 2706 mesae
1954 2666 2010 2706 Β1
2033 2682 2040 2705 :

290 2729 505 2755 comesum
528 2730 622 2756 esse
644 2717 690 2755 K
876 2720 902 2756 6
931 2719 996 2758 ha.
1023 2732 1083 2760 us.
1106 2718 1285 2759 BCET:
1315 2733 1377 2761 us.
1399 2721 1466 2760 ha.
1488 2721 1578 2759 ΚΝ
1761 2722 1889 2773 quae]
1910 2723 1982 2771 qui
2011 2721 2048 2759 T

294 2784 315 2820 7
347 2771 583 2810 Stefadium
607 2772 718 2811 codd.
843 2774 869 2811 8
898 2774 1138 2824 stipiadium
1160 2773 1207 2812 K
1325 2789 1351 2824 9
1380 2776 1432 2814 ad
1454 2775 1503 2815 ci.
1524 2775 1673 2816 Aream
1704 2777 1756 2815 ad
1777 2777 1947 2815 cibitum
1972 2775 2048 2814 CT

289 2826 383 2872 foti.
408 2832 501 2865 recte
521 2841 530 2866 z
559 2827 756 2866 acibitum
776 2826 823 2865 K
840 2843 848 2867 ε
878 2829 932 2867 ad
953 2829 1134 2868 cubitum
1155 2829 1197 2867 Β
1326 2830 1532 2868 Convium
1553 2830 1610 2868 Β1
1798 2844 1848 2870 10
1877 2834 2042 2869 αποθου-

293 2895 416 2919 πουου
439 2881 473 2919 C
488 2895 496 2919 :
525 2885 743 2920 αποθοουου
763 2883 804 2920 Β
823 2897 831 2921 :
861 2886 1054 2923 αποθουου
1075 2883 1122 2922 Κ
1249 2897 1297 2933 13
1326 2884 1429 2936 non]
1453 2897 1604 2923 nomen
1630 2883 1667 2923 T
1789 2886 1836 2923 16
1865 2885 1981 2924 iussu
2001 2884 2043 2924 B

296 2937 345 2973 18
376 2937 554 2985 primum
576 2936 623 2974 K
719 2938 839 2986 quies
858 2952 941 2977 om.
967 2938 1018 2978 C1
1160 2951 1209 2990 19
1238 2946 1427 2978 crateres
1450 2939 1507 2978 C:
1537 2945 1703 2979 ceteras
1733 2939 1771 2978 T
1867 2953 2042 2989 magnos

294 2989 329 3028 C
350 2991 462 3040 (cum
489 2991 622 3042 Virg.)
831 3005 884 3031 20
913 2994 1025 3042 quod
1047 2992 1082 3032 C
1242 3007 1315 3033 ore
1335 3007 1419 3033 om.
1447 2992 1483 3031 C
1671 3005 1724 3044 25
1752 2995 1865 3043 quod
1886 2994 1938 3033 al.
1961 2993 2006 3032 K
2013 2994 2050 3032 T

293 3046 346 3082 26
373 3044 606 3085 Affluentia
630 3045 705 3085 CK
818 3060 889 3086 nu.
911 3054 976 3087 est
996 3060 1062 3098 qu.
1089 3047 1135 3085 K
