2176 3424
1095 156 1366 205 ISII)ORI

258 303 330 339 111
359 293 511 340 Talus
539 290 699 339 dictus
720 307 748 338 a
774 292 889 338 tolo.
967 291 1096 338 Nam
1124 291 1253 337 tolus
1281 296 1351 336 est
1379 289 1602 336 eminens
1629 289 1929 335 rotunditas:
1971 289 2104 336 unde

358 383 404 421 et
431 372 677 435 fastigium
720 371 891 435 templi
924 370 1122 418 rotundi
1166 371 1294 418 tolus
1338 378 1551 417 vocatur.
1625 371 1776 416 Talus
1807 378 1972 417 autem
2011 370 2103 418 sub

251 472 330 506 112
358 471 495 503 crura
537 464 623 513 est,
667 454 759 501 sub
799 455 899 501 talo
939 453 1172 500 calcanei.
1268 453 1425 500 Pedes
1477 468 1533 498 ex
1578 451 1767 498 Graeca
1806 451 2103 514 etymologia

357 554 542 585 nomen
570 535 723 585 sortiti
752 545 879 583 sunt.
958 537 1068 582 Hos
1100 533 1230 582 enim
1268 533 1443 581 Graeci
1470 533 1615 583 πόδας
1644 533 1830 591 dicunt,
1859 531 1943 595 qui
1969 533 2105 581 alter-

253 628 331 674 113
356 618 430 666 nis
458 617 676 666 motibus
703 618 810 665 solo
836 616 917 664 fixi
944 616 1196 664 incedunt.
1273 617 1477 663 Plantae
1502 632 1530 662 a
1556 613 1758 677 planitie
1775 623 2101 676 nuncupatae,
2130 639 2150 676 5

355 700 471 764 quia
502 717 604 748 non
638 700 894 758 rotundae,
925 707 978 745 ut
1011 697 1061 745 in
1097 695 1517 760 quadrupedibuS,
1555 713 1618 744 ne
1653 704 1778 744 stare
1812 711 1913 743 non
1950 695 2104 758 possit

355 783 494 845 bipes
521 784 688 841 homo,
709 781 797 830 sed
814 782 989 843 planae
1015 789 1164 842 atque
1190 779 1433 840 longiores
1455 779 1691 825 formatae
1713 786 1839 837 sunt,
1859 786 1912 825 ut
1930 776 2104 825 stabile

355 881 532 927 corpus
560 864 820 912 efficerent.
896 863 1021 910 Sunt
1046 870 1212 909 autern
1239 862 1437 922 plantae
1472 859 1738 908 anteriores
1772 867 1946 922 partes,
1977 875 2104 921 quae

251 956 329 1003 114
355 946 503 994 etiam
541 946 604 994 de
632 943 799 992 multis
827 943 1021 993 ossibus
1049 951 1293 991 constant.
1370 940 1532 990 Calcis
1559 940 1715 1004 prima
1741 957 1851 1003 pars
1878 942 2102 1003 plantae:

353 1045 381 1076 a
421 1029 547 1076 callo
591 1028 657 1074 illi
696 1042 882 1075 nomen
917 1024 1206 1088 inpositum,
1233 1040 1332 1086 quo
1373 1033 1548 1071 terram
1589 1023 1866 1082 calcamus3
1903 1020 2019 1069 hinc
2057 1030 2103 1070 et
2132 1048 2176 1075 10

249 1124 329 1173 115
354 1112 631 1158 calcaneus,
706 1110 876 1157 Solum
921 1106 1119 1155 inferior
1149 1122 1258 1169 pars
1294 1106 1448 1167 pedis,
1482 1103 1671 1152 dictum
1702 1103 1817 1166 quia
1854 1120 1914 1151 eo
1951 1112 2105 1151 terrae

355 1191 555 1254 vestigia
580 1190 906 1254 inprimimus.
981 1190 1079 1237 Sed
1117 1197 1163 1236 et
1190 1189 1350 1235 solum
1378 1185 1555 1235 dicitur
1581 1202 1730 1234 omne
1757 1187 1892 1248 quod
1917 1184 2104 1247 aliquid

354 1275 576 1332 sustinet,
621 1271 760 1335 quasi
796 1273 1044 1321 solidum:
1098 1271 1231 1317 unde
1272 1278 1319 1317 et
1358 1277 1483 1316 terra
1524 1269 1697 1326 solum,
1742 1268 1878 1329 quod
1927 1275 2105 1314 cuncta

355 1355 625 1415 sustineat,
661 1363 710 1403 et
736 1355 896 1402 solum
932 1351 1086 1416 pediS,
1117 1352 1253 1414 quod
1282 1359 1434 1405 totam
1462 1349 1679 1412 corporis
1711 1350 1894 1397 molem
1929 1357 2102 1411 portat.

249 1441 334 1488 116
356 1437 558 1486 Viscera
584 1454 687 1485 non
715 1445 906 1484 tantum
935 1433 1167 1482 intestina
1193 1433 1418 1491 dicimuS,
1449 1433 1536 1480 sed
1574 1430 1819 1493 quidquid
1854 1430 1945 1479 sub
1973 1429 2106 1478 corio
2134 1453 2176 1494 15

356 1530 442 1579 est,
471 1537 499 1568 a
536 1518 683 1578 visco,
715 1519 850 1580 quod
886 1527 959 1565 est
1002 1516 1127 1564 inter
1161 1524 1325 1563 cutem
1362 1524 1409 1562 et
1448 1530 1660 1562 carnem.
1752 1514 1879 1561 Item
1923 1511 2108 1561 viscera

357 1601 534 1660 vitalia,
564 1602 614 1649 id
641 1609 713 1648 est
741 1599 1037 1648 circumfusa
1063 1597 1225 1646 cordis
1252 1598 1374 1655 loca,
1395 1595 1534 1658 quasi
1560 1594 1762 1653 viscora,
1791 1611 1851 1642 eo
1877 1595 2013 1656 quod
2039 1594 2105 1642 ibi

254 1703 331 1752 117
361 1684 470 1742 vita,
502 1683 551 1731 id
579 1691 651 1731 est
678 1681 855 1740 anima,
886 1679 1180 1728 continetur.
1258 1680 1386 1726 Item
1424 1676 1609 1725 viscera
1643 1675 1804 1738 capita
1845 1692 2104 1724 nervorum

357 1784 414 1814 ex
442 1764 681 1827 sanguine
708 1773 754 1811 et
782 1761 940 1811 nervis
976 1762 1219 1824 copulata.
1297 1762 1423 1807 Item
1451 1760 1631 1818 lacerti,
1661 1757 1762 1807 sive
1788 1774 1962 1816 mures,
1994 1757 2107 1820 quia

357 1847 425 1896 sic
452 1847 502 1895 in
530 1845 732 1909 singulis
755 1843 989 1892 membris
1017 1842 1178 1891 cordis
1206 1843 1316 1890 loco
1344 1851 1457 1888 sunt
1486 1850 1537 1888 ut
1568 1856 1651 1888 cor
1686 1838 1733 1886 in
1770 1839 1933 1887 media
1960 1838 2106 1887 totius
2134 1860 2176 1886 2c

356 1928 573 1992 corporis
608 1937 758 1990 parte,
795 1928 1204 1989 appellanturque
1249 1940 1276 1971 a
1316 1921 1518 1971 nomine
1553 1920 1785 1970 similium
1820 1920 2105 1968 animalium

357 2012 450 2060 sub
467 2020 592 2059 terra
612 2007 1023 2058 delitescentium.
1083 2009 1209 2055 Nam
1230 2004 1346 2053 inde
1368 2003 1579 2052 musculi
1604 2020 1631 2050 a
1657 2001 1868 2050 murium
1891 2001 2107 2049 similitu-

254 2098 332 2145 118
359 2093 475 2142 dine
497 2112 505 2140 ι
533 2092 666 2140 idern
690 2092 836 2139 etiam
860 2099 907 2137 et
924 2090 1031 2148 tori,
1053 2089 1188 2150 quod
1206 2087 1303 2134 illic
1324 2086 1509 2134 viscera
1529 2095 1656 2133 torta
1675 2083 1946 2132 videantur.
2011 2085 2109 2133 Cor

358 2192 386 2223 a
412 2176 606 2223 Graeca
632 2171 964 2236 appellatione
1002 2169 1291 2228 derivatum,
1320 2169 1456 2230 quod
1483 2167 1549 2214 illi
1577 2166 1764 2230 καρδίαν
1789 2165 1973 2225 dicunt,
2008 2165 2108 2213 sive

357 2273 386 2305 a
424 2271 553 2304 cura.
597 2257 656 2303 In
684 2271 744 2302 eo
771 2252 901 2302 enim
924 2251 1085 2300 omnis
1112 2249 1393 2299 sollicitudo
1421 2259 1468 2296 et
1495 2249 1728 2296 scientiae
1754 2263 1901 2295 causa
1927 2256 2104 2294 manet.
2132 2267 2176 2306 25

361 2337 461 2399 Qui
488 2338 602 2385 ideo
628 2334 855 2399 pulmoni
881 2333 1072 2382 vicinus
1106 2340 1179 2379 est
1204 2342 1270 2391 ut,
1300 2347 1413 2378 cum
1441 2332 1509 2378 ira
1534 2330 1831 2388 accenditur,
1860 2329 2108 2390 pulmonis

362 2421 571 2467 humore
597 2426 913 2480 temperetur.
991 2413 1157 2462 Huius
1192 2415 1319 2461 duae
1344 2411 1548 2460 arteriae
1586 2420 1711 2470 sunt,
1742 2427 1767 2459 e
1794 2409 1974 2473 quibus
2001 2409 2112 2456 sini-

420 2562 435 2586 1
471 2562 495 2587 a
515 2548 600 2586 talo
621 2547 659 2586 T
736 2561 760 2596 4
791 2546 888 2596 quia
908 2546 979 2584 alt.
999 2544 1049 2582 C:
1086 2544 1156 2593 qui
1179 2542 1355 2581 internis
1372 2541 1417 2578 K
1498 2553 1522 2590 5
1552 2541 1735 2580 motibus
1755 2553 1837 2578 om.
1852 2539 1893 2577 B
1974 2542 2000 2577 6
2029 2546 2105 2578 sta.

362 2615 478 2654 poss.
499 2602 545 2640 K
564 2603 667 2653 (non
687 2601 748 2651 D)
886 2614 906 2649 7
938 2599 1076 2638 stabili
1099 2598 1169 2636 D:
1198 2596 1387 2636 stabilius
1408 2595 1453 2632 K
1577 2609 1604 2645 9
1633 2595 1704 2646 de]
1728 2609 1781 2633 ex
1805 2594 1840 2633 C
1946 2600 2111 2633 constat

363 2658 408 2696 K
516 2657 650 2706 prima
671 2669 753 2694 om.
780 2654 865 2693 KB
882 2663 984 2695 (non
997 2653 1059 2705 D)
1174 2651 1363 2702 plantae]
1380 2650 1507 2689 calcis
1533 2649 1571 2688 T
1736 2663 1784 2688 10
1813 2663 1837 2687 a
1858 2647 1984 2699 callo]
2005 2648 2109 2687 callo

362 2712 476 2752 enim
497 2711 537 2750 Β
661 2711 762 2761 quo]
784 2710 898 2759 quod
920 2708 961 2745 Β
1130 2720 1174 2744 11
1209 2707 1288 2746 dic.
1310 2706 1408 2755 ped.
1434 2705 1575 2743 Cante
1593 2717 1690 2744 corr.
1817 2704 1915 2753 quia
1933 2716 1984 2741 ex
1998 2703 2110 2752 quod

363 2772 411 2806 ut
427 2766 509 2806 vid.
531 2766 577 2804 K
690 2778 736 2802 12
767 2764 992 2812 vestigium
1016 2763 1055 2800 Β
1172 2774 1219 2810 13
1251 2766 1327 2800 ter.
1347 2773 1371 2798 a
1391 2760 1466 2798 sol.
1493 2759 1539 2797 K
1557 2774 1565 2798 :
1595 2765 1672 2797 ter.
1693 2759 1843 2798 solium
1864 2757 1904 2795 Β
1925 2759 2026 2810 (non
2046 2755 2107 2803 D)

363 2821 496 2873 quod]
511 2821 610 2870 quia
623 2833 672 2858 ex
682 2833 764 2869 qua
781 2818 835 2858 C:
866 2825 911 2857 ut
923 2814 1083 2869 K(non
1098 2816 1159 2864 D)
1275 2827 1323 2864 14
1344 2813 1478 2865 quod]
1496 2814 1595 2863 quia
1606 2812 1687 2852 BC
1785 2812 1880 2851 mol.
1894 2824 2011 2860 corp.
2026 2809 2112 2848 BD

368 2880 416 2916 16
445 2891 469 2915 a
489 2875 593 2914 fisco
622 2875 659 2914 T
771 2886 815 2921 17
849 2873 891 2911 id
912 2877 977 2911 est
997 2885 1079 2911 om.
1100 2870 1144 2908 K
1159 2872 1258 2922 (non
1278 2867 1339 2920 D)
1427 2869 1672 2907 circumcisa
1694 2868 1734 2905 Β
1842 2867 1918 2905 loc.
1942 2866 2057 2903 cord.
2081 2865 2116 2904 C

364 2945 430 2980 qu.
452 2931 617 2969 viscera
646 2929 683 2968 T
789 2940 925 2977 eoque
947 2927 1003 2965 ibi
1021 2925 1063 2964 Β
1218 2925 1266 2962 18
1296 2923 1564 2963 contineatur
1582 2922 1624 2960 Β
1734 2934 1822 2961 ner.
1849 2921 1890 2959 id
1911 2925 1976 2958 est
1996 2932 2051 2957 ex
2071 2920 2112 2957 Β

366 2998 414 3034 19
445 2986 555 3024 idem
584 2984 618 3022 C
798 2995 851 3020 20
880 2982 940 3020 sic
962 2994 1044 3019 om.
1073 2979 1120 3018 C¹
1265 2977 1395 3028 sing.]
1419 2977 1580 3017 cunctis
1601 2976 1642 3014 B
1787 2988 1871 3014 cor.
1897 2974 2050 3013 memb.
2071 2973 2112 3011 Β

365 3053 414 3078 21
446 3039 723 3089 apelaturque
746 3036 790 3074 K
963 3047 1015 3084 23
1046 3034 1176 3085 idem]
1201 3033 1299 3072 inde
1327 3031 1365 3070 T
1513 3030 1646 3082 quod]
1670 3031 1766 3080 quia
1785 3029 1824 3067 Β
1931 3034 2048 3067 torca
2069 3027 2114 3065 K

367 3097 420 3133 26
449 3093 542 3145 qui]
565 3090 732 3144 quodB
868 3103 916 3142 27
950 3089 993 3141 e]
1019 3102 1043 3128 a
1059 3088 1100 3127 Β
1222 3089 1262 3128 in
1285 3087 1455 3126 sinistra
1477 3085 1521 3125 K
