2176 3424
1068 133 1342 184 ISIDORI

241 265 306 311 28
331 260 418 310 sui.
458 264 652 321 Brutus,
667 262 1476 325 quasiobrutus,quiasensucaret.
1518 263 2077 323 Estenimsineratione‚

332 342 437 392 sine
457 343 734 407 prudentia.
810 345 959 393 Vnde
980 353 1028 392 et
1054 343 1135 391 ille
1158 343 1332 393 Iunius
1352 347 1534 394 Brutus
1559 362 1619 394 ex
1638 362 1803 395 sorore
1823 343 2080 408 Tarquinii

333 425 542 488 Superbi
567 425 777 489 genitus,
806 443 920 474 cum
947 427 1163 474 eundem
1197 442 1365 474 casum
1401 425 1596 476 timeret
1621 443 1770 490 quem
1795 428 1940 475 frater
1963 425 2081 474 inci-

330 508 482 568 derat,
511 508 596 571 qui
616 508 684 557 ob
709 507 903 557 divitias
929 517 977 556 et
1001 507 1314 570 prudentiam
1335 507 1399 557 ab
1423 511 1670 558 avunculo
1690 510 1845 558 fuerat
1869 506 2076 567 occisus,

330 588 502 638 utilem
529 590 765 654 temporis
800 589 1058 639 stultitiam
1094 589 1355 638 simulavit.
1428 592 1577 639 Vnde
1607 590 1755 640 etiam
1790 593 1971 638 Brutus
2005 598 2079 638 est
2105 603 2127 643 5

234 690 304 737 29
330 671 727 735 cognominatus,
767 674 888 721 dum
926 681 1183 720 vocaretur
1222 671 1411 720 Iunius
1499 670 1743 738 [Burrus]
1815 671 2002 720 Balbus
2050 689 2080 719 a

329 755 546 803 balando
580 754 745 817 potius
776 771 927 817 quam
962 754 1219 815 loquendo
1251 752 1427 802 dictus.
1501 754 1669 803 Verba
1699 753 1832 803 enim
1866 770 1968 802 non
2003 771 2079 802 ex-

234 849 303 896 30
329 838 492 900 plicat.
568 838 696 885 Inde
722 846 769 884 et
800 836 1012 895 blaesus,
1041 835 1157 898 quia
1190 835 1339 883 verba
1364 835 1554 899 frangit.
1629 839 1814 895 Bucco,
1840 836 2073 898 garrulus,

329 920 466 981 quod
492 927 681 967 ceteros
712 917 809 966 oris
842 918 1158 980 loquacitate,
1187 933 1289 965 non
1322 933 1470 965 sensu
1502 925 1772 980 exsuperet.
1847 915 2073 974 Biliosus‚

249 1014 304 1060 31
329 1002 466 1064 quod
493 1000 553 1049 sit
580 1017 775 1063 semper
800 999 962 1058 tristis,
986 999 1050 1047 ab
1077 1000 1285 1047 humore
1305 998 1443 1062 nigro
1463 998 1548 1062 qui
1574 998 1684 1048 bilis
1710 1007 1926 1048 vocatur.
1988 999 2078 1045 Ba·
2103 1015 2154 1042 10

329 1084 518 1143 burrus,
561 1084 753 1142 stultus,
796 1081 1007 1144 ineptus.
1081 1081 1420 1140 Biothanatus,
1459 1082 1595 1144 quod
1629 1080 1690 1129 sit
1728 1080 1802 1129 bis
1838 1088 2074 1128 mortuus.

330 1168 539 1217 Θάνατος
563 1164 696 1214 enim
724 1167 918 1214 Graeco
942 1180 1172 1213 sermone
1204 1180 1335 1212 mors
1362 1162 1554 1213 dicitur.

1175 1267 1217 1316 C
1464 1308 1466 1311 .

240 1373 305 1420 32
467 1350 654 1409 Clarus,
683 1366 712 1396 a
736 1349 889 1408 caelo,
919 1349 1055 1410 quod
1090 1348 1363 1411 splendeat.
1435 1348 1583 1396 Vnde
1614 1355 1662 1395 et
1691 1347 1821 1394 clara
1850 1346 1955 1394 dies
1988 1361 2077 1408 pro

329 1432 593 1494 splendore
623 1429 762 1479 caeli.
835 1431 1011 1479 Celsus
1048 1446 1077 1476 a
1112 1430 1250 1477 caelo
1287 1427 1462 1488 dictus,
1498 1429 1635 1492 quod
1672 1427 1733 1476 sit
1769 1426 1993 1476 sublimis
2030 1435 2078 1474 et
2104 1448 2150 1489 15

238 1531 303 1577 33
327 1515 467 1573 altus,
491 1511 631 1576 quasi
652 1511 890 1561 caelestis.
943 1512 1122 1561 Castus
1141 1510 1355 1574 primum
1374 1527 1404 1558 a
1423 1509 1716 1559 castratione
1735 1516 2049 1572 nuncupatus
2068 1526 2077 1555 ι

328 1604 499 1658 postea
525 1593 710 1657 placuit
734 1592 983 1642 veteribus
1017 1592 1165 1642 etiam
1200 1609 1286 1641 eos
1313 1594 1382 1640 sic
1408 1591 1653 1641 nominari
1678 1590 1763 1654 qui
1787 1600 2075 1654 perpetuam

237 1686 303 1734 34
327 1676 547 1726 libidinis
585 1675 937 1724 abstinentiam
971 1674 1348 1739 pollicebantur.
1423 1674 1600 1725 Caeles
1634 1673 1810 1732 dictus,
1842 1673 1959 1735 quia
1987 1672 2078 1720 iter

329 1758 422 1807 sibi
447 1757 563 1806 facit
587 1759 651 1806 ad
676 1759 886 1806 caelum.
959 1757 1185 1815 CaelebS‚
1215 1755 1418 1804 conubii
1444 1772 1628 1819 expers,
1658 1754 1822 1818 qualia
1847 1762 1961 1802 sunt
1985 1770 2075 1801 nu-

329 1842 463 1889 mina
489 1839 538 1887 in
565 1840 718 1899 caelo,
746 1856 874 1901 quae
902 1838 1093 1901 absque
1126 1839 1366 1901 coniugiis
1401 1847 1528 1886 sunt.
1604 1840 1668 1885 Et
1694 1835 1888 1885 caelebs
1914 1834 2076 1884 dictus
2102 1859 2151 1886 20

329 1922 469 1986 quasi
494 1923 632 1971 caelo
659 1921 848 1970 beatus.
911 1919 1176 1979 Caelicola,
1198 1937 1259 1969 eo
1279 1921 1415 1982 quod
1431 1920 1620 1968 caelum
1649 1919 1778 1967 colat
1796 1936 1808 1978 3
1844 1926 1918 1966 est
1942 1916 2075 1965 enim

242 2022 305 2071 35
328 2006 550 2068 angelus.
622 2002 901 2054 Continens
936 2019 1039 2051 non
1073 2003 1234 2051 solum
1267 2001 1319 2049 in
1352 2000 1575 2049 castitate
1606 1999 1796 2059 dicitur,
1826 1999 1914 2048 sed
1945 2008 1991 2047 et
2024 1998 2075 2047 in

330 2088 444 2136 cibo
471 2096 520 2135 et
546 2095 686 2148 potu,
712 2084 762 2133 in
789 2084 858 2133 ira
885 2100 1088 2147 quoque
1122 2093 1171 2133 et
1201 2082 1461 2133 vexatione
1491 2081 1671 2131 mentis
1702 2090 1750 2130 et
1783 2080 2075 2130 detrahendi

330 2167 554 2217 libidine.
648 2170 712 2216 Et
755 2169 1033 2226 continenS‚
1081 2166 1219 2228 quod
1261 2181 1313 2213 se
1354 2182 1384 2213 a
1425 2165 1591 2212 multis
1635 2162 1775 2211 malis
1816 2161 2075 2211 abstineat.

232 2247 302 2306 36
330 2251 580 2309 Clemens,
610 2249 902 2308 misericors,
931 2248 995 2297 ab
1023 2264 1083 2296 eo
1110 2248 1247 2310 quod
1273 2248 1417 2306 cluat,
1446 2246 1497 2295 id
1528 2255 1600 2294 est
1630 2253 1851 2308 protegat
1875 2252 1923 2293 et
1947 2253 2077 2293 tuea-
2101 2268 2148 2308 25

240 2340 304 2389 37
329 2340 420 2391 tur,
461 2331 588 2380 sicut
626 2333 750 2380 solet
786 2340 1024 2394 patronus
1061 2330 1308 2377 clientem.
1399 2329 1622 2377 Concors
1658 2343 1688 2374 a
1724 2324 2076 2375 coniunctione

329 2415 492 2463 cordis
526 2423 599 2463 est
629 2415 918 2477 appellatus.
993 2413 1124 2460 Nam
1163 2412 1288 2459 sicut
1317 2426 1519 2459 consors
1557 2408 1736 2458 dicitur
1771 2409 1856 2471 qui
1893 2416 2075 2456 sortem

381 2555 407 2592 3
437 2544 637 2583 timerent
658 2541 699 2579 Β
809 2555 834 2590 4
864 2541 928 2580 ab.
952 2554 1036 2580 om.
1066 2539 1103 2577 T
1206 2540 1233 2576 6
1263 2551 1445 2578 voca***
1472 2537 1523 2576 Tl
1633 2536 1792 2576 Burrus
1824 2537 1883 2576 C:
1913 2537 2076 2576 Burrus

329 2598 457 2636 rubus
475 2600 578 2649 (pro
591 2597 726 2647 rufus)
740 2602 782 2635 et
795 2597 919 2646 niger
937 2595 996 2635 T:
1026 2607 1108 2634 om.
1126 2593 1238 2632 BIK
1246 2593 1347 2644 Reg.
1463 2607 1488 2632 a
1507 2591 1718 2631 balbando
1733 2591 1790 2629 Β1
1811 2605 1820 2630 :
1849 2592 1901 2630 ab
1915 2591 2013 2630 aldo
2028 2591 2070 2629 A

329 2655 356 2691 8
385 2653 485 2691 inde
505 2659 548 2692 et
567 2666 650 2692 om.
675 2651 722 2690 K
738 2652 843 2703 (non
863 2650 925 2701 A)
1129 2662 1156 2698 9
1183 2647 1316 2698 quod]
1337 2648 1434 2697 quia
1453 2647 1495 2685 Β
1702 2646 1790 2685 uris
1810 2645 1892 2686 B1:
1924 2646 2010 2685 orsi
2032 2645 2080 2684 K

329 2720 439 2747 sexu
459 2706 506 2744 K
611 2706 807 2756 exuperit
828 2705 876 2744 K
1002 2717 1052 2743 10
1082 2704 1294 2742 Bobarrus
1315 2702 1378 2740 K:
1413 2702 1634 2741 Boburrus
1654 2700 1708 2739 M
1835 2712 1879 2739 11
1915 2700 2072 2739 Botha-

331 2769 458 2801 natus
478 2761 526 2800 K
686 2762 799 2810 quod
819 2762 876 2799 sit
895 2759 937 2797 Β
955 2774 965 2799 :
995 2759 1095 2809 quid
1115 2759 1169 2797 sit
1196 2757 1235 2797 T
1248 2772 1258 2797 ε
1287 2759 1398 2807 quod
1420 2762 1485 2796 est
1508 2755 1611 2795 CIK
1745 2769 1794 2805 14
1824 2754 1923 2806 pro]
1945 2767 2071 2805 prop-

331 2823 398 2856 ter
421 2817 456 2855 C
646 2817 695 2854 16
723 2816 800 2864 pri.
825 2829 850 2854 a
870 2820 971 2854 cast.
995 2814 1178 2864 primum
1198 2811 1240 2850 B
1430 2825 1479 2862 19
1508 2810 1689 2850 Caelebs
1712 2838 1722 2848 .
1746 2839 1754 2848 .
1780 2840 1789 2849 .
1815 2810 1965 2848 beatus
1979 2813 2075 2860 post

329 2872 506 2921 angelus
532 2870 570 2909 T
675 2870 835 2922 qualia]
857 2869 954 2919 quia
977 2868 1027 2907 Cl
1135 2867 1304 2906 nomina
1323 2866 1437 2906 codd.
1568 2877 1622 2904 20
1650 2864 1721 2915 qui
1740 2863 1782 2900 Β
1890 2863 2072 2912 coniugii

331 2925 377 2963 K
384 2925 421 2964 T
435 2927 539 2978 (non
550 2925 597 2973 I)
701 2925 801 2964 cebs
815 2925 857 2962 Β
968 2935 1021 2962 22
1052 2923 1209 2962 dicitur
1223 2935 1306 2961 om.
1325 2921 1361 2960 C
1467 2932 1519 2970 23
1539 2932 1607 2971 po.
1624 2924 1667 2958 et
1685 2919 1748 2957 ira
1769 2918 1808 2957 T
1911 2930 1963 2967 24
1982 2918 2071 2957 libi·
2174 2971 2176 2973 ι

331 2981 471 3020 dinem
493 2978 588 3019 KCl
733 2979 830 3029 quia
849 2991 897 3018 se
917 2977 959 3016 Β
1103 2977 1342 3016 abstineant
1362 2975 1409 3014 K
1597 2976 1651 3014 26
1679 2973 1864 3012 Consors
1883 2986 1908 3011 a
1928 2973 2071 3012 coniu·
2150 2978 2176 3029 ,ὲ

331 3036 504 3084 gatione
531 3034 569 3074 T
584 3034 688 3087 (non
707 3033 735 3073 I
740 3034 757 3086 )
