2228 3444
441 151 1070 199 ETYMOLOGIARVM
1114 154 1243 199 LIB.
1284 154 1371 200 VI.
1412 152 1575 200 iv—viii

135 281 338 331 Latinos
364 280 746 330 innumerabiles
780 282 929 330 libros
968 281 1172 344 scripsit.
1250 284 1400 346 Apud
1435 284 1652 332 Graecos
1685 300 1884 347 quoque

133 365 486 414 Chalcenterus
513 361 645 411 miris
671 362 910 411 attollitur
928 363 1174 423 laudibus,
1194 365 1330 427 quod
1357 373 1519 413 tantos
1545 364 1695 413 libros
1721 365 1885 415 edide-

131 446 190 494 rit
216 455 426 509 quantos
451 447 662 508 quisque
696 454 918 493 nostrum
950 444 1138 494 alienos
1165 445 1377 495 scribere
1409 448 1606 510 propria
1630 463 1781 494 manu
1807 446 1883 494 vix

131 528 298 591 possit.
374 530 452 576 De
477 526 656 575 nostris
691 542 891 590 quoque
925 528 1060 589 apud
1095 528 1312 577 Graecos
1339 528 1580 592 Origenes
1606 527 1656 575 in
1683 527 1882 591 scriptu·
1908 533 1939 567 2

85 630 104 668 5
130 627 289 658 rarum
315 610 484 659 labore
510 618 611 658 tam
646 611 864 658 Graecos
897 625 1046 671 quam
1083 609 1286 658 Latinos
1322 627 1528 674 operum
1563 626 1764 659 suorum
1798 627 1884 657 nu-

130 708 265 740 mero
291 691 549 754 superavit.
623 690 854 753 Denique
883 690 1221 754 Hieronymus
1249 709 1331 740 sex
1357 692 1491 741 milia
1516 692 1751 741 librorum
1778 691 1882 740 eius

127 773 302 836 legisse
327 775 516 822 fatetur.
592 775 788 820 Horum
822 781 989 820 tamen
1022 773 1247 821 omnium
1281 774 1443 823 studia
1477 773 1782 837 Augustinus
1812 772 1881 821 in·
1906 788 1936 834 3

128 857 274 918 genio
300 857 376 904 vel
413 853 617 903 scientia
654 853 728 902 sui
762 852 889 902 vicit.
967 855 1098 902 Nam
1131 863 1268 903 tanta
1301 855 1491 919 scripsit
1525 865 1579 903 ut
1612 855 1788 904 diebus
1822 871 1879 902 ac

129 936 358 985 noctibus
383 952 484 984 non
519 937 680 983 solum
715 934 926 984 scribere
960 934 1109 984 libros
1145 935 1249 985 eius
1284 936 1560 1000 quisquam,
1586 938 1674 985 sed
1700 953 1792 985 nec
1818 938 1880 985 le-

57 1033 105 1061 10
126 1036 239 1082 gere
263 1019 465 1081 quidem
491 1026 726 1066 occurrat.

264 1102 346 1147 DE
378 1114 674 1148 GENERIBvs
709 1113 1101 1148 OPVSCVLORVM.
1166 1102 1534 1164 Opusculorum
1574 1117 1753 1164 genera
1772 1116 1880 1148 esse
1903 1101 2007 1151 VIII

129 1181 229 1230 tria.
294 1183 511 1230 Primum
539 1197 695 1245 genus
721 1191 949 1245 excerpta
973 1191 1100 1242 sunt,
1121 1199 1249 1245 quae
1269 1185 1458 1232 Graece
1485 1182 1671 1231 scholia
1695 1199 1881 1230 nuncu-

128 1273 306 1327 pantur
323 1282 336 1324 3
373 1266 423 1312 in
449 1263 631 1326 quibus
666 1280 723 1312 ea
757 1280 884 1326 quae
910 1263 1139 1312 videntur
1171 1265 1382 1313 obscura
1407 1267 1483 1314 vel
1514 1264 1731 1313 difficilia
1757 1281 1884 1312 sum-

129 1344 300 1393 matim
325 1362 383 1393 ac
409 1345 620 1394 breviter
645 1345 1079 1408 praestringuntur.
1152 1348 1439 1395 Secundum
1466 1364 1622 1410 genus
1650 1345 1883 1395 homiliae
1910 1358 1939 1391 2

53 1442 103 1481 15
130 1436 256 1486 sunt,
287 1444 407 1490 quas
436 1426 599 1475 Latini
624 1427 830 1476 verbum
864 1429 1128 1491 appellant,
1159 1444 1287 1490 quae
1317 1430 1630 1492 proferuntur
1655 1428 1705 1477 in
1731 1445 1885 1492 popu-

130 1511 201 1558 lis.
274 1508 499 1558 Tertium
525 1508 660 1568 tomi,
685 1526 811 1572 quos
838 1526 928 1559 nos
954 1509 1106 1558 libros
1131 1511 1209 1558 vel
1235 1512 1488 1559 volumina
1519 1526 1881 1573 nuncupamus

131 1590 384 1640 Homiliae
416 1600 583 1639 autem
616 1592 680 1639 ad
717 1592 889 1654 vulgus
933 1593 1216 1654 loquuntur,
1247 1593 1367 1640 tomi
1402 1609 1531 1652 vero,
1561 1592 1611 1641 id
1649 1602 1722 1640 est
1758 1592 1882 1650 libri,

130 1672 336 1722 maiores
362 1682 476 1722 sunt
502 1672 880 1736 disputationes.
954 1674 1193 1735 Dialogus
1220 1683 1292 1722 est
1326 1675 1543 1722 conlatio
1569 1676 1781 1722 duorum
1809 1676 1884 1722 vel

129 1753 466 1817 plurimorum,
485 1771 634 1817 quem
662 1753 824 1803 Latini
850 1771 1130 1803 sermonem
1157 1755 1344 1804 dicunt.
1396 1758 1526 1804 Nam
1554 1773 1678 1819 quos
1707 1756 1882 1805 Graeci

56 1857 105 1885 20
129 1835 350 1899 dialogos
376 1845 568 1897 vocant,
596 1853 686 1885 nos
721 1853 973 1885 sermones
999 1853 1247 1885 vocamus
1323 1840 1494 1887 Sermo
1526 1847 1693 1887 autem
1719 1837 1880 1886 dictus
1905 1846 1935 1893 3

129 1916 242 1980 quia
267 1917 392 1967 inter
417 1927 680 1981 utrumque
705 1917 891 1967 seritur.
955 1919 1103 1967 Vnde
1129 1918 1178 1966 in
1205 1919 1422 1982 Vergilio
1451 1919 1595 1983 (Aen.
1617 1922 1660 1980 6,
1686 1919 1799 1984 160)
1822 1939 1829 1969 :

668 2002 829 2048 Multa
854 1999 979 2048 inter
1005 2017 1056 2048 se
1083 2000 1325 2050 serebant.

127 2082 386 2128 Tractatus
413 2089 485 2129 est
524 2079 546 2104 *
589 2083 612 2106 ἃ
639 2118 648 2129 .

132 2163 305 2210 Differt
331 2171 495 2211 autem
523 2179 698 2223 sermo,
719 2171 952 2211 tractatus
979 2172 1026 2211 et
1046 2164 1265 2212 verbum.
1319 2165 1491 2213 Sermo
1518 2163 1651 2213 enim
1676 2166 1878 2213 alteram
1904 2180 1938 2228 4

54 2263 101 2304 25
129 2253 238 2306 eget
268 2260 561 2307 personamg
597 2253 830 2294 tractatus
864 2245 1137 2309 specialiter
1165 2247 1229 2295 ad
1255 2262 1308 2295 se
1338 2245 1500 2309 ipsum
1536 2254 1640 2307 est3
1674 2246 1878 2295 verbum

127 2334 292 2374 autem
334 2328 398 2375 ad
436 2344 623 2376 omnes.
695 2329 844 2376 Vnde
882 2337 928 2376 et
955 2327 1162 2376 dicitur:
1206 2329 1455 2377 ‘Verbum
1489 2327 1604 2377 fecit
1628 2330 1692 2377 ad
1726 2346 1879 2392 popu-

128 2409 260 2455 lum.'
331 2408 701 2457 Commentaria
739 2408 883 2469 dicta,
914 2409 1054 2471 quasi
1088 2426 1201 2457 cum
1236 2419 1416 2459 mente.
1490 2411 1614 2458 Sunt
1647 2410 1779 2459 enim
1811 2411 1878 2459 in-
1900 2422 1931 2471 5

187 2550 204 2575 1
229 2537 417 2589 scripsit]
431 2539 691 2588 scripserunt
705 2539 750 2576 K
850 2553 874 2578 2
896 2539 1120 2578 calciterus
1133 2539 1237 2579 BT:
1259 2540 1468 2579 calciteris
1485 2541 1534 2579 C1
1558 2555 1566 2579 z
1588 2541 1822 2580 calcidorus
1836 2540 1882 2577 K

128 2594 154 2630 6
183 2592 382 2631 librorum
406 2593 495 2631 eius
516 2593 708 2632 ABCT:
738 2594 831 2632 eius
853 2594 1066 2632 volumina
1085 2594 1131 2632 K
1218 2595 1314 2634 add.
1339 2596 1382 2634 in
1405 2609 1539 2646 marg.
1562 2597 1640 2634 hos
1662 2609 1740 2634 sex
1761 2595 1875 2634 milia

129 2647 329 2685 librorum
359 2647 619 2686 iheronimus
650 2649 691 2686 in
721 2649 837 2686 libris
867 2655 1015 2687 contra
1054 2649 1234 2687 rufinum
1265 2651 1386 2689 datos
1418 2662 1465 2689 se
1495 2656 1623 2699 negat
1655 2651 1810 2700 legisse
1846 2650 1885 2687 V

129 2703 154 2739 8
167 2701 342 2742 suadett.
406 2715 455 2741 10
472 2701 765 2742 occurrantK:
789 2709 1018 2742 occurrunt
1035 2703 1084 2742 C1
1145 2717 1190 2742 11
1212 2705 1290 2743 tria
1301 2717 1395 2743 esse
1409 2705 1443 2743 C
1499 2717 1547 2743 12
1566 2710 1832 2754 nuncupatur
1849 2703 1886 2740 T

132 2769 180 2806 14
211 2756 555 2806 perstringuntur
572 2756 651 2795 CK
762 2769 808 2806 15
838 2758 966 2796 verba
981 2757 1071 2798 dett.
1183 2759 1312 2810 quae]
1333 2760 1403 2808 qui
1422 2759 1469 2797 Cl
1572 2761 1621 2798 16
1650 2760 1716 2798 vel
1737 2772 1818 2798 om.
1847 2758 1884 2795 T

133 2823 177 2858 17
207 2811 356 2860 vulgas
378 2810 426 2849 C1
543 2813 591 2850 18
622 2811 791 2850 maioris
811 2811 891 2851 BC
998 2813 1296 2862 disputationis
1316 2813 1439 2852 BCT
1544 2814 1612 2852 vel
1634 2815 1676 2852 in
1699 2814 1804 2864 plur.
1829 2813 1877 2852 Cl

133 2877 182 2915 19
211 2878 429 2904 sermones
445 2865 491 2903 K
571 2879 677 2916 quos
697 2879 780 2907 om.
801 2866 849 2904 C¹
933 2880 1061 2916 grece
1085 2866 1122 2904 T
1225 2881 1274 2906 21
1307 2868 1423 2920 quia]
1445 2869 1558 2918 quod
1575 2867 1621 2905 K
1727 2880 1779 2905 22
1808 2867 1875 2918 se]

131 2931 177 2957 se
198 2932 292 2958 esse
318 2919 420 2958 T2U
598 2934 650 2971 23
679 2921 903 2961 Tractatus
925 2929 990 2961 est
1009 2935 1091 2961 om.
1119 2921 1154 2960 C
1171 2935 1178 2960 :
1208 2922 1277 2961 Tr.
1301 2928 1367 2961 est
1387 2923 1509 2961 unius
1532 2923 1777 2974 (universae
1806 2920 1876 2971 T2)

131 2973 191 3012 rei
221 2974 441 3025 multiplex
470 2976 680 3026 expositio
711 2988 762 3014 eo
792 2977 903 3026 quod
934 2977 1074 3016 trahat
1102 2989 1276 3015 sensum
1307 2977 1350 3015 in
1377 2977 1507 3016 multa
1534 2977 1748 3016 sentiendi
1776 2989 1875 3015 con-

130 3029 349 3069 tractando
370 3042 513 3069 secum
538 3030 579 3068 U
583 3029 658 3069 T2:
687 3030 758 3070 Tr.
782 3035 846 3070 est
865 3045 944 3081 seq.
970 3031 1099 3070 trium
1119 3044 1315 3070 versuum
1337 3033 1468 3084 spatio
1491 3031 1531 3070 V
1653 3043 1702 3080 27
1734 3031 1874 3082 quasi]

132 3082 229 3132 quia
249 3082 295 3120 K
401 3089 635 3123 commente
658 3083 803 3122 B¹KT
907 3086 1018 3124 enim
1041 3099 1122 3125 om.
1145 3085 1190 3124 K

961 3156 1044 3196 (22
