2176 3424
35 1006 81 1033 10

34 1823 82 1850 20

35 2230 82 2269 25

383 115 1012 163 ETYMOLOGIARVM
1058 116 1182 161 LIB.
1223 115 1394 161 XVII.
1432 113 1548 160 iii-v

100 248 271 310 ὄροβον
295 244 500 304 dicunt3
553 245 688 306 quod
722 245 842 292 dum
876 243 935 291 sit
966 244 1263 306 quibusdam
1299 243 1558 306 pecoribus
1591 245 1837 304 infestum,

99 338 262 378 tauros
288 337 452 376 tamen
478 325 683 390 pingues
709 324 867 374 efficit.

238 411 319 456 DE
343 423 557 457 vlT1Bvs.
630 407 757 456 Vitis
783 405 1141 469 plantationem
1161 407 1345 470 primus
1374 408 1485 455 Noe
1503 405 1712 454 instituit
1731 404 1839 454 rudi
1864 410 1901 448 V

99 491 262 539 adhuc
288 491 498 539 saeculo.
560 491 709 553 Apud
730 491 945 538 Graecos
965 497 1130 537 autem
1147 487 1453 536 inventorem
1474 487 1584 536 vitis
1605 487 1840 536 Liberum

99 573 358 635 appellari:
399 572 531 620 unde
557 580 604 620 et
630 588 743 620 eum
768 570 974 633 gentiles
1000 579 1112 632 post
1138 579 1345 618 mortem
1373 571 1522 617 deum
1549 585 1656 618 esse
1680 570 1843 618 volue-

99 663 223 702 runt.
298 653 424 702 Vitis
473 655 604 702 dicta
651 655 786 715 quod
834 652 932 700 vim
981 652 1160 700 habeat
1209 651 1350 700 citius
1404 650 1670 700 radicandi.
1745 651 1843 698 Alii
1866 665 1896 700 2

100 745 273 800 putant
298 736 419 785 vites
444 735 600 784 dictas
639 735 774 798 quod
803 733 1014 783 invicem
1050 751 1102 782 se
1126 733 1258 782 vittis
1295 732 1547 781 innectant
1571 732 1843 795 vicinisque

100 817 355 866 arboribus
392 817 631 878 reptando
661 814 935 878 religentur.
1012 816 1101 862 Est
1134 813 1266 863 enim
1304 831 1472 862 earum
1509 823 1682 862 natura
1718 815 1844 862 flexi—

101 899 226 958 bilis,
255 915 380 962 quae
406 897 544 961 quasi
571 897 781 945 brachiis
800 897 1098 959 quibusdam
1125 895 1369 959 quidquid
1395 895 1845 958 conprehenderint

104 980 358 1043 stringunt.
432 978 680 1028 Labrusca
699 987 771 1027 est
788 978 898 1026 vitis
923 977 1124 1041 agrestis
1145 994 1271 1040 quae
1297 977 1346 1024 in
1373 985 1526 1026 terrae
1544 976 1844 1040 marginibus
1870 988 1899 1034 3

104 1062 343 1111 nascitur:
405 1063 538 1110 unde
577 1070 624 1110 et
666 1061 890 1109 labrusca
928 1060 1072 1120 dicta,
1115 1077 1144 1108 a
1181 1059 1329 1108 labris
1373 1069 1420 1109 et
1459 1059 1846 1109 extremitatibus

102 1153 268 1193 terrae.
330 1144 503 1194 Codex
522 1143 682 1192 dictus
703 1142 842 1206 quasi
862 1144 1066 1192 caudex.
1128 1142 1207 1191 Sic
1227 1143 1358 1191 enim
1376 1151 1563 1191 veteres
1583 1151 1630 1191 et
1647 1144 1847 1191 clodum
1869 1158 1902 1204 4

102 1243 191 1290 pro
216 1228 393 1274 claudo
420 1225 668 1274 dicebant.
741 1227 1053 1273 Sarmentum
1079 1241 1107 1272 a
1134 1226 1345 1273 serendo
1373 1222 1444 1289 [id
1470 1233 1543 1273 est
1569 1226 1708 1286 quasi
1734 1226 1848 1273 seri·
1871 1240 1901 1288 5

104 1306 364 1373 mentum].
438 1309 700 1356 Malleolus
726 1317 798 1355 est
832 1309 1054 1356 novellus
1092 1308 1279 1369 palmes
1309 1306 1504 1355 innatus
1536 1306 1706 1370 prioris
1733 1307 1848 1355 anni

105 1391 309 1453 flagello,
334 1389 811 1453 cognominatusque
829 1389 895 1438 ob
916 1388 1288 1437 similitudinem
1306 1388 1387 1448 rei,
1408 1390 1544 1451 quod
1571 1390 1621 1436 in
1637 1406 1695 1438 ea
1712 1398 1848 1452 parte

105 1489 202 1535 qua
238 1471 480 1521 deciditur
517 1487 575 1520 ex
611 1471 760 1520 veteri
794 1479 1042 1520 sarmento
1079 1472 1365 1534 prominens
1402 1470 1648 1534 utrimque
1685 1472 1846 1519 mallei

105 1555 318 1618 speciem
340 1554 554 1617 praebet.
629 1555 885 1616 Spadones
908 1563 1021 1602 sunt
1047 1552 1226 1601 surculi
1247 1554 1382 1616 fruge
1407 1562 1642 1613 carenteS,
1664 1570 1722 1602 ex
1742 1552 1846 1616 ipsa
1870 1548 1904 1595 6

104 1637 447 1700 appellatione,
491 1637 627 1699 quod
667 1635 763 1684 sint
802 1635 1044 1685 inhabiles
1092 1637 1252 1683 fructu
1295 1644 1342 1683 et
1381 1634 1633 1683 sterilitate
1670 1635 1844 1684 affecti.

106 1718 338 1782 Sagittam
378 1718 540 1767 rustici
575 1727 754 1767 vocant
786 1718 1103 1767 novissimam
1138 1726 1326 1781 partem
1365 1718 1557 1776 surculi,
1598 1716 1699 1766 sive
1735 1717 1849 1780 quia
1872 1733 1900 1782 7

106 1801 297 1863 longius
331 1800 529 1849 recessit
563 1817 591 1848 a
627 1809 780 1848 matre
814 1809 862 1848 et
893 1801 1031 1862 quasi
1069 1799 1319 1863 prosilivit,
1347 1816 1433 1848 seu
1465 1800 1581 1862 quia
1605 1799 1847 1848 acuminis

106 1883 342 1931 tenuitate
368 1881 450 1930 teli
476 1881 691 1944 speciem
718 1883 936 1944 praefert.
1011 1881 1327 1931 Summitates
1352 1880 1524 1930 vitium
1544 1890 1592 1930 et
1617 1882 1845 1931 fruticum
1871 1878 1900 1924 8

107 1965 294 2027 flagella
334 1974 698 2027 nuncupantur,
740 1980 800 2011 eo
844 1965 981 2026 quod
1021 1964 1137 2011 flatu
1174 1963 1430 2026 agitentur.
1506 1964 1700 2011 Palmes
1738 1961 1847 2010 vitis
1872 1971 1907 2018 9

108 2045 310 2095 materia
334 2046 507 2106 mollis,
536 2047 618 2109 qui
637 2062 721 2108 per
746 2047 940 2094 novella
965 2045 1167 2094 brachia
1193 2045 1398 2094 emissus
1425 2047 1636 2094 fructum
1661 2045 1847 2094 adfert:

108 2145 223 2177 nam
251 2130 363 2177 ideo
390 2127 555 2176 rustici
580 2136 768 2191 partem
799 2127 908 2176 vitis
947 2127 1199 2190 palmitem
1235 2127 1420 2176 dicunt.
1495 2129 1689 2176 Palmes
1716 2129 1849 2176 enim

110 2209 456 2259 diminutivum
483 2226 667 2258 nornen
693 2218 777 2269 est,
808 2210 943 2272 quod
968 2226 1153 2258 nomen
1179 2226 1476 2273 paragogum
1503 2209 1695 2269 dicitur,
1716 2211 1853 2272 quod

108 2310 136 2341 a
178 2294 341 2355 palma
382 2291 637 2341 derivetur.
713 2294 883 2340 Palma
925 2291 1056 2340 enim
1102 2292 1251 2340 habet
1289 2308 1473 2341 nomen
1517 2300 1848 2355 prototypum,

167 2435 183 2460 1
218 2423 392 2461 orobum
422 2422 482 2461 T:
512 2424 680 2461 orubum
706 2421 776 2460 K:
806 2422 982 2460 orabum
1005 2422 1047 2461 D
1142 2423 1240 2461 dum
1263 2437 1311 2461 ex
1329 2435 1420 2461 cum
1444 2423 1486 2460 D
1635 2436 1659 2460 2
1691 2423 1848 2472 pingue

116 2475 166 2515 T1
302 2490 325 2526 5
357 2479 577 2516 coluerunt
604 2477 640 2514 T
778 2491 797 2526 7
830 2477 925 2516 vitis
947 2476 1032 2516 inn.
1055 2476 1143 2514 DT
1303 2478 1327 2514 8
1359 2484 1466 2527 rept.
1488 2492 1538 2516 ex
1556 2478 1791 2527 repotando
1819 2477 1855 2514 T

109 2545 135 2581 9
162 2531 289 2582 quae]
313 2533 381 2582 qui
405 2532 515 2571 codd.
727 2544 774 2569 10
803 2532 1015 2581 stringant
1036 2531 1078 2569 D
1247 2531 1456 2571 Labrusca
1475 2546 1525 2571 ex
1545 2532 1787 2571 Lanbrusca
1807 2533 1850 2570 D

108 2599 217 2635 quae
237 2600 320 2626 om.
344 2587 386 2625 D
614 2599 656 2625 11
690 2587 829 2624 labrus
853 2586 1043 2625 caudicia
1064 2591 1109 2623 ut
1127 2586 1205 2626 vid.
1235 2586 1288 2624 Dl
1484 2587 1616 2639 dicta]
1641 2587 1792 2626 dicitur
1819 2587 1857 2624 T

111 2646 153 2679 et
172 2654 254 2680 om.
284 2641 320 2679 T
487 2654 534 2678 12
566 2642 742 2680 Condex
763 2641 806 2679 D
980 2654 1027 2689 13
1059 2654 1134 2690 pro
1154 2640 1228 2690 cl.]
1254 2647 1294 2679 et
1316 2641 1507 2680 claudum
1528 2641 1574 2678 K
1722 2641 1763 2679 id
1785 2648 1850 2680 est

110 2709 177 2746 qu.
204 2708 284 2735 ser.
305 2696 398 2735 hab.
427 2696 484 2734 T:
515 2709 596 2734 om.
620 2695 710 2733 DK
820 2708 866 2744 14
897 2696 1058 2746 palmus
1083 2694 1124 2732 K
1231 2696 1353 2734 annis
1373 2695 1419 2733 K
1537 2699 1585 2735 16
1615 2695 1845 2748 deciditur]

111 2750 274 2789 decitur
301 2749 358 2789 T:
388 2751 538 2790 dicitur
558 2749 604 2787 K
790 2756 937 2789 vetero
958 2750 1000 2788 D
1192 2751 1394 2789 sarmenti
1422 2751 1449 2789 I
1643 2751 1849 2800 utrimque

112 2818 164 2844 m.
196 2805 356 2845 Colum.
378 2808 488 2854 3,6:
527 2810 747 2854 utrumque
778 2818 830 2845 m.
853 2804 922 2844 K:
962 2806 1179 2855 utriusque
1210 2818 1260 2844 m.
1303 2804 1362 2845 T:
1401 2812 1664 2855 utrumquem
1697 2805 1776 2843 alie
1806 2805 1849 2843 D

117 2871 164 2908 17
194 2865 389 2899 carentes
408 2874 457 2898 ex
475 2871 590 2898 curr-
612 2863 660 2898 ut
677 2859 755 2900 vid.
786 2860 823 2898 T
1055 2873 1109 2899 ex
1129 2873 1212 2899 om.
1243 2859 1280 2898 T
1569 2861 1616 2898 18
1647 2860 1785 2898 effecti
1806 2860 1849 2898 D

118 2925 167 2962 19
195 2914 352 2953 novissi
374 2927 460 2964 par.
483 2914 541 2952 Dl
670 2915 828 2954 serculi
855 2914 891 2952 T
1013 2928 1065 2954 20
1094 2914 1233 2965 quasi]
1258 2928 1339 2964 qua
1359 2913 1405 2952 K
1537 2927 1585 2952 21
1618 2919 1791 2963 prevert
1818 2914 1855 2952 T

116 2979 168 3017 25
198 2968 318 3019 dim.]
349 2969 624 3008 derivativum
657 2968 770 3008 dem·
884 2981 972 3020 par.
1006 2969 1085 3020 di.]
1116 2981 1192 3019 per
1220 2983 1358 3008 ramos
1380 2970 1449 3022 (ex
1473 2982 1587 3008 amos
1606 2967 1667 3019 N)
1689 2970 1846 3008 circum

75 3036 82 3038 -
119 3022 229 3073 (4111)
249 3023 414 3062 ducitur
429 3022 518 3061 KN
609 3025 661 3062 26
708 3037 731 3062 a
746 3037 832 3064 om.
849 3024 894 3062 N
961 3024 1166 3062 delibetur
1179 3023 1268 3062 DT
1332 3024 1544 3074 protipum
1563 3022 1671 3062 DT:
1704 3037 1786 3063 om.
1805 3023 1850 3060 K
