2228 3444
1059 163 1332 211 1s1DOR1

310 282 394 330 tali
419 282 741 332 similitudine
766 284 989 333 definivit
1010 303 1019 333 :
1059 290 1069 310 ‘
1088 284 1362 334 Dialectica
1386 295 1435 335 et
1463 286 1730 336 Rhetorica
1755 295 1827 336 est
1853 289 1990 350 quod
2014 288 2065 338 in

309 382 459 413 manu
485 365 702 414 hominis
736 383 930 430 pugnus
954 367 1217 416 adstrictus
1250 376 1298 416 et
1329 369 1494 431 palma
1526 370 1774 418 distensa:
1812 369 1894 418 1113
1918 370 2067 420 verba

253 463 284 498 2
307 449 619 508 contrahens,
639 447 730 497 ista
747 450 1068 498 distendens.'
1119 448 1393 499 Dialectica
1409 449 1655 514 siquidem
1673 453 1737 500 ad
1754 453 2065 502 disserendas

306 543 381 575 res
408 528 624 578 acutior:
665 530 931 579 Rhetorica
963 532 1028 580 ad
1061 530 1143 579 illa
1176 547 1302 594 quae
1336 531 1505 581 nititur
1537 534 1768 583 docenda
1791 533 2064 583 facundior.

307 609 400 658 Illa
415 611 480 660 ad
497 613 691 661 scholas
707 629 1085 676 nonnumquam
1102 612 1235 663 venit
1255 632 1264 662 z
1285 613 1377 662 ista
1393 614 1566 679 iugiter
1580 615 1804 679 procedit
1819 616 1869 664 in
1889 618 2063 666 forum.
2091 641 2113 680 5

309 693 401 740 Illa
430 692 633 756 requirit
663 693 935 743 rarissimos
966 695 1246 745 studiosos:
1290 697 1413 744 haec
1446 697 1727 760 frequenter
1757 706 1805 746 et
1838 700 2063 761 populos.

251 786 282 834 3
308 775 478 823 Solent
493 785 659 825 autem
679 775 970 840 Philosophi
988 787 1256 841 antequam
1276 779 1341 827 ad
1358 779 1590 842 isagogen
1606 779 1805 828 veniant
1822 797 2067 843 exponen-

307 858 437 917 dam,
461 857 805 907 definitionem
827 858 1178 924 Philosophiae
1199 862 1475 921 ostendere,
1499 877 1599 924 quo
1626 861 1813 910 facilius
1840 879 1910 921 ea,
1940 879 2066 926 quae

307 940 371 987 ad
398 955 507 987 eam
534 939 795 1003 pertinent,
825 943 1240 991 demonstrentur.

137 1031 287 1073 XXIV
446 1022 532 1069 DE
564 1037 916 1072 DEFINITIONE
954 1027 1366 1073 PH1LosoPH1AE.
1442 1024 1762 1089 Philosophia
1797 1035 1870 1074 est
1906 1042 2065 1074 rerum
2097 1048 2142 1076 10

312 1103 638 1151 humanarum
678 1104 1057 1169 divinarumque
1094 1105 1312 1170 cognitio
1349 1123 1463 1155 cum
1502 1106 1668 1155 studio
1705 1107 1834 1156 bene
1870 1106 2067 1156 vivendi

309 1184 587 1234 coniuncta.
665 1189 809 1235 Haec
835 1188 1030 1236 duabus
1055 1205 1113 1236 ex
1139 1188 1285 1237 rebus
1311 1197 1537 1237 constare
1563 1188 1769 1248 videtur,
1791 1188 1996 1237 scientia
2021 1197 2069 1237 et

253 1278 284 1315 2
309 1265 610 1330 opinatione.
678 1268 894 1317 Scientia
911 1279 996 1330 est,
1018 1287 1131 1319 cum
1148 1288 1223 1319 res
1239 1271 1404 1334 aliqua
1424 1280 1555 1320 certa
1570 1270 1759 1319 ratione
1775 1269 2040 1334 percipitur
2058 1288 2070 1329 3

309 1347 531 1411 opinatio
550 1358 730 1410 autem,
750 1367 865 1398 cum
884 1353 1050 1400 adhuc
1071 1351 1256 1401 incerta
1275 1369 1350 1401 res
1369 1353 1486 1401 latet
1506 1362 1554 1401 et
1572 1354 1706 1401 nulla
1725 1352 1914 1402 ratione
1931 1354 2071 1400 firma

310 1432 518 1491 videtur,
540 1440 714 1495 utputa
735 1433 808 1480 sol
835 1442 1066 1482 utrumne
1091 1442 1256 1483 tantus
1277 1442 1492 1497 quantus
1512 1435 1717 1494 videtur,
1739 1451 1802 1482 an
1829 1433 1984 1482 maior
2009 1433 2070 1482 sit
2096 1457 2142 1497 15

311 1529 460 1575 quam
487 1513 649 1562 omnis
675 1522 828 1563 terra:
868 1513 986 1563 item
1013 1516 1130 1564 luna
1158 1516 1367 1579 globosa
1392 1515 1453 1565 sit
1478 1533 1543 1565 an
1567 1533 1799 1577 concava,
1828 1526 1875 1565 et
1901 1518 2070 1565 stellae

311 1600 542 1644 utrumne
571 1597 873 1645 adhaereant
898 1599 1049 1657 caelo,
1079 1615 1143 1646 an
1168 1615 1254 1661 per
1278 1615 1442 1647 aerem
1468 1598 1624 1648 libero
1649 1616 1794 1647 cursu
1824 1600 2068 1648 ferantur:

311 1677 503 1724 caelum
542 1676 703 1740 ipsum
742 1696 841 1741 qua
878 1677 1235 1742 magnitudine,
1270 1696 1368 1743 qua
1406 1679 1609 1729 materia
1645 1689 1866 1729 constat:
1904 1690 2068 1728 utrum

311 1756 533 1819 quietum
551 1758 611 1807 sit
629 1768 676 1808 et
696 1759 949 1820 inmobile,
968 1777 1031 1809 an
1052 1760 1329 1810 incredibili
1347 1761 1594 1811 celeritate
1611 1764 1832 1811 volvatur
1851 1781 1860 1810 ε
1886 1771 2071 1825 quanta

311 1839 371 1887 sit
398 1849 553 1889 terrae
580 1841 869 1901 crassitudo,
892 1852 977 1890 aut
997 1842 1178 1906 quibus
1199 1843 1534 1893 fundamentis
1560 1844 1733 1893 librata
1759 1854 1806 1893 et
1831 1861 2069 1907 suspensa
2095 1866 2145 1894 20

255 1943 286 1989 3
309 1933 608 1984 permaneat.
686 1925 841 1987 Ipsud
866 1934 1032 1973 autem
1054 1942 1239 1974 nomen
1265 1925 1440 1974 Latine
1458 1925 1830 1989 interpretatum
1849 1943 2069 1975 amorem

311 2004 581 2068 sapientiae
602 2007 868 2068 profitetur.
920 2009 1051 2056 Nam
1074 2007 1250 2056 Graeci
1271 2013 1405 2070 φιλο·
1429 2025 1663 2068 amorem,
1687 2011 1864 2071 σοφίαν
1882 2008 2070 2072 sapien-

312 2087 428 2135 tiam
450 2086 636 2136 dicunt.
711 2088 1066 2152 Philosophiae
1086 2089 1275 2152 species
1301 2090 1538 2154 tripertita
1562 2101 1634 2140 est
1655 2110 1663 2140 :
1702 2108 1801 2139 una
1819 2090 2065 2149 naturalis,

313 2185 440 2231 quae
467 2171 655 2218 Graece
682 2170 892 2234 Physica
917 2173 1204 2234 appellatur,
1235 2171 1283 2219 in
1311 2189 1407 2235 qua
1434 2174 1497 2222 de
1522 2182 1725 2221 naturae
1750 2171 2068 2235 inquisitione

312 2251 564 2299 disseritur
583 2271 592 2300 :
631 2253 781 2301 altera
803 2252 1015 2313 moralis,
1038 2270 1165 2316 quae
1188 2255 1376 2302 Graece
1399 2254 1577 2302 Ethica
1597 2254 1788 2314 dicitur,
1811 2254 1860 2302 in
1887 2271 1985 2318 qua
2005 2255 2068 2302 de
2094 2274 2112 2302 2
2121 2276 2141 2315 5

313 2333 532 2382 moribus
557 2333 745 2397 agitur:
784 2334 924 2384 tertia
949 2335 1213 2396 rationalis,
1242 2353 1368 2399 quae
1396 2338 1587 2385 Graeco
1613 2336 1858 2385 vocabulo
1886 2335 2069 2398 Logica

311 2417 599 2477 appellatur,
621 2415 672 2464 in
692 2434 790 2480 qua
815 2417 1093 2482 disputatur
1112 2420 1539 2481 quemadmodum
1561 2418 1611 2466 in
1631 2435 1790 2467 rerum
1812 2417 1970 2466 causis
1991 2418 2068 2466 vel

254 2514 287 2561 4
311 2496 439 2545 vitae
471 2497 691 2547 moribus
721 2498 897 2547 veritas
933 2499 1038 2562 ipsa
1068 2510 1342 2563 quaeratur.
1418 2503 1478 2548 In
1505 2499 1714 2564 Physica
1747 2499 1890 2563 igitur
1920 2516 2068 2547 causa

312 2575 597 2637 quaerendi,
626 2575 674 2623 in
710 2576 888 2625 Ethica
918 2579 1041 2626 ordo
1066 2577 1279 2639 vivendi,
1307 2577 1357 2626 in
1386 2578 1569 2642 Logica
1601 2577 1723 2627 ratio
1749 2577 2067 2641 intellegendi

367 2711 392 2736 2
423 2698 494 2737 illa
516 2727 525 2737 .
548 2728 558 2738 .
580 2727 589 2737 .
613 2699 871 2738 distendens
895 2713 977 2739 om.
1008 2699 1046 2738 T
1204 2713 1229 2750 3
1260 2701 1318 2738 ita
1341 2698 1390 2739 C1
1555 2713 1580 2749 4
1609 2700 1679 2738 illa
1707 2700 1897 2739 ABCT:
1945 2713 1996 2738 ea
2023 2701 2071 2739 K

312 2766 337 2803 5
366 2752 468 2805 ista]
489 2753 546 2791 ita
565 2752 615 2791 Cl
626 2753 664 2792 T
665 2754 678 2776 ¹
843 2768 863 2804 7
895 2756 1198 2805 exponendum
1218 2755 1260 2793 B
1422 2768 1450 2805 9
1477 2755 1530 2794 ad
1551 2756 1698 2794 eadem
1719 2755 1761 2792 Β
1892 2756 2067 2793 demon-

313 2814 547 2847 strarentur
567 2808 614 2846 K
751 2821 796 2847 11
829 2809 1150 2860 divinarumque
1171 2823 1255 2849 om.
1280 2809 1327 2846 K
1434 2822 1526 2848 cum
1548 2811 1688 2848 studio
1704 2823 1785 2850 om.
1805 2809 1851 2848 K
1957 2809 2067 2848 bene

313 2863 485 2902 vivendi
516 2875 602 2901 om.
641 2863 678 2900 T
841 2877 890 2902 12
919 2871 1114 2904 contrare
1147 2864 1182 2903 C
1294 2877 1341 2912 14
1372 2864 1537 2904 firmata
1567 2864 1613 2902 K
1778 2866 1827 2903 16
1856 2869 1968 2902 terra
2002 2865 2066 2903 sol

316 2919 417 2957 item
438 2918 486 2956 K
650 2919 700 2956 18
730 2931 854 2968 quam
876 2932 985 2969 mag.
1007 2919 1099 2957 KT
1202 2932 1284 2968 qua
1305 2932 1387 2958 om.
1410 2919 1482 2958 K:
1512 2932 1637 2969 quam
1665 2918 1703 2957 T
1806 2924 1972 2958 constet
1991 2918 2070 2958 BC

318 2985 367 3022 19
387 2973 531 3022 quieta
548 2972 595 3012 K
759 2986 813 3011 20
833 2974 1006 3025 quibus]
1021 2973 1116 3024 quis
1137 2973 1194 3013 T:
1223 2975 1267 3012 in
1281 2974 1436 3023 quibus
1469 2974 1504 3013 C
1664 2986 1711 3012 21
1736 2974 2070 3023 interpraetatur

315 3040 434 3066 amor
453 3028 498 3066 K
609 3041 660 3068 22
689 3028 934 3080 profitetur]
957 3029 1266 3080 interpetratur
1293 3028 1330 3066 T
1446 3030 1498 3068 28
1526 3028 1612 3068 vita
1633 3041 1773 3068 mores
1802 3028 1840 3067 T
1943 3041 2067 3078 quae-

316 3082 423 3121 ritur
441 3084 483 3121 A
