2176 3424
396 138 1025 197 ETYMOLOGIARVM
1065 135 1195 181 LIB.
1234 129 1383 177 XIII.
1424 121 1589 172 xi—xiii

120 284 307 340 hiems;
365 280 497 328 unde
537 285 584 325 et
623 272 843 323 medium
883 279 931 318 et
971 267 1166 316 confine
1214 260 1467 322 utriusque
1515 249 1750 315 temporis
1800 264 1858 295 ex

117 361 467 414 coniunctione
527 373 695 406 aerum
761 349 1117 402 contrariorum
1186 343 1461 393 efficiuntur
1520 338 1854 396 tempestates.

120 449 299 510 Fragor
339 460 368 492 a
409 444 669 490 fractarum
709 451 868 486 rerum
907 429 1188 481 nominatus
1227 434 1300 474 est
1348 418 1526 478 sonim,
1572 413 1688 479 quia
1730 411 1860 460 sicca
1886 428 1943 462 21

120 521 418 592 quaeque'et
442 522 578 571 arida
603 519 744 568 facile
767 514 957 578 frangit.
1030 510 1252 559 Procella
1270 505 1333 554 ab
1359 520 1422 552 eo
1448 499 1584 565 quod
1610 494 1858 560 percellat,
1887 513 1953 548 22

77 632 98 671 5
120 611 171 660 id
196 618 267 658 est
292 605 532 672 percutiat
557 612 604 653 et
630 603 803 651 evellat
824 617 835 659 3
859 606 931 646 est
957 594 1090 645 enim
1110 592 1180 641 vis
1197 587 1330 639 venti
1356 602 1470 635 cum
1497 579 1674 646 pluvia.
1749 579 1863 623 Pro-

121 693 272 741 cellae
297 689 429 739 enim
454 696 537 736 aut
554 687 617 734 de
637 680 937 738 fulminibus,
961 686 1045 726 aut
1065 677 1128 725 de
1149 671 1304 723 ventis
1325 671 1465 718 fiunt.
1539 662 1677 712 Nihil
1696 668 1863 707 autem

121 771 337 822 velocius
364 768 549 827 ventis3
586 767 719 814 unde
744 773 791 813 et
817 769 1014 826 propter
1052 755 1351 807 celeritatem
1388 759 1488 798 tam
1516 753 1689 794 ventos
1716 756 1863 804 quam

48 889 63 916 s
123 854 328 903 fulmina
353 854 480 901 alata
506 851 696 911 fingunt
721 854 912 910 poetae,
940 852 992 891 ut
1023 839 1175 907 (Virg.
1195 839 1318 885 Aen.
1345 837 1387 893 8,
1408 828 1529 893 430)
1554 848 1563 877 :

814 926 957 974 Alitis
997 920 1177 971 Austri.

57 1037 104 1068 10
262 1019 345 1065 DE
381 1028 546 1071 AQV1s.
620 1014 766 1074 Aqua
782 1008 914 1058 dicta
939 1006 1075 1069 quod
1102 998 1384 1066 superficies
1405 997 1508 1044 eius
1525 990 1744 1054 aequalis
1771 985 1831 1035 sit
1854 1003 1867 1045 3
1892 999 1976 1038 XII

126 1099 240 1148 hinc
275 1108 322 1147 et
355 1112 539 1159 aequor
574 1094 890 1157 appellatum,
925 1087 1040 1151 quia
1063 1082 1332 1148 aequaliter
1363 1093 1555 1128 sursum
1586 1082 1671 1122 est.
1748 1072 1865 1118 Duo
1893 1083 1924 1118 2

127 1191 291 1230 autem
317 1177 617 1227 validissima
642 1174 767 1223 vitae
792 1175 1040 1220 humanae
1066 1169 1311 1217 elementa
1327 1160 1452 1224 ignis
1473 1167 1520 1208 et
1540 1172 1668 1219 aqua
1687 1172 1699 1214 3
1735 1153 1869 1200 unde

125 1262 332 1327 graviter
347 1262 643 1309 damnantur
663 1255 842 1319 quibus
860 1252 983 1316 ignis
1004 1261 1052 1300 et
1072 1266 1201 1312 aqua
1220 1243 1540 1295 interdicitur.
1611 1241 1867 1299 Aquarurn
1895 1245 1924 1291 3

128 1348 427 1395 elementum
476 1339 649 1390 ceteris
698 1336 930 1387 omnibus
979 1336 1198 1396 imperat.
1275 1331 1448 1390 Aquae
1498 1321 1630 1371 enim
1679 1319 1870 1367 caelum

38 1422 106 1490 *15
129 1434 417 1490 temperant,
446 1433 621 1472 terram
661 1421 943 1477 fecundant,
972 1431 1135 1464 aerem
1173 1406 1567 1461 exhalationibus
1594 1402 1692 1451 suis
1718 1399 1872 1447 incor-

129 1518 317 1574 porant,
360 1506 604 1555 scandunt
634 1502 683 1550 in
722 1499 933 1550 sublime
967 1507 1015 1546 et
1044 1497 1236 1544 caelum
1271 1490 1363 1539 sibi
1394 1486 1660 1536 vindicant.
1735 1479 1872 1542 Quid

129 1591 260 1640 enirn
290 1586 556 1637 mirabilius
582 1584 722 1648 aquis
742 1583 789 1630 in
807 1583 944 1631 caelo
966 1577 1246 1628 stantibus?
1317 1575 1494 1620 Parum
1523 1569 1583 1616 sit
1608 1566 1658 1613 in
1684 1573 1871 1613 tantam
1894 1574 1926 1620 4

132 1671 410 1736 pervenisse
447 1666 790 1726 altitudinem3
837 1664 1032 1726 rapiunt
1071 1669 1119 1708 et
1162 1673 1330 1706 secum
1370 1651 1579 1717 piscium
1619 1645 1875 1704 examina3

135 1756 316 1802 effusae
342 1749 564 1801 omnium
599 1747 649 1795 in
685 1757 809 1795 terra
842 1743 1152 1793 nascentium
1186 1755 1334 1787 causa
1358 1738 1496 1784 fiunt.
1572 1733 1754 1793 Fruges
1780 1726 1875 1790 gig-

62 1854 113 1882 20
134 1845 272 1895 nunt,
310 1834 522 1890 arbores,
561 1828 757 1877 frutices
797 1826 1074 1888 herbasque
1116 1822 1347 1885 produnt,
1393 1817 1561 1866 sordes
1601 1815 1875 1873 detergunt,

133 1923 335 1977 peccata
359 1914 580 1971 abluunt,
610 1920 783 1974 potum
809 1906 999 1957 cunctis
1025 1901 1361 1954 animantibus
1388 1899 1623 1947 tribuunt.

268 1998 349 2043 DE
387 2008 738 2042 DIVERSITATE
775 2004 1044 2046 AQVARVM.
1118 1988 1374 2047 Aquarum
1395 1989 1599 2028 naturae
1620 1975 1874 2025 diversitas
1901 1984 2008 2024 XIII

132 2079 286 2125 multa
325 2086 425 2125 est:
463 2077 587 2124 aliae
626 2073 756 2123 enim
798 2070 924 2130 salis,
971 2070 1094 2117 aliae
1133 2065 1260 2123 nitri,
1305 2063 1429 2111 aliae
1468 2058 1712 2118 aluminis,
1753 2055 1875 2104 aliae

133 2158 390 2222 sulphuris,
427 2157 550 2206 aliae
584 2154 855 2212 bituminis,
882 2151 1005 2200 aliae
1039 2165 1206 2198 curam
1242 2146 1527 2195 morborum
1563 2141 1871 2191 adhibentes.

190 2303 207 2328 1
242 2303 310 2328 un.
337 2289 446 2328 med.
475 2287 512 2326 T
635 2285 822 2335 utrisque
846 2283 879 2322 C
1006 2295 1075 2320 un.
1099 2280 1207 2319 med.
1235 2285 1276 2317 et
1297 2277 1405 2316 conf.
1429 2281 1508 2314 utr.
1532 2280 1658 2323 temp.
1685 2286 1739 2311 ex
1761 2272 1868 2310 coni.

133 2358 272 2384 rerum
294 2343 593 2383 contrariarum
611 2340 737 2380 efficit
755 2346 882 2388 temp.
907 2337 1076 2375 Servius
1095 2335 1152 2373 ad
1173 2335 1315 2385 Georg.
1338 2346 1372 2382 1,
1392 2344 1467 2381 311
1582 2343 1605 2367 2
1636 2326 1871 2377 coniunct.]

131 2399 381 2439 condicione
411 2397 455 2436 K
482 2396 604 2436 Phill.
770 2405 915 2432 aerum
944 2405 993 2430 ex
1021 2402 1167 2429 earum
1196 2389 1237 2427 Β
1454 2398 1478 2434 3
1517 2385 1745 2423 fractorum
1775 2381 1878 2420 B1T

133 2453 218 2505 est]
249 2468 273 2492 a
304 2454 349 2491 K
473 2451 588 2502 quia]
626 2450 738 2499 quod
772 2449 836 2487 B:
867 2459 975 2497 quae
1012 2445 1061 2484 Cl
1238 2455 1262 2492 5
1292 2442 1378 2492 vis]
1411 2441 1535 2479 unius
1563 2436 1710 2478 BlKO
1743 2436 1866 2475 Phili.

132 2511 158 2547 6
188 2509 240 2547 de
262 2507 499 2546 fluminibus
515 2513 584 2545 aut
601 2506 653 2544 de
675 2503 888 2542 montibus
909 2501 1025 2540 Serv.
1043 2499 1103 2538 ad
1116 2498 1224 2538 Aen.
1244 2509 1282 2546 5,
1301 2509 1377 2546 772
1510 2494 1614 2532 nihil
1635 2522 1646 2532 .
1671 2524 1679 2533 .
1703 2523 1711 2531 .
1731 2490 1871 2530 ventis

133 2577 214 2602 om.
245 2562 282 2600 T
385 2561 548 2612 autem]
571 2560 683 2599 enim
706 2557 741 2597 C
864 2571 884 2606 7
916 2555 1185 2595 velocitatem
1206 2552 1251 2590 K
1267 2551 1390 2590 Plu'll.
1515 2551 1540 2588 8
1570 2547 1739 2586 flumina
1758 2545 1798 2583 Β
1806 2545 1843 2582 Τ
1839 2545 1874 2584 C

134 2618 311 2668 pingunt
331 2615 376 2654 K
484 2629 510 2666 9
536 2615 659 2654 alatis
675 2613 720 2651 K
735 2612 859 2652 Phill.
971 2609 1172 2660 Sequitur
1177 2607 1324 2658 figura
1345 2610 1572 2655 ventorum,
1593 2601 1871 2653 suprascripto

134 2683 356 2711 nvom-:cm
386 2683 528 2709 VENTL
562 2681 703 2708 mva
736 2679 851 2706 ROTA
886 2675 1149 2712 elRCVMDAT‚
1184 2662 1228 2700 in
1269 2661 1307 2701 T
1470 2672 1514 2698 11
1548 2658 1663 2709 quia]
1698 2655 1808 2706 quod
1843 2654 1877 2693 C

136 2740 185 2766 12
215 2740 279 2766 au.
302 2731 400 2765 sunt
419 2725 499 2764 val.
524 2724 568 2762 K
675 2723 773 2773 igne
793 2721 840 2759 K
966 2733 1034 2758 un.
1058 2723 1101 2757 et
1121 2730 1181 2766 gr.
1203 2716 1247 2755 K
1415 2727 1463 2763 14
1492 2727 1600 2764 aqua
1619 2726 1684 2751 en.
1711 2724 1746 2750 c.
1766 2715 1870 2748 tem-

133 2787 255 2831 perat
275 2787 303 2819 t.
326 2780 522 2819 fecundat
550 2778 586 2815 T
711 2789 758 2826 15
784 2789 924 2814 aerem
947 2805 955 2814 .
980 2805 988 2814 .
1008 2805 1017 2813 .
1044 2774 1206 2821 incorp.
1227 2785 1310 2809 om.
1338 2768 1388 2808 C1
1504 2770 1554 2807 16
1583 2766 1817 2806 ascendunt
1842 2763 1880 2802 T

137 2849 183 2885 17
215 2835 417 2874 mirabilis
440 2834 489 2872 Cl
627 2832 806 2870 Parvum
825 2831 878 2869 sit
899 2830 934 2868 C
951 2844 959 2868 :
989 2829 1176 2878 Quarum
1196 2825 1232 2864 si
1252 2825 1298 2863 K
1463 2824 1512 2863 18
1543 2821 1809 2873 pervenisset
1829 2818 1875 2857 K

135 2891 195 2942 et]
217 2903 268 2929 eo
282 2889 392 2929 Plin.
413 2889 465 2927 N.
482 2887 541 2927 H.
570 2899 636 2936 31,
656 2899 680 2924 2
792 2885 1016 2935 exagmina
1035 2882 1086 2921 Cl
1105 2895 1113 2920 :
1140 2881 1336 2920 exanima
1361 2879 1398 2918 T
1560 2891 1610 2926 19
1639 2887 1791 2916 causae
1811 2872 1871 2912 Κ1

134 2945 239 2993 frug.
265 2945 502 2995 producunt
522 2942 590 2981 B:
621 2942 746 2980 flores
764 2940 994 2990 gignuntur
1015 2938 1084 2976 K:
1114 2949 1198 2974 om,
1226 2933 1279 2973 Tl
1443 2947 1495 2972 20
1526 2931 1643 2983 frut.]
1667 2931 1810 2980 fruges
1829 2928 1875 2967 K

135 3000 372 3048 producunt
386 2998 463 3036 BC
569 3010 621 3035 22
651 2995 744 3034 Hoc
760 2994 987 3046 capitulum
1001 2991 1124 3031 edidit
1139 2989 1256 3029 Rich.
1273 2988 1450 3040 Gropt‘us
1466 2985 1710 3039 (Weilburg.
1734 2984 1868 3035 1889),

130 3052 319 3102 pluribus
337 3052 488 3093 collatis
506 3051 700 3091 codicibus
838 3054 986 3088 natura
1005 3047 1051 3086 K
