2228 3444
507 159 1142 208 ETYMOLOGIARVM
1183 161 1312 208 LIB.
1354 163 1392 209 Ι.
1434 179 1504 219 ΧΧ,
1546 162 1621 209 xxi

191 281 431 343 Catalogo
452 281 561 329 loca
585 298 614 329 a
638 279 757 329 locis
783 289 830 329 et
857 278 1102 347 [regiones
1127 279 1178 348 a]
1207 282 1502 346 regionibus,
1531 285 1580 332 in
1606 286 1780 347 Agone
1806 302 1937 347 prae·

190 362 288 409 mia
319 379 350 410 a
380 361 621 424 praemiis,
656 361 924 410 certamina
954 379 983 411 a
1016 362 1218 412 diversis
1252 365 1603 413 certaminibus
1636 375 1935 429 separantur.

194 459 233 504 Ἶ
260 442 480 491 Positura
505 451 577 491 est
608 444 759 506 figura
784 445 1086 506 paragrapho
1112 444 1354 493 contraria
1386 455 1434 493 et
1464 444 1578 494 ideo
1612 445 1681 494 sic
1715 448 1933 506 formata,
1963 469 1997 514 9

190 519 454 587 quia'sicut
486 523 566 572 ille
591 523 830 587 principia
862 533 1013 583 notat,
1044 525 1110 573 ita
1134 526 1226 573 ista
1251 526 1372 574 fines
1397 543 1426 574 a
1451 525 1701 590 principiis
1727 538 1931 591 separat.

139 623 161 664 5
191 610 240 654 Q)
271 604 498 668 Cryphia,
519 604 687 654 circuli
711 622 821 668 pars
841 604 1037 654 inferior
1055 622 1170 654 cum
1189 616 1391 670 puncto,
1413 609 1612 671 ponitur
1631 607 1680 656 in
1701 608 1775 657 his
1796 608 1930 669 locis,
1957 629 2015 664 10

188 687 274 736 ubi
321 686 544 749 quaestio
591 688 713 736 dura
754 696 802 736 et
844 687 1053 736 obscura
1094 687 1268 752 aperiri
1315 691 1391 737 vel
1439 689 1561 738 solvi
1609 707 1710 738 non
1758 690 1930 753 potuit.

187 768 225 817 Ξ)
256 767 554 817 Antisimma
578 767 776 832 ponitur
800 770 864 817 ad
889 785 975 818 eos
1001 785 1167 818 versus
1193 787 1402 833 quorum
1429 773 1552 820 ordo
1584 774 1938 834 permutandus
1963 792 2010 825 11

187 860 273 899 est.
346 849 426 900 Sic
450 859 498 899 et
531 850 581 898 in
605 849 819 914 antiquis
843 851 1126 900 auctoribus
1161 851 1376 915 positum
1403 852 1661 902 invenitur.
1735 852 1772 902 Ξ)
1803 853 1940 902 Anti·
1963 872 2018 906 12

187 932 363 980 simma
401 949 514 980 curn
554 941 739 995 puncto
772 934 970 996 ponitur
1010 934 1059 981 in
1098 932 1173 982 his
1212 933 1332 983 locis
1372 934 1457 982 ubi
1496 934 1547 983 in
1581 937 1757 984 eodem
1793 953 1938 984 sensu

118 1028 164 1056 10
188 1013 410 1076 duplices
454 1031 620 1063 versus
663 1023 790 1074 sunt,
837 1024 884 1063 et
927 1013 1181 1064 dubitatur
1223 1017 1307 1078 qui
1356 1016 1519 1078 potius
1563 1017 1819 1080 eligendus
1862 1017 1935 1066 sit.

200 1109 243 1147 >
279 1095 440 1158 Diple.
515 1098 664 1145 Hanc
698 1095 957 1159 scriptores
993 1096 1146 1146 nostri
1178 1099 1439 1161 adponunt
1473 1097 1522 1145 in
1556 1097 1689 1147 libris
1716 1098 1939 1148 ecclesia·
1964 1114 2018 1159 13

187 1176 420 1226 sticorum
437 1176 650 1226 virorum
666 1178 730 1226 ad
750 1180 1022 1241 separanda
1038 1180 1113 1227 vel
1132 1177 1236 1245 [ad]
1255 1180 1643 1229 demonstranda
1659 1179 1940 1229 testimonia
1957 1240 1965 1242 ‚

186 1268 464 1308 sanctarum
485 1258 856 1322 Scripturarum.
927 1271 973 1311 ·>
1006 1261 1154 1324 Diple
1173 1263 1278 1324 περὶ
1297 1263 1474 1327 στίχον.
1539 1264 1689 1310 Hanc
1710 1260 1939 1328 pri[m]us
1964 1278 2019 1324 14

187 1341 431 1403 Leogoras
449 1343 780 1404 Syracusanus
796 1340 961 1404 posuit
979 1340 1262 1390 Homericis
1271 1341 1490 1391 versibus
1502 1344 1565 1391 ad
1583 1343 1938 1406 separationem

115 1433 162 1473 15
188 1421 389 1485 Olympi
421 1439 450 1470 a
483 1424 633 1471 caelo.
722 1432 765 1475 >1
801 1421 951 1486 Diple
987 1426 1360 1489 περιεστιγμένη,
1394 1423 1445 1472 id
1475 1433 1548 1472 est
1585 1441 1699 1472 cum
1732 1423 1938 1487 geminis
1965 1432 2019 1481 15

186 1502 396 1565 punctis.
490 1505 640 1552 Hanc
681 1503 872 1567 antiqui
914 1503 962 1552 in
1007 1504 1082 1553 his
1126 1505 1448 1568 opponebant
1485 1522 1613 1568 quae
1655 1507 1939 1554 Zenodotus

187 1583 431 1647 Ephesius
456 1601 558 1634 non
584 1593 714 1634 recte
739 1585 999 1646 adiecerat,
1025 1595 1110 1635 aut
1135 1588 1421 1646 detraxerat,
1447 1597 1532 1635 aut
1565 1596 1938 1650 permutaverat.

187 1667 247 1713 In
280 1665 354 1714 his
381 1675 428 1715 et
453 1666 607 1716 nostri
633 1684 691 1716 ea
715 1667 789 1716 usi
822 1677 948 1716 sunt.
1025 1675 1084 1722 >
1109 1667 1255 1731 Diple
1282 1670 1576 1732 ὀβολισμένη
1613 1667 1939 1732 interponitur
1963 1671 2022 1718 16

184 1748 248 1796 ad
274 1749 574 1810 separandos
601 1748 650 1796 in
676 1748 947 1798 comoediis
969 1751 1045 1798 vel
1071 1749 1334 1813 tragoediis
1359 1749 1604 1813 periodos
1664 1754 1730 1799 —).
1751 1752 1936 1798 Aversa
1961 1763 2014 1812 17

112 1855 163 1882 20
187 1831 495 1892 ὀβολισμένη,
509 1829 736 1895 quotiens
755 1832 952 1893 strophe
970 1840 1018 1880 et
1033 1831 1367 1895 antistrophus
1384 1831 1599 1880 infertur.
1641 1840 1701 1887 <
1717 1833 1937 1880 Adversa
1962 1834 2016 1881 18

185 1928 299 1959 cum
333 1912 484 1960 obolo
508 1913 572 1961 ad
606 1929 662 1962 ea
694 1912 894 1976 ponitur
926 1930 1054 1976 quae
1083 1915 1147 1963 ad
1177 1913 1364 1976 aliquid
1397 1912 1676 1978 respiciunt,
1705 1922 1757 1962 ut
1783 1912 1936 1976 (Virg.

187 1995 309 2043 Aen.
336 2011 405 2054 10,
428 1992 511 2058 88)
533 2013 541 2042 :

387 2077 560 2123 Nosne
599 2075 689 2124 tibi
729 2075 966 2139 Phrygiae
1003 2093 1076 2125 res
1116 2086 1303 2126 vertere
1340 2077 1497 2125 fundo

387 2157 664 2204 conamur?
712 2157 844 2204 nos?
891 2173 953 2204 an
992 2155 1194 2206 miseros
1232 2156 1317 2220 qui
1353 2160 1507 2206 Troas
1546 2155 1747 2206 Achivis

111 2255 160 2296 25
387 2235 570 2286 obiecit
587 2239 607 2285 ?

193 2325 239 2373 Ξ
280 2317 426 2381 Diple
463 2335 672 2381 superne
709 2319 910 2368 obolata
947 2319 1144 2382 ponitur
1178 2322 1241 2369 ad
1279 2319 1590 2370 conditiones
1628 2322 1848 2369 locorum
1883 2336 1940 2368 ac
1964 2330 2026 2375 19

241 2459 257 2484 1
290 2447 488 2498 regiones
507 2462 532 2488 a
551 2449 641 2489 hab,
667 2448 774 2488 CK:
814 2462 896 2489 om.
927 2448 1014 2488 BT
1189 2464 1213 2500 3
1244 2457 1308 2490 est
1334 2464 1384 2489 ex
1411 2457 1452 2489 et
1481 2449 1562 2489 KL
1761 2463 1784 2498 4
1815 2448 1886 2487 illa
1914 2448 1950 2486 T

181 2511 205 2549 5
236 2509 399 2551 ponunt
420 2503 470 2541 Cl
576 2505 603 2541 6
631 2503 824 2554 potestB
952 2506 971 2550 ξ
995 2517 1039 2542 11
1073 2517 1152 2543 om.
1175 2505 1239 2543 Β1
1351 2519 1373 2555 7
1404 2518 1476 2544 eos
1492 2518 1573 2544 om.
1599 2504 1636 2542 T
1741 2516 1878 2553 perm-
1898 2517 1946 2541 ex

180 2568 345 2604 praem·
365 2557 444 2596 KL
600 2559 626 2596 8
656 2558 893 2597 invenimus
910 2558 1030 2596 K1L1
1047 2564 1094 2597 ut
1109 2559 1188 2598 vid.
1212 2560 1312 2611 (non
1330 2559 1392 2610 A)
1565 2572 1612 2596 12
1637 2559 1689 2597 ad
1707 2559 1798 2597 hab.
1813 2556 1910 2596 KL1
1932 2571 1941 2596 ε

182 2623 262 2648 om.
295 2610 414 2650 BCT
631 2625 679 2661 13
710 2613 852 2663 script.
885 2619 1019 2653 sanct.
1049 2613 1097 2652 K
1125 2614 1227 2665 (non
1257 2614 1318 2663 A)
1525 2613 1610 2663 περὶ
1640 2612 1800 2662 στίχον]
1833 2613 1941 2661 peri-

181 2664 318 2703 sticon
356 2665 415 2705 T:
457 2667 675 2716 persticon
704 2667 780 2705 Blz
825 2667 1034 2716 plecticon
1067 2669 1126 2707 C:
1174 2669 1390 2719 persticon
1421 2681 1468 2707 ex
1495 2668 1734 2718 praesticon
1768 2668 1939 2715 (prest.)

179 2717 285 2760 KL:
331 2720 521 2771 per(peri
535 2721 740 2771 2)stincon
769 2722 810 2760 A
836 2735 844 2759 :
883 2721 969 2774 περὶ
999 2722 1176 2772 στιγμήν
1207 2723 1301 2761 Otto
1466 2723 1582 2772 prius
1616 2723 1712 2760 K¹L
1747 2721 1848 2771 (non
1878 2720 1938 2769 A)

184 2783 231 2821 15
263 2775 564 2825 peristigmene
592 2775 702 2814 codd.
734 2775 1018 2826 (perstigmen
1046 2777 1106 2815 T:
1136 2778 1465 2827 perstrigimene
1486 2777 1550 2827 A)
1667 2778 1716 2814 16
1755 2787 1942 2824 appone-

178 2826 280 2866 bant
300 2828 379 2868 CK
407 2831 512 2882 (non
539 2830 580 2867 A
590 2831 604 2881 )
710 2842 755 2878 17
789 2835 860 2869 aut
890 2837 1202 2881 permutaverat
1229 2845 1310 2871 om.
1343 2832 1380 2870 T
1467 2833 1515 2869 18
1545 2830 1808 2869 obolismene
1829 2828 1936 2868 codd.

176 2890 282 2940 (bol-
302 2893 365 2943 A)
580 2906 629 2944 19
653 2898 695 2934 —2
726 2894 784 2934 T:
822 2896 923 2935 <B
945 2895 1013 2948 (C¹
1038 2911 1078 2937 n.
1099 2897 1141 2946 l.‚
1166 2896 1223 2935 Α1
1245 2910 1284 2937 n.
1306 2896 1382 2949 l.):
1412 2899 1437 2936 ’1.
1459 2894 1606 2933 KLA²
1751 2906 1804 2932 20
1835 2891 1899 2938 Ε
1916 2908 1942 2931 α

177 2944 414 2997 (=BCA²:
452 2948 513 2987 Al
542 2962 581 2988 n.
606 2950 653 3001 l.)
685 2952 713 2992 β
746 2949 949 3002 (=KL):
980 2956 1015 2991 7.—
1041 2951 1078 2990 T
1360 2951 1553 2989 Adversa
1582 2947 1747 2987 KL1T:
1780 2948 1942 2989 Aversa

174 2999 300 3040 ΑΒΕ
459 3016 511 3053 23
541 3003 613 3043 tibi
636 3005 768 3044 fluxas
784 3005 961 3056 frigeres
983 3006 1023 3044 Β
1189 3019 1239 3055 24
1269 3005 1519 3045 animiseros
1545 3003 1582 3041 T

245 3093 348 3132 1182
1063 3111 1094 3144 E
