2176 3424
1046 130 1320 180 ISIDORI

298 265 390 312 bus
415 271 567 326 atque
586 262 781 312 Galatia
802 261 962 310 Asiae.
1022 259 1242 309 Satureia
1260 259 1418 308 calida
1438 267 1486 306 et
1505 274 1657 321 prope
1682 257 1848 320 ignita.
1903 259 2051 306 Vnde

299 345 366 393 illi
393 342 488 411 [et]
517 361 702 393 nomen
728 343 944 392 inditum
965 344 1186 401 credunt,
1215 342 1351 404 quod
1372 355 1554 403 pronos
1579 337 1693 387 facit
1718 338 1770 386 in
1784 341 2049 387 Venerem.

211 437 277 485 43
300 426 526 490 Satyrion
573 426 706 475 dicta
746 442 775 474 a
819 424 1000 488 Satyris
1048 433 1246 486 propter
1292 421 1580 471 incendium
1627 419 1861 478 libidinis,
1903 436 2051 482 quam

299 510 473 572 vulgus
515 508 729 557 stincum
769 515 950 555 vocant
968 524 981 566 3
1036 507 1280 554 Venerem
1330 503 1463 552 enim
1512 501 1727 551 suscitat.
1813 503 1958 550 Idem
2006 510 2054 549 et

300 590 475 651 orchis,
504 591 642 654 quod
666 588 803 638 radix
830 588 934 636 eius
961 589 1009 635 in
1036 588 1243 635 modum
1269 585 1607 635 testiculorum
1628 584 1702 643 sit,
1727 599 1851 646 quos
1877 583 2053 632 Graeci

302 675 453 738 ὄρχεις
477 680 670 722 vocant.
742 672 886 719 Idem
913 679 960 718 et
986 670 1220 732 leporina,
1248 677 1447 731 propter
1472 667 1607 730 quod
1633 668 1825 715 caulem
1851 666 2053 713 mollem

213 770 280 816 44
303 755 508 804 emittat.
582 755 751 802 Vrtica
777 769 835 801 ex
861 769 921 801 eo
947 760 1120 800 vocata
1154 751 1290 813 quod
1324 758 1483 797 tactus
1518 748 1621 797 eius
1659 763 1835 810 corpus
1864 747 2051 794 adurat.

304 839 394 885 Est
437 835 568 885 enim
613 836 786 898 igneae
829 832 1035 882 omnino
1080 841 1282 880 naturae
1324 839 1372 879 et
1413 839 1547 878 tactu
1589 827 1785 892 perurit,
1831 829 1965 876 unde
2007 835 2055 875 et

213 941 281 991 45
302 918 602 984 pruriginem
622 915 750 965 facit.
805 913 1069 963 Artemisia
1086 914 1239 961 herba
1259 911 1451 960 Dianae
1470 928 1498 959 a
1513 910 1742 974 gentibus
1768 918 2054 958 consecrata

302 1011 389 1061 est,
424 1001 559 1049 unde
592 1007 640 1048 et
676 1005 998 1061 nuncupata;
1037 997 1226 1046 Graece
1263 994 1396 1043 enim
1436 994 1598 1041 Diana
1615 991 1835 1056 Ἄρτεμις
1863 990 2055 1040 dicitur.

210 1093 280 1152 46
303 1082 687 1133 Chamaemelos
713 1080 903 1129 Graece
930 1077 1062 1126 dicta
1087 1078 1225 1140 quod
1259 1075 1373 1124 mali
1401 1074 1611 1123 Matiani
1636 1076 1841 1123 odorem
1876 1073 2055 1122 habeat

214 1181 280 1231 47
303 1167 464 1227 sitque
488 1161 650 1211 brevis
675 1170 930 1223 terraeque
956 1158 1130 1207 vicina.
1181 1158 1518 1220 Chamaedrys
1539 1173 1568 1203 a
1586 1155 1788 1205 Graecis
1813 1156 2057 1218 appellata

303 1247 440 1309 quod
466 1244 527 1293 sit
552 1244 711 1292 brevis
738 1251 785 1291 et
811 1259 897 1305 per
922 1250 1100 1289 terram
1135 1248 1283 1288 strata
1307 1249 1355 1288 et
1382 1239 1571 1286 minuta
1590 1237 1717 1286 foliis
1744 1235 2056 1300 parvissimis.

213 1329 281 1389 48
306 1331 474 1376 Paeon
505 1324 709 1388 quidam
742 1325 966 1372 medicus
1002 1324 1105 1382 fuit,
1133 1339 1162 1369 a
1196 1338 1296 1384 quo
1333 1319 1551 1369 Paeonia
1587 1319 1740 1369 herba
1773 1317 2057 1382 perhibetur

303 1407 517 1467 inventa,
545 1415 598 1455 ut
635 1408 888 1454 Homerus
923 1403 1057 1454 dicit.
1132 1405 1282 1451 Hanc
1312 1403 1515 1465 quidam
1545 1399 1829 1464 glycysiden
1861 1408 2052 1459 vocant,

303 1490 440 1552 quod
468 1487 626 1537 dulcis
654 1486 839 1551 saporis
866 1486 940 1545 sit,
969 1487 1045 1534 vel
1072 1484 1454 1548 pentorobinam
1478 1500 1507 1531 a
1532 1499 1739 1532 numero
1765 1498 2056 1545 granorum;

305 1572 396 1630 vel,
418 1578 472 1619 ut
496 1571 592 1629 alii,
613 1571 834 1632 dactylos
854 1585 883 1616 a
903 1567 1167 1631 digitorum
1196 1565 1530 1614 similitudine.
1586 1563 1819 1613 Nascitur
1838 1563 1890 1611 in
1909 1562 2055 1612 silvis.

212 1672 285 1719 49
308 1654 575 1715 Buglossos
600 1668 628 1699 a
654 1650 855 1700 Graecis
881 1649 1013 1699 dicta
1050 1666 1110 1698 eo
1147 1650 1283 1712 quod
1320 1647 1435 1696 folia
1471 1648 1737 1710 asperrima
1760 1647 1824 1695 ad
1850 1646 2057 1694 modum

306 1737 501 1798 linguae
527 1732 667 1782 bovis
697 1733 890 1781 habeat.
967 1733 1109 1793 Quae
1139 1730 1318 1779 mirum
1344 1729 1395 1778 in
1427 1730 1634 1778 modum
1671 1729 1738 1777 ob
1768 1726 2058 1791 sapientiam

305 1815 620 1865 nutriendam
645 1813 761 1863 vino
786 1813 1098 1862 infundenda
1122 1829 1151 1861 a
1174 1811 1420 1860 veteribus
1445 1819 1759 1860 memoratur.
1833 1807 2059 1859 Convivii

308 1914 509 1962 quoque
545 1895 840 1945 hilaritatem
878 1895 1113 1958 praebere
1149 1895 1326 1943 fertur:
1365 1909 1453 1956 pro
1483 1894 1615 1942 olere
1652 1891 1799 1941 etiam
1837 1891 2057 1939 sumitur.

219 2001 287 2050 50
309 1982 654 2043 Arnoglossos,
677 1978 729 2027 id
746 1986 819 2027 est
838 1979 950 2041 agni
968 1978 1146 2040 lingua,
1168 1993 1296 2039 quae
1315 1992 1344 2023 a
1361 1976 1601 2024 Romanis
1619 1976 1850 2038 plantago
1867 1972 2058 2030 dicitur,

310 2064 446 2126 quod
473 2064 641 2126 planta
666 2062 770 2109 eius
797 2061 894 2109 cito
920 2060 1186 2108 adhaereat
1222 2067 1390 2107 terrae.
1465 2059 1615 2105 Hanc
1645 2055 1786 2104 multi
1814 2072 1903 2118 pro
1927 2055 2058 2103 olere

233 2165 287 2213 51
309 2153 585 2194 vescuntur.
662 2143 943 2205 Herpyllos,
973 2158 1099 2204 quae
1124 2141 1258 2203 apud
1285 2156 1375 2188 nos
1401 2138 1622 2202 serpillus
1647 2146 1861 2196 vocatur,
1884 2154 1972 2201 pro
1999 2153 2059 2185 eo

368 2287 384 2312 1
418 2289 455 2314 a.
480 2274 523 2311 in
547 2272 728 2323 galatiae
749 2271 825 2312 As.
849 2270 894 2308 K
1032 2270 1256 2319 Saturegia
1277 2268 1320 2306 D
1460 2268 1614 2319 prope]
1638 2280 1722 2305 non
1743 2268 1789 2305 K
1961 2279 1985 2304 2
2016 2267 2057 2307 il.

308 2342 419 2368 nom.
444 2327 550 2366 D¹K
671 2326 804 2378 quod]
828 2326 927 2376 quia
945 2325 991 2363 K
1101 2325 1223 2364 faciat
1250 2324 1287 2362 T
1427 2336 1452 2372 3
1484 2322 1656 2362 Satiron
1684 2321 1738 2360 T1
1758 2336 1766 2360 :
1797 2321 1978 2361 Satirios
1997 2321 2057 2359 K¹

309 2383 457 2434 quam]
476 2383 588 2433 quod
609 2383 654 2421 K
763 2394 786 2429 4
817 2382 997 2419 stincum
1018 2379 1128 2419 codd.
1155 2379 1295 2430 (etiam
1318 2377 1495 2430 Mon.1):
1524 2389 1641 2425 -gum
1661 2376 1787 2416 Arev.
1890 2387 1914 2425 5
1943 2377 2058 2425 quod

310 2439 384 2477 Gr.
407 2439 450 2476 D
604 2439 630 2475 6
660 2436 895 2485 leporinam
917 2435 960 2473 D
1111 2448 1132 2484 7
1163 2434 1308 2472 emitat
1327 2433 1387 2470 Dl
1538 2433 1564 2470 8
1593 2431 1726 2481 ignite
1746 2431 1790 2468 D
1900 2436 1984 2470 nat.
2009 2444 2058 2469 ac

309 2500 389 2533 tac.
415 2493 460 2531 K
677 2503 704 2540 9
732 2490 954 2529 Artimisia
974 2489 1020 2527 Κ
1027 2489 1065 2527 T
1221 2488 1345 2526 diana
1372 2486 1410 2525 T
1577 2499 1675 2536 gen.
1701 2485 1811 2525 dicta
1833 2485 2055 2536 (expunct.)

309 2561 426 2587 cons.
461 2546 498 2585 T
606 2558 656 2585 10
686 2546 812 2583 diane
842 2544 879 2582 T
986 2556 1028 2582 11
1062 2542 1319 2582 Camimelos
1347 2542 1401 2581 T:
1434 2540 1734 2580 Cammimelus
1753 2541 1823 2579 K:
1853 2539 2059 2578 Camime-

310 2604 375 2641 lus
395 2603 439 2640 D
610 2600 796 2639 madiani
817 2599 887 2637 K:
918 2599 1097 2637 maciani
1118 2598 1161 2635 D
1374 2609 1422 2635 12
1453 2596 1599 2644 sicque
1618 2595 1662 2632 D
1845 2593 2000 2632 vicinia
2029 2594 2065 2631 T

310 2657 550 2696 Camidrios
570 2654 676 2693 DT:
709 2653 934 2693 Camitrios
957 2653 1001 2691 K
1129 2665 1178 2702 14
1208 2651 1312 2690 Pion
1337 2650 1377 2688 D
1505 2662 1553 2700 15
1584 2649 1694 2701 gly.]
1717 2649 1924 2698 glesidem
1942 2647 2052 2687 codd.

314 2715 363 2750 16
405 2710 726 2762 pontorubinam
766 2709 838 2746 D:
880 2707 1147 2757 pentorobon
1185 2705 1272 2745 edd.
1556 2718 1604 2754 17
1634 2704 1760 2743 velud
1789 2703 1840 2743 al.
1874 2702 1947 2742 D:
1987 2701 2056 2741 vel

313 2771 381 2818 (ex
406 2766 526 2817 corr.)
557 2770 602 2803 ut
632 2765 686 2805 al.
725 2763 763 2801 T
868 2763 1048 2803 dactilos
1085 2761 1216 2800 codd.:
1265 2760 1527 2809 dactylosam
1566 2758 1677 2799 dett.:
1711 2758 1815 2808 fort.
1855 2757 2054 2807 dactylon

317 2823 365 2859 18
397 2821 630 2871 Boglossos
659 2818 720 2857 T:
753 2817 959 2857 Boclosos
979 2816 1049 2855 K:
1081 2816 1293 2866 Boglosus
1314 2815 1357 2853 D
1518 2827 1567 2864 19
1596 2814 1738 2863 lingua
1765 2812 1804 2851 T
1905 2811 2057 2850 habeat

312 2889 393 2915 om.
414 2876 460 2915 K
541 2888 590 2913 21
624 2885 702 2924 per
723 2872 838 2912 olera
858 2873 904 2911 K
919 2886 928 2910 z
958 2885 1036 2922 pro
1057 2870 1173 2910 olera
1194 2869 1281 2908 DT
1298 2870 1355 2921 (et
1371 2869 1470 2909 Isid.
1486 2871 1520 2918 2)
1602 2881 1653 2906 22
1682 2865 1949 2915 Arnoglosus
1969 2865 2060 2904 DK

312 2931 508 2980 plantaco
523 2930 567 2968 D
651 2941 702 2977 23
730 2939 809 2978 pro
832 2927 949 2966 olera
970 2925 1080 2965 codd.
1106 2926 1161 2979 (et
1177 2923 1276 2964 Jsid.
1292 2925 1347 2976 2):
1377 2937 1455 2974 per
1476 2923 1591 2963 olera
1611 2921 1699 2961 dett.
1789 2933 1840 2969 24
1872 2920 2056 2970 Erpillos

314 2985 420 3022 DT:
453 2984 640 3034 Erpillus
660 2983 706 3021 K
814 2981 1009 3032 serpillos
1035 2980 1178 3019 Tante
1194 2992 1294 3020 corr.

2085 1018 2131 1045 10

2085 1425 2132 1465 15

2079 1832 2129 1859 20
