<?xml version="1.0" encoding="UTF-8"?>
<!DOCTYPE html PUBLIC "-//W3C//DTD XHTML 1.0 Transitional//EN"
    "http://www.w3.org/TR/xhtml1/DTD/xhtml1-transitional.dtd">
<html xmlns="http://www.w3.org/1999/xhtml" xml:lang="en" lang="en">
 <head>
  <title>
</title>
<meta http-equiv="Content-Type" content="text/html;charset=utf-8" />
  <meta name='ocr-system' content='tesseract 3.04.00' />
  <meta name='ocr-capabilities' content='ocr_page ocr_carea ocr_par ocr_line ocrx_word'/>
</head>
<body>
  <div class='ocr_page' id='page_1' title='image "./isidori01isiduoft/isidori01isiduoft_0657.png"; bbox 0 0 2176 3424; ppageno 0'>
   <div class='ocr_carea' id='block_1_1' title="bbox 373 124 1622 183">
    <p class='ocr_par' dir='ltr' id='par_1_1' title="bbox 373 124 1622 183">
     <span class='ocr_line' id='line_1_1' title="bbox 373 124 1622 183; baseline -0.008 -3"><span class='ocrx_word' id='word_1_1' title='bbox 373 129 1001 180; x_wconf 84' lang='lat' dir='ltr'><strong>ETYMOLOGIARVM</strong></span> <span class='ocrx_word' id='word_1_2' title='bbox 1042 128 1168 174; x_wconf 90' lang='lat' dir='ltr'>LIB.</span> <span class='ocrx_word' id='word_1_3' title='bbox 1207 127 1345 172; x_wconf 90' lang='lat' dir='ltr'><strong>XVI.</strong></span> <span class='ocrx_word' id='word_1_4' title='bbox 1386 143 1488 183; x_wconf 84' lang='lat' dir='ltr'><strong>xxv,</strong></span> <span class='ocrx_word' id='word_1_5' title='bbox 1516 124 1622 171; x_wconf 84' lang='lat' dir='ltr'><strong>xxvi</strong></span> 
     </span>
    </p>
   </div>
   <div class='ocr_carea' id='block_1_2' title="bbox 45 254 2029 2197">
    <p class='ocr_par' dir='ltr' id='par_1_2' title="bbox 120 254 1862 405">
     <span class='ocr_line' id='line_1_2' title="bbox 120 254 1862 323; baseline -0.006 -13"><span class='ocrx_word' id='word_1_6' title='bbox 120 279 179 310; x_wconf 92' lang='lat' dir='ltr'><strong>eo</strong></span> <span class='ocrx_word' id='word_1_7' title='bbox 205 263 340 323; x_wconf 89' lang='lat' dir='ltr'><strong>quod</strong></span> <span class='ocrx_word' id='word_1_8' title='bbox 365 270 563 308; x_wconf 88' lang='lat' dir='ltr'><strong>centum</strong></span> <span class='ocrx_word' id='word_1_9' title='bbox 590 258 823 306; x_wconf 90' lang='lat' dir='ltr'><strong>librarum</strong></span> <span class='ocrx_word' id='word_1_10' title='bbox 849 255 1081 319; x_wconf 91' lang='lat' dir='ltr'><strong>ponderis</strong></span> <span class='ocrx_word' id='word_1_11' title='bbox 1113 255 1186 304; x_wconf 90' lang='lat' dir='ltr'><strong>sit.</strong></span> <span class='ocrx_word' id='word_1_12' title='bbox 1263 255 1414 316; x_wconf 83' lang='lat' dir='ltr'><strong>Quod</strong></span> <span class='ocrx_word' id='word_1_13' title='bbox 1440 254 1636 317; x_wconf 91' lang='lat' dir='ltr'><strong>pondus</strong></span> <span class='ocrx_word' id='word_1_14' title='bbox 1663 261 1862 315; x_wconf 89' lang='lat' dir='ltr'><strong>propter</strong></span> 
     </span>
     <span class='ocr_line' id='line_1_3' title="bbox 120 335 1577 405; baseline -0.006 -14"><span class='ocrx_word' id='word_1_15' title='bbox 120 342 470 405; x_wconf 84' lang='lat' dir='ltr'><strong>perfectionem</strong></span> <span class='ocrx_word' id='word_1_16' title='bbox 496 338 765 389; x_wconf 82' lang='lat' dir='ltr'><strong>centenarii</strong></span> <span class='ocrx_word' id='word_1_17' title='bbox 791 337 981 386; x_wconf 92' lang='lat' dir='ltr'><strong>numeri</strong></span> <span class='ocrx_word' id='word_1_18' title='bbox 1006 336 1321 386; x_wconf 89' lang='lat' dir='ltr'><strong>instituerunt</strong></span> <span class='ocrx_word' id='word_1_19' title='bbox 1348 335 1577 384; x_wconf 86' lang='lat' dir='ltr'><strong>Romani.</strong></span> 
     </span>
    </p>

    <p class='ocr_par' dir='ltr' id='par_1_3' title="bbox 118 417 2029 568">
     <span class='ocr_line' id='line_1_4' title="bbox 255 417 2029 482; baseline -0.006 -11"><span class='ocrx_word' id='word_1_20' title='bbox 255 427 338 472; x_wconf 84' lang='lat' dir='ltr'><strong>DE</strong></span> <span class='ocrx_word' id='word_1_21' title='bbox 362 436 638 470; x_wconf 86' lang='lat' dir='ltr'><strong>MENSVRIS.</strong></span> <span class='ocrx_word' id='word_1_22' title='bbox 713 422 949 468; x_wconf 86' lang='lat' dir='ltr'><strong>Mensura</strong></span> <span class='ocrx_word' id='word_1_23' title='bbox 970 429 1042 468; x_wconf 89' lang='lat' dir='ltr'><strong>est</strong></span> <span class='ocrx_word' id='word_1_24' title='bbox 1067 436 1141 467; x_wconf 91' lang='lat' dir='ltr'><strong>res</strong></span> <span class='ocrx_word' id='word_1_25' title='bbox 1166 420 1330 482; x_wconf 90' lang='lat' dir='ltr'><strong>aliqua</strong></span> <span class='ocrx_word' id='word_1_26' title='bbox 1350 419 1502 466; x_wconf 91' lang='lat' dir='ltr'><strong>modo</strong></span> <span class='ocrx_word' id='word_1_27' title='bbox 1529 433 1619 465; x_wconf 90' lang='lat' dir='ltr'><strong>suo</strong></span> <span class='ocrx_word' id='word_1_28' title='bbox 1645 417 1721 464; x_wconf 86' lang='lat' dir='ltr'><strong>vel</strong></span> <span class='ocrx_word' id='word_1_29' title='bbox 1742 425 1861 464; x_wconf 91' lang='lat' dir='ltr'><strong>tem-</strong></span> <span class='ocrx_word' id='word_1_30' title='bbox 1886 418 2029 458; x_wconf 85' lang='lat' dir='ltr'>XXVI</span> 
     </span>
     <span class='ocr_line' id='line_1_5' title="bbox 118 496 1859 568; baseline -0.005 -15"><span class='ocrx_word' id='word_1_31' title='bbox 118 521 234 568; x_wconf 87' lang='lat' dir='ltr'><strong>pore</strong></span> <span class='ocrx_word' id='word_1_32' title='bbox 260 505 625 566; x_wconf 90' lang='lat' dir='ltr'><strong>circumscripta</strong></span> <span class='ocrx_word' id='word_1_33' title='bbox 649 521 657 550; x_wconf 74' lang='grc' dir='ltr'>ε</span> <span class='ocrx_word' id='word_1_34' title='bbox 696 503 818 549; x_wconf 86' lang='lat' dir='ltr'><strong>haec</strong></span> <span class='ocrx_word' id='word_1_35' title='bbox 843 510 1008 549; x_wconf 89' lang='lat' dir='ltr'><strong>autem</strong></span> <span class='ocrx_word' id='word_1_36' title='bbox 1027 497 1153 566; x_wconf 88' lang='lat' dir='ltr'><strong>[aut]</strong></span> <span class='ocrx_word' id='word_1_37' title='bbox 1181 498 1397 563; x_wconf 92' lang='lat' dir='ltr'><strong>corporis</strong></span> <span class='ocrx_word' id='word_1_38' title='bbox 1418 508 1491 547; x_wconf 91' lang='lat' dir='ltr'><strong>est</strong></span> <span class='ocrx_word' id='word_1_39' title='bbox 1507 507 1591 546; x_wconf 89' lang='lat' dir='ltr'><strong>aut</strong></span> <span class='ocrx_word' id='word_1_40' title='bbox 1608 496 1859 560; x_wconf 90' lang='lat' dir='ltr'><strong>temporis.</strong></span> 
     </span>
    </p>

    <p class='ocr_par' dir='ltr' id='par_1_4' title="bbox 71 579 1917 971">
     <span class='ocr_line' id='line_1_6' title="bbox 71 579 1860 652; baseline -0.006 -16"><span class='ocrx_word' id='word_1_41' title='bbox 71 612 92 652; x_wconf 87' lang='lat'>5</span> <span class='ocrx_word' id='word_1_42' title='bbox 119 588 348 650; x_wconf 88' lang='lat' dir='ltr'><strong>Corporis</strong></span> <span class='ocrx_word' id='word_1_43' title='bbox 371 583 503 651; x_wconf 73' lang='lat' dir='ltr'><strong>[est],</strong></span> <span class='ocrx_word' id='word_1_44' title='bbox 522 594 574 632; x_wconf 92' lang='lat' dir='ltr'><strong>ut</strong></span> <span class='ocrx_word' id='word_1_45' title='bbox 595 582 867 642; x_wconf 90' lang='lat' dir='ltr'><strong>hominum,</strong></span> <span class='ocrx_word' id='word_1_46' title='bbox 890 581 1134 646; x_wconf 91' lang='lat' dir='ltr'><strong>lignorum</strong></span> <span class='ocrx_word' id='word_1_47' title='bbox 1161 591 1208 630; x_wconf 89' lang='lat' dir='ltr'><strong>et</strong></span> <span class='ocrx_word' id='word_1_48' title='bbox 1233 582 1575 629; x_wconf 88' lang='lat' dir='ltr'><strong>columnarum</strong></span> <span class='ocrx_word' id='word_1_49' title='bbox 1601 579 1860 642; x_wconf 87' lang='lat' dir='ltr'><strong>longitudo</strong></span> 
     </span>
     <span class='ocr_line' id='line_1_7' title="bbox 117 661 1862 726; baseline -0.005 -10"><span class='ocrx_word' id='word_1_50' title='bbox 117 677 164 716; x_wconf 91' lang='lat' dir='ltr'><strong>et</strong></span> <span class='ocrx_word' id='word_1_51' title='bbox 193 667 414 716; x_wconf 81' lang='lat' dir='ltr'><strong>brevitas.</strong></span> <span class='ocrx_word' id='word_1_52' title='bbox 455 667 553 715; x_wconf 90' lang='lat' dir='ltr'><strong>Sed</strong></span> <span class='ocrx_word' id='word_1_53' title='bbox 579 675 626 713; x_wconf 91' lang='lat' dir='ltr'><strong>et</strong></span> <span class='ocrx_word' id='word_1_54' title='bbox 653 666 809 713; x_wconf 90' lang='lat' dir='ltr'><strong>solem</strong></span> <span class='ocrx_word' id='word_1_55' title='bbox 835 662 982 711; x_wconf 87' lang='lat' dir='ltr'><strong>istum</strong></span> <span class='ocrx_word' id='word_1_56' title='bbox 1009 664 1254 726; x_wconf 89' lang='lat' dir='ltr'><strong>propriam</strong></span> <span class='ocrx_word' id='word_1_57' title='bbox 1277 663 1351 710; x_wconf 89' lang='lat' dir='ltr'><strong>sui</strong></span> <span class='ocrx_word' id='word_1_58' title='bbox 1378 661 1510 710; x_wconf 92' lang='lat' dir='ltr'><strong>orbis</strong></span> <span class='ocrx_word' id='word_1_59' title='bbox 1527 661 1708 709; x_wconf 88' lang='lat' dir='ltr'><strong>habere</strong></span> <span class='ocrx_word' id='word_1_60' title='bbox 1729 675 1862 708; x_wconf 90' lang='lat' dir='ltr'><strong>men-</strong></span> 
     </span>
     <span class='ocr_line' id='line_1_8' title="bbox 117 743 1862 812; baseline -0.005 -14"><span class='ocrx_word' id='word_1_61' title='bbox 117 766 292 809; x_wconf 87' lang='lat' dir='ltr'><strong>suram,</strong></span> <span class='ocrx_word' id='word_1_62' title='bbox 316 750 452 812; x_wconf 93' lang='lat' dir='ltr'><strong>quod</strong></span> <span class='ocrx_word' id='word_1_63' title='bbox 468 745 752 811; x_wconf 85' lang='lat' dir='ltr'><strong>geometrici</strong></span> <span class='ocrx_word' id='word_1_64' title='bbox 769 755 1071 809; x_wconf 87' lang='lat' dir='ltr'><strong>perscrutare</strong></span> <span class='ocrx_word' id='word_1_65' title='bbox 1087 746 1288 793; x_wconf 88' lang='lat' dir='ltr'><strong>audent.</strong></span> <span class='ocrx_word' id='word_1_66' title='bbox 1360 743 1641 806; x_wconf 90' lang='lat' dir='ltr'><strong>Temporis,</strong></span> <span class='ocrx_word' id='word_1_67' title='bbox 1659 751 1712 790; x_wconf 93' lang='lat' dir='ltr'><strong>ut</strong></span> <span class='ocrx_word' id='word_1_68' title='bbox 1729 757 1862 789; x_wconf 90' lang='lat' dir='ltr'><strong>men-</strong></span> 
     </span>
     <span class='ocr_line' id='line_1_9' title="bbox 118 823 1861 887; baseline -0.006 -7"><span class='ocrx_word' id='word_1_69' title='bbox 118 848 227 880; x_wconf 91' lang='lat' dir='ltr'><strong>sura</strong></span> <span class='ocrx_word' id='word_1_70' title='bbox 264 833 492 879; x_wconf 90' lang='lat' dir='ltr'><strong>horarum</strong></span> <span class='ocrx_word' id='word_1_71' title='bbox 523 839 570 877; x_wconf 92' lang='lat' dir='ltr'><strong>et</strong></span> <span class='ocrx_word' id='word_1_72' title='bbox 605 830 796 877; x_wconf 91' lang='lat' dir='ltr'><strong>dierum</strong></span> <span class='ocrx_word' id='word_1_73' title='bbox 834 837 882 876; x_wconf 92' lang='lat' dir='ltr'><strong>et</strong></span> <span class='ocrx_word' id='word_1_74' title='bbox 918 843 1194 875; x_wconf 91' lang='lat' dir='ltr'><strong>annorum:</strong></span> <span class='ocrx_word' id='word_1_75' title='bbox 1234 827 1366 875; x_wconf 90' lang='lat' dir='ltr'><strong>unde</strong></span> <span class='ocrx_word' id='word_1_76' title='bbox 1409 834 1457 874; x_wconf 86' lang='lat' dir='ltr'><strong>et</strong></span> <span class='ocrx_word' id='word_1_77' title='bbox 1497 824 1668 873; x_wconf 91' lang='lat' dir='ltr'><strong>metire</strong></span> <span class='ocrx_word' id='word_1_78' title='bbox 1708 823 1861 887; x_wconf 89' lang='lat' dir='ltr'><strong>pedes</strong></span> 
     </span>
     <span class='ocr_line' id='line_1_10' title="bbox 119 909 1917 971; baseline -0.007 -9"><span class='ocrx_word' id='word_1_79' title='bbox 119 916 347 963; x_wconf 86' lang='lat' dir='ltr'><strong>horarum</strong></span> <span class='ocrx_word' id='word_1_80' title='bbox 364 911 593 970; x_wconf 82' lang='lat' dir='ltr'><strong>dicimus,</strong></span> <span class='ocrx_word' id='word_1_81' title='bbox 609 912 704 959; x_wconf 87' lang='lat' dir='ltr'><strong>boc</strong></span> <span class='ocrx_word' id='word_1_82' title='bbox 722 919 794 959; x_wconf 90' lang='lat' dir='ltr'><strong>est</strong></span> <span class='ocrx_word' id='word_1_83' title='bbox 817 926 1109 958; x_wconf 89' lang='lat' dir='ltr'><strong>mensurare.</strong></span> <span class='ocrx_word' id='word_1_84' title='bbox 1174 909 1374 971; x_wconf 89' lang='lat' dir='ltr'><strong>Proprie</strong></span> <span class='ocrx_word' id='word_1_85' title='bbox 1393 916 1559 955; x_wconf 88' lang='lat' dir='ltr'><strong>autem</strong></span> <span class='ocrx_word' id='word_1_86' title='bbox 1581 921 1860 954; x_wconf 89' lang='lat' dir='ltr'><strong>mensuram</strong></span> <span class='ocrx_word' id='word_1_87' title='bbox 1887 916 1917 950; x_wconf 89' lang='lat'>2</span> 
     </span>
    </p>

    <p class='ocr_par' dir='ltr' id='par_1_5' title="bbox 45 986 1919 1382">
     <span class='ocr_line' id='line_1_11' title="bbox 45 986 1862 1057; baseline -0.006 -12"><span class='ocrx_word' id='word_1_88' title='bbox 45 1016 96 1045; x_wconf 93' lang='lat'><strong>10</strong></span> <span class='ocrx_word' id='word_1_89' title='bbox 120 1004 342 1044; x_wconf 86' lang='lat' dir='ltr'><strong>vocatam</strong></span> <span class='ocrx_word' id='word_1_90' title='bbox 385 995 522 1057; x_wconf 93' lang='lat' dir='ltr'><strong>quod</strong></span> <span class='ocrx_word' id='word_1_91' title='bbox 559 1010 616 1042; x_wconf 89' lang='lat' dir='ltr'><strong>ea</strong></span> <span class='ocrx_word' id='word_1_92' title='bbox 653 994 814 1055; x_wconf 91' lang='lat' dir='ltr'><strong>fruges</strong></span> <span class='ocrx_word' id='word_1_93' title='bbox 855 991 1124 1040; x_wconf 86' lang='lat' dir='ltr'><strong>metiuntur</strong></span> <span class='ocrx_word' id='word_1_94' title='bbox 1160 1000 1309 1053; x_wconf 88' lang='lat' dir='ltr'><strong>atque</strong></span> <span class='ocrx_word' id='word_1_95' title='bbox 1347 991 1663 1047; x_wconf 89' lang='lat' dir='ltr'><strong>frumentum,</strong></span> <span class='ocrx_word' id='word_1_96' title='bbox 1701 986 1751 1036; x_wconf 84' lang='lat' dir='ltr'><strong>id</strong></span> <span class='ocrx_word' id='word_1_97' title='bbox 1790 997 1862 1035; x_wconf 88' lang='lat' dir='ltr'><strong>est</strong></span> 
     </span>
     <span class='ocr_line' id='line_1_12' title="bbox 120 1069 1860 1138; baseline -0.005 -13"><span class='ocrx_word' id='word_1_98' title='bbox 120 1076 321 1125; x_wconf 90' lang='lat' dir='ltr'><strong>humida</strong></span> <span class='ocrx_word' id='word_1_99' title='bbox 347 1085 394 1124; x_wconf 93' lang='lat' dir='ltr'><strong>et</strong></span> <span class='ocrx_word' id='word_1_100' title='bbox 420 1077 562 1133; x_wconf 89' lang='lat' dir='ltr'><strong>sicca,</strong></span> <span class='ocrx_word' id='word_1_101' title='bbox 591 1083 644 1122; x_wconf 92' lang='lat' dir='ltr'><strong>ut</strong></span> <span class='ocrx_word' id='word_1_102' title='bbox 670 1075 866 1122; x_wconf 89' lang='lat' dir='ltr'><strong>modios</strong></span> <span class='ocrx_word' id='word_1_103' title='bbox 896 1070 966 1138; x_wconf 90' lang='lat' dir='ltr'><strong>[et</strong></span> <span class='ocrx_word' id='word_1_104' title='bbox 991 1069 1293 1137; x_wconf 88' lang='lat' dir='ltr'><strong>artabones],</strong></span> <span class='ocrx_word' id='word_1_105' title='bbox 1322 1088 1468 1119; x_wconf 89' lang='lat' dir='ltr'><strong>urnas</strong></span> <span class='ocrx_word' id='word_1_106' title='bbox 1500 1080 1548 1119; x_wconf 91' lang='lat' dir='ltr'><strong>et</strong></span> <span class='ocrx_word' id='word_1_107' title='bbox 1581 1070 1860 1132; x_wconf 84' lang='lat' dir='ltr'><strong>amphoras.</strong></span> 
     </span>
     <span class='ocr_line' id='line_1_13' title="bbox 121 1152 1918 1219; baseline -0.005 -13"><span class='ocrx_word' id='word_1_108' title='bbox 121 1161 463 1206; x_wconf 89' lang='lat' dir='ltr'><strong>Mensurarum</strong></span> <span class='ocrx_word' id='word_1_109' title='bbox 491 1173 600 1219; x_wconf 89' lang='lat' dir='ltr'><strong>pars</strong></span> <span class='ocrx_word' id='word_1_110' title='bbox 628 1155 831 1203; x_wconf 90' lang='lat' dir='ltr'><strong>minima</strong></span> <span class='ocrx_word' id='word_1_111' title='bbox 858 1156 1062 1213; x_wconf 89' lang='lat' dir='ltr'><strong>coclear,</strong></span> <span class='ocrx_word' id='word_1_112' title='bbox 1090 1155 1226 1216; x_wconf 91' lang='lat' dir='ltr'><strong>quod</strong></span> <span class='ocrx_word' id='word_1_113' title='bbox 1253 1163 1326 1202; x_wconf 88' lang='lat' dir='ltr'><strong>est</strong></span> <span class='ocrx_word' id='word_1_114' title='bbox 1352 1152 1559 1203; x_wconf 87' lang='lat' dir='ltr'><strong>dimidia</strong></span> <span class='ocrx_word' id='word_1_115' title='bbox 1593 1168 1702 1214; x_wconf 88' lang='lat' dir='ltr'><strong>pars</strong></span> <span class='ocrx_word' id='word_1_116' title='bbox 1728 1152 1863 1214; x_wconf 86' lang='lat' dir='ltr'><strong>drag·</strong></span> <span class='ocrx_word' id='word_1_117' title='bbox 1888 1162 1918 1208; x_wconf 87' lang='lat'>3</span> 
     </span>
     <span class='ocr_line' id='line_1_14' title="bbox 119 1232 1859 1301; baseline -0.004 -14"><span class='ocrx_word' id='word_1_118' title='bbox 119 1256 240 1299; x_wconf 79' lang='lat' dir='ltr'><strong>mae,</strong></span> <span class='ocrx_word' id='word_1_119' title='bbox 258 1239 548 1301; x_wconf 89' lang='lat' dir='ltr'><strong>adpendens</strong></span> <span class='ocrx_word' id='word_1_120' title='bbox 575 1237 773 1300; x_wconf 89' lang='lat' dir='ltr'><strong>siliquas</strong></span> <span class='ocrx_word' id='word_1_121' title='bbox 803 1253 981 1285; x_wconf 89' lang='lat' dir='ltr'><strong>novem</strong></span> <span class='ocrx_word' id='word_1_122' title='bbox 1002 1256 1013 1297; x_wconf 82' lang='lat'>3</span> <span class='ocrx_word' id='word_1_123' title='bbox 1051 1235 1135 1298; x_wconf 93' lang='lat' dir='ltr'><strong>qui</strong></span> <span class='ocrx_word' id='word_1_124' title='bbox 1156 1235 1426 1299; x_wconf 85' lang='lat' dir='ltr'><strong>triplicatus</strong></span> <span class='ocrx_word' id='word_1_125' title='bbox 1452 1236 1713 1283; x_wconf 88' lang='lat' dir='ltr'><strong>conculam</strong></span> <span class='ocrx_word' id='word_1_126' title='bbox 1731 1232 1859 1281; x_wconf 89' lang='lat' dir='ltr'><strong>facit.</strong></span> 
     </span>
     <span class='ocr_line' id='line_1_15' title="bbox 121 1315 1919 1382; baseline -0.002 -12"><span class='ocrx_word' id='word_1_127' title='bbox 121 1323 342 1371; x_wconf 90' lang='lat' dir='ltr'><strong>Concula</strong></span> <span class='ocrx_word' id='word_1_128' title='bbox 380 1321 581 1382; x_wconf 83' lang='lat' dir='ltr'><strong>dragma</strong></span> <span class='ocrx_word' id='word_1_129' title='bbox 623 1335 720 1367; x_wconf 90' lang='lat' dir='ltr'><strong>una</strong></span> <span class='ocrx_word' id='word_1_130' title='bbox 763 1328 810 1367; x_wconf 87' lang='lat' dir='ltr'><strong>et</strong></span> <span class='ocrx_word' id='word_1_131' title='bbox 849 1317 1055 1366; x_wconf 90' lang='lat' dir='ltr'><strong>dimidia</strong></span> <span class='ocrx_word' id='word_1_132' title='bbox 1094 1319 1404 1380; x_wconf 88' lang='lat' dir='ltr'><strong>adimpletur.</strong></span> <span class='ocrx_word' id='word_1_133' title='bbox 1485 1315 1627 1378; x_wconf 89' lang='lat' dir='ltr'><strong>Cyati</strong></span> <span class='ocrx_word' id='word_1_134' title='bbox 1666 1316 1863 1378; x_wconf 89' lang='lat' dir='ltr'><strong>pondus</strong></span> <span class='ocrx_word' id='word_1_135' title='bbox 1887 1320 1919 1366; x_wconf 91' lang='lat'>4</span> 
     </span>
    </p>

    <p class='ocr_par' dir='ltr' id='par_1_6' title="bbox 55 1395 1918 1790">
     <span class='ocr_line' id='line_1_16' title="bbox 55 1395 1862 1464; baseline -0.004 -14"><span class='ocrx_word' id='word_1_136' title='bbox 55 1421 97 1461; x_wconf 80' lang='lat'><strong>15</strong></span> <span class='ocrx_word' id='word_1_137' title='bbox 121 1405 293 1452; x_wconf 87' lang='lat' dir='ltr'><strong>decem</strong></span> <span class='ocrx_word' id='word_1_138' title='bbox 320 1400 531 1464; x_wconf 89' lang='lat' dir='ltr'><strong>dragmis</strong></span> <span class='ocrx_word' id='word_1_139' title='bbox 548 1399 862 1464; x_wconf 90' lang='lat' dir='ltr'><strong>adpenditur,</strong></span> <span class='ocrx_word' id='word_1_140' title='bbox 881 1399 966 1462; x_wconf 91' lang='lat' dir='ltr'><strong>qui</strong></span> <span class='ocrx_word' id='word_1_141' title='bbox 987 1398 1133 1447; x_wconf 90' lang='lat' dir='ltr'><strong>etiam</strong></span> <span class='ocrx_word' id='word_1_142' title='bbox 1152 1416 1179 1447; x_wconf 95' lang='lat' dir='ltr'><strong>a</strong></span> <span class='ocrx_word' id='word_1_143' title='bbox 1201 1398 1499 1462; x_wconf 90' lang='lat' dir='ltr'><strong>quibusdam</strong></span> <span class='ocrx_word' id='word_1_144' title='bbox 1522 1407 1693 1446; x_wconf 87' lang='lat' dir='ltr'><strong>cuatus</strong></span> <span class='ocrx_word' id='word_1_145' title='bbox 1711 1395 1862 1445; x_wconf 90' lang='lat' dir='ltr'><strong>nomi-</strong></span> 
     </span>
     <span class='ocr_line' id='line_1_17' title="bbox 120 1480 1860 1544; baseline -0.003 -13"><span class='ocrx_word' id='word_1_146' title='bbox 120 1493 273 1531; x_wconf 88' lang='lat' dir='ltr'><strong>natur.</strong></span> <span class='ocrx_word' id='word_1_147' title='bbox 348 1481 569 1531; x_wconf 86' lang='lat' dir='ltr'><strong>Oxifalus</strong></span> <span class='ocrx_word' id='word_1_148' title='bbox 605 1483 658 1530; x_wconf 93' lang='lat' dir='ltr'><strong>fit</strong></span> <span class='ocrx_word' id='word_1_149' title='bbox 693 1483 730 1529; x_wconf 93' lang='lat' dir='ltr'><strong>si</strong></span> <span class='ocrx_word' id='word_1_150' title='bbox 766 1481 986 1544; x_wconf 91' lang='lat' dir='ltr'><strong>quinque</strong></span> <span class='ocrx_word' id='word_1_151' title='bbox 1024 1482 1253 1543; x_wconf 86' lang='lat' dir='ltr'><strong>dragmae</strong></span> <span class='ocrx_word' id='word_1_152' title='bbox 1289 1481 1541 1529; x_wconf 90' lang='lat' dir='ltr'><strong>adduntur</strong></span> <span class='ocrx_word' id='word_1_153' title='bbox 1569 1481 1634 1527; x_wconf 88' lang='lat' dir='ltr'><strong>ad</strong></span> <span class='ocrx_word' id='word_1_154' title='bbox 1671 1480 1860 1528; x_wconf 90' lang='lat' dir='ltr'><strong>decem.</strong></span> 
     </span>
     <span class='ocr_line' id='line_1_18' title="bbox 119 1562 1918 1627; baseline -0.004 -13"><span class='ocrx_word' id='word_1_155' title='bbox 119 1565 408 1614; x_wconf 87' lang='lat' dir='ltr'><strong>Acitabulus</strong></span> <span class='ocrx_word' id='word_1_156' title='bbox 434 1574 606 1627; x_wconf 90' lang='lat' dir='ltr'><strong>quarta</strong></span> <span class='ocrx_word' id='word_1_157' title='bbox 632 1580 742 1627; x_wconf 89' lang='lat' dir='ltr'><strong>pars</strong></span> <span class='ocrx_word' id='word_1_158' title='bbox 777 1562 970 1611; x_wconf 90' lang='lat' dir='ltr'><strong>eminae</strong></span> <span class='ocrx_word' id='word_1_159' title='bbox 1008 1573 1093 1621; x_wconf 90' lang='lat' dir='ltr'><strong>est,</strong></span> <span class='ocrx_word' id='word_1_160' title='bbox 1123 1562 1390 1611; x_wconf 89' lang='lat' dir='ltr'><strong>duodecim</strong></span> <span class='ocrx_word' id='word_1_161' title='bbox 1424 1563 1650 1624; x_wconf 88' lang='lat' dir='ltr'><strong>dragmas</strong></span> <span class='ocrx_word' id='word_1_162' title='bbox 1684 1562 1864 1623; x_wconf 91' lang='lat' dir='ltr'><strong>adpen-</strong></span> <span class='ocrx_word' id='word_1_163' title='bbox 1888 1571 1918 1619; x_wconf 90' lang='lat'><strong><em>5</em></strong></span> 
     </span>
     <span class='ocr_line' id='line_1_19' title="bbox 118 1642 1865 1708; baseline -0.002 -15"><span class='ocrx_word' id='word_1_164' title='bbox 118 1646 255 1693; x_wconf 90' lang='lat' dir='ltr'><strong>dens.</strong></span> <span class='ocrx_word' id='word_1_165' title='bbox 329 1646 505 1708; x_wconf 91' lang='lat' dir='ltr'><strong>Cotyla</strong></span> <span class='ocrx_word' id='word_1_166' title='bbox 522 1645 685 1694; x_wconf 88' lang='lat' dir='ltr'><strong>emina</strong></span> <span class='ocrx_word' id='word_1_167' title='bbox 711 1654 784 1693; x_wconf 87' lang='lat' dir='ltr'><strong>est</strong></span> <span class='ocrx_word' id='word_1_168' title='bbox 810 1645 998 1693; x_wconf 88' lang='lat' dir='ltr'><strong>habens</strong></span> <span class='ocrx_word' id='word_1_169' title='bbox 1019 1654 1186 1706; x_wconf 88' lang='lat' dir='ltr'><strong>cyatos</strong></span> <span class='ocrx_word' id='word_1_170' title='bbox 1204 1660 1287 1692; x_wconf 87' lang='lat' dir='ltr'><strong>sex</strong></span> <span class='ocrx_word' id='word_1_171' title='bbox 1306 1662 1317 1703; x_wconf 79' lang='lat'>3</span> <span class='ocrx_word' id='word_1_172' title='bbox 1354 1660 1480 1705; x_wconf 89' lang='lat' dir='ltr'><strong>quae</strong></span> <span class='ocrx_word' id='word_1_173' title='bbox 1501 1642 1685 1692; x_wconf 89' lang='lat' dir='ltr'><strong>idcirco</strong></span> <span class='ocrx_word' id='word_1_174' title='bbox 1707 1644 1865 1705; x_wconf 89' lang='lat' dir='ltr'><strong>cotyla</strong></span> 
     </span>
     <span class='ocr_line' id='line_1_20' title="bbox 118 1724 1866 1790; baseline -0.001 -17"><span class='ocrx_word' id='word_1_175' title='bbox 118 1736 331 1786; x_wconf 88' lang='lat' dir='ltr'><strong>vocatur,</strong></span> <span class='ocrx_word' id='word_1_176' title='bbox 351 1728 465 1790; x_wconf 90' lang='lat' dir='ltr'><strong>quia</strong></span> <span class='ocrx_word' id='word_1_177' title='bbox 491 1737 602 1775; x_wconf 91' lang='lat' dir='ltr'><strong>cote</strong></span> <span class='ocrx_word' id='word_1_178' title='bbox 623 1728 813 1774; x_wconf 87' lang='lat' dir='ltr'><strong>Graeco</strong></span> <span class='ocrx_word' id='word_1_179' title='bbox 840 1742 1067 1774; x_wconf 89' lang='lat' dir='ltr'><strong>sermone</strong></span> <span class='ocrx_word' id='word_1_180' title='bbox 1088 1725 1262 1774; x_wconf 90' lang='lat' dir='ltr'><strong>incisio</strong></span> <span class='ocrx_word' id='word_1_181' title='bbox 1288 1724 1480 1784; x_wconf 88' lang='lat' dir='ltr'><strong>dicitur,</strong></span> <span class='ocrx_word' id='word_1_182' title='bbox 1501 1734 1548 1773; x_wconf 88' lang='lat' dir='ltr'><strong>et</strong></span> <span class='ocrx_word' id='word_1_183' title='bbox 1575 1724 1739 1773; x_wconf 85' lang='lat' dir='ltr'><strong>emina</strong></span> <span class='ocrx_word' id='word_1_184' title='bbox 1766 1740 1866 1772; x_wconf 86' lang='lat' dir='ltr'><strong>sex-</strong></span> 
     </span>
    </p>

    <p class='ocr_par' dir='ltr' id='par_1_7' title="bbox 46 1805 1924 2197">
     <span class='ocr_line' id='line_1_21' title="bbox 46 1805 1864 1872; baseline -0.001 -16"><span class='ocrx_word' id='word_1_185' title='bbox 46 1827 97 1856; x_wconf 81' lang='lat'><strong>20</strong></span> <span class='ocrx_word' id='word_1_186' title='bbox 119 1807 224 1856; x_wconf 89' lang='lat' dir='ltr'><strong>tarii</strong></span> <span class='ocrx_word' id='word_1_187' title='bbox 244 1807 294 1855; x_wconf 91' lang='lat' dir='ltr'><strong>in</strong></span> <span class='ocrx_word' id='word_1_188' title='bbox 314 1810 415 1857; x_wconf 93' lang='lat' dir='ltr'><strong>duo</strong></span> <span class='ocrx_word' id='word_1_189' title='bbox 435 1824 593 1870; x_wconf 89' lang='lat' dir='ltr'><strong>aequa</strong></span> <span class='ocrx_word' id='word_1_190' title='bbox 615 1807 847 1856; x_wconf 89' lang='lat' dir='ltr'><strong>inciditur</strong></span> <span class='ocrx_word' id='word_1_191' title='bbox 864 1805 934 1872; x_wconf 88' lang='lat' dir='ltr'><strong>[et</strong></span> <span class='ocrx_word' id='word_1_192' title='bbox 951 1809 1162 1870; x_wconf 90' lang='lat' dir='ltr'><strong>cotylam</strong></span> <span class='ocrx_word' id='word_1_193' title='bbox 1182 1805 1335 1872; x_wconf 70' lang='lat' dir='ltr'><strong>facitj.</strong></span> <span class='ocrx_word' id='word_1_194' title='bbox 1402 1806 1581 1854; x_wconf 90' lang='lat' dir='ltr'><strong>Emina</strong></span> <span class='ocrx_word' id='word_1_195' title='bbox 1599 1816 1766 1855; x_wconf 92' lang='lat' dir='ltr'><strong>autem</strong></span> <span class='ocrx_word' id='word_1_196' title='bbox 1783 1808 1864 1855; x_wconf 89' lang='lat' dir='ltr'><strong>ad-</strong></span> 
     </span>
     <span class='ocr_line' id='line_1_22' title="bbox 118 1888 1924 1951; baseline -0.002 -14"><span class='ocrx_word' id='word_1_197' title='bbox 118 1889 289 1951; x_wconf 90' lang='lat' dir='ltr'><strong>pendit</strong></span> <span class='ocrx_word' id='word_1_198' title='bbox 314 1890 487 1937; x_wconf 87' lang='lat' dir='ltr'><strong>libram</strong></span> <span class='ocrx_word' id='word_1_199' title='bbox 514 1906 677 1949; x_wconf 92' lang='lat' dir='ltr'><strong>unam,</strong></span> <span class='ocrx_word' id='word_1_200' title='bbox 701 1906 828 1951; x_wconf 90' lang='lat' dir='ltr'><strong>quae</strong></span> <span class='ocrx_word' id='word_1_201' title='bbox 853 1891 1100 1951; x_wconf 88' lang='lat' dir='ltr'><strong>geminata</strong></span> <span class='ocrx_word' id='word_1_202' title='bbox 1126 1889 1387 1938; x_wconf 89' lang='lat' dir='ltr'><strong>sextarium</strong></span> <span class='ocrx_word' id='word_1_203' title='bbox 1414 1888 1543 1937; x_wconf 89' lang='lat' dir='ltr'><strong>facit.</strong></span> <span class='ocrx_word' id='word_1_204' title='bbox 1619 1890 1864 1937; x_wconf 85' lang='lat' dir='ltr'><strong>Sextarius</strong></span> <span class='ocrx_word' id='word_1_205' title='bbox 1889 1888 1924 1934; x_wconf 88' lang='lat'>6</span> 
     </span>
     <span class='ocr_line' id='line_1_23' title="bbox 117 1970 1866 2031; baseline 0 -13"><span class='ocrx_word' id='word_1_206' title='bbox 117 1972 324 2019; x_wconf 89' lang='lat' dir='ltr'><strong>duarum</strong></span> <span class='ocrx_word' id='word_1_207' title='bbox 363 1972 594 2019; x_wconf 87' lang='lat' dir='ltr'><strong>librarum</strong></span> <span class='ocrx_word' id='word_1_208' title='bbox 630 1981 716 2019; x_wconf 92' lang='lat' dir='ltr'><strong>est.</strong></span> <span class='ocrx_word' id='word_1_209' title='bbox 791 1972 890 2028; x_wconf 84' lang='lat' dir='ltr'><strong>Qui</strong></span> <span class='ocrx_word' id='word_1_210' title='bbox 925 1970 999 2019; x_wconf 87' lang='lat' dir='ltr'><strong>bis</strong></span> <span class='ocrx_word' id='word_1_211' title='bbox 1029 1973 1288 2019; x_wconf 87' lang='lat' dir='ltr'><strong>adsumtus</strong></span> <span class='ocrx_word' id='word_1_212' title='bbox 1322 1970 1607 2019; x_wconf 89' lang='lat' dir='ltr'><strong>nominatur</strong></span> <span class='ocrx_word' id='word_1_213' title='bbox 1643 1970 1866 2031; x_wconf 69' lang='lat' dir='ltr'><strong>bilibris,</strong></span> 
     </span>
     <span class='ocr_line' id='line_1_24' title="bbox 116 2050 1865 2116; baseline 0.001 -16"><span class='ocrx_word' id='word_1_214' title='bbox 116 2054 373 2101; x_wconf 87' lang='lat' dir='ltr'><strong>adsumtus</strong></span> <span class='ocrx_word' id='word_1_215' title='bbox 411 2062 582 2115; x_wconf 90' lang='lat' dir='ltr'><strong>quater</strong></span> <span class='ocrx_word' id='word_1_216' title='bbox 624 2054 703 2100; x_wconf 89' lang='lat' dir='ltr'><strong>‘fit</strong></span> <span class='ocrx_word' id='word_1_217' title='bbox 743 2054 935 2100; x_wconf 86' lang='lat' dir='ltr'><strong>Graeco</strong></span> <span class='ocrx_word' id='word_1_218' title='bbox 969 2052 1172 2101; x_wconf 90' lang='lat' dir='ltr'><strong>nomine</strong></span> <span class='ocrx_word' id='word_1_219' title='bbox 1209 2052 1378 2100; x_wconf 86' lang='lat' dir='ltr'><strong>cenix&#39;</strong></span> <span class='ocrx_word' id='word_1_220' title='bbox 1414 2050 1602 2116; x_wconf 91' lang='lat' dir='ltr'><strong>(Carm.</strong></span> <span class='ocrx_word' id='word_1_221' title='bbox 1624 2054 1688 2101; x_wconf 90' lang='lat' dir='ltr'><strong>de</strong></span> <span class='ocrx_word' id='word_1_222' title='bbox 1713 2055 1865 2116; x_wconf 89' lang='lat' dir='ltr'><strong>pond.</strong></span> 
     </span>
     <span class='ocr_line' id='line_1_25' title="bbox 119 2132 1865 2197; baseline 0.002 -17"><span class='ocrx_word' id='word_1_223' title='bbox 119 2134 203 2197; x_wconf 87' lang='lat'><strong>69)</strong></span> <span class='ocrx_word' id='word_1_224' title='bbox 226 2152 239 2194; x_wconf 75' lang='lat'><em>3</em></span> <span class='ocrx_word' id='word_1_225' title='bbox 275 2133 536 2196; x_wconf 84' lang='lat' dir='ltr'><strong>quinquies</strong></span> <span class='ocrx_word' id='word_1_226' title='bbox 562 2133 868 2196; x_wconf 90' lang='lat' dir='ltr'><strong>conplicatus</strong></span> <span class='ocrx_word' id='word_1_227' title='bbox 894 2132 1151 2196; x_wconf 89' lang='lat' dir='ltr'><strong>quinarem</strong></span> <span class='ocrx_word' id='word_1_228' title='bbox 1178 2133 1280 2182; x_wconf 90' lang='lat' dir='ltr'><strong>sive</strong></span> <span class='ocrx_word' id='word_1_229' title='bbox 1304 2150 1478 2196; x_wconf 90' lang='lat' dir='ltr'><strong>gomor</strong></span> <span class='ocrx_word' id='word_1_230' title='bbox 1503 2133 1631 2182; x_wconf 89' lang='lat' dir='ltr'><strong>facit.</strong></span> <span class='ocrx_word' id='word_1_231' title='bbox 1704 2134 1865 2183; x_wconf 89' lang='lat' dir='ltr'><strong>Adice</strong></span> 
     </span>
    </p>
   </div>
   <div class='ocr_carea' id='block_1_3' title="bbox 116 2258 1870 3074">
    <p class='ocr_par' dir='ltr' id='par_1_8' title="bbox 116 2258 1870 3074">
     <span class='ocr_line' id='line_1_26' title="bbox 174 2258 1864 2310; baseline 0 -11"><span class='ocrx_word' id='word_1_232' title='bbox 174 2275 197 2299; x_wconf 90' lang='lat'><strong>2</strong></span> <span class='ocrx_word' id='word_1_233' title='bbox 228 2268 336 2300; x_wconf 89' lang='lat' dir='ltr'><strong>cent.</strong></span> <span class='ocrx_word' id='word_1_234' title='bbox 360 2262 456 2299; x_wconf 86' lang='lat' dir='ltr'><strong>inst.</strong></span> <span class='ocrx_word' id='word_1_235' title='bbox 485 2260 585 2308; x_wconf 85' lang='lat' dir='ltr'><strong>(om.</strong></span> <span class='ocrx_word' id='word_1_236' title='bbox 609 2260 746 2310; x_wconf 80' lang='lat' dir='ltr'><strong>num.)</strong></span> <span class='ocrx_word' id='word_1_237' title='bbox 775 2259 812 2297; x_wconf 91' lang='lat' dir='ltr'><em>T</em></span> <span class='ocrx_word' id='word_1_238' title='bbox 951 2274 974 2308; x_wconf 91' lang='lat'><strong>4</strong></span> <span class='ocrx_word' id='word_1_239' title='bbox 1006 2260 1370 2309; x_wconf 90' lang='lat' dir='ltr'><strong>circuminscripta</strong></span> <span class='ocrx_word' id='word_1_240' title='bbox 1390 2258 1449 2296; x_wconf 90' lang='grc' dir='ltr'><strong>Β1</strong></span> <span class='ocrx_word' id='word_1_241' title='bbox 1559 2266 1698 2298; x_wconf 88' lang='lat' dir='ltr'><strong>autern</strong></span> <span class='ocrx_word' id='word_1_242' title='bbox 1715 2266 1787 2298; x_wconf 90' lang='lat' dir='ltr'><strong>aut</strong></span> <span class='ocrx_word' id='word_1_243' title='bbox 1810 2260 1864 2299; x_wconf 86' lang='lat' dir='ltr'><strong>T:</strong></span> 
     </span>
     <span class='ocr_line' id='line_1_27' title="bbox 118 2313 1863 2365; baseline -0.001 -11"><span class='ocrx_word' id='word_1_244' title='bbox 118 2323 256 2354; x_wconf 91' lang='lat' dir='ltr'><strong>autem</strong></span> <span class='ocrx_word' id='word_1_245' title='bbox 279 2314 351 2354; x_wconf 88' lang='lat' dir='ltr'><strong>K:</strong></span> <span class='ocrx_word' id='word_1_246' title='bbox 381 2321 452 2354; x_wconf 90' lang='lat' dir='ltr'><strong>aut</strong></span> <span class='ocrx_word' id='word_1_247' title='bbox 474 2314 513 2352; x_wconf 87' lang='grc' dir='ltr'><em>Β</em></span> <span class='ocrx_word' id='word_1_248' title='bbox 678 2326 702 2363; x_wconf 87' lang='grc'>5</span> <span class='ocrx_word' id='word_1_249' title='bbox 733 2320 798 2353; x_wconf 87' lang='lat' dir='ltr'><strong>est</strong></span> <span class='ocrx_word' id='word_1_250' title='bbox 817 2314 910 2354; x_wconf 77' lang='lat' dir='ltr'><strong>hab.</strong></span> <span class='ocrx_word' id='word_1_251' title='bbox 935 2314 976 2351; x_wconf 93' lang='grc' dir='ltr'><em>Β</em></span> <span class='ocrx_word' id='word_1_252' title='bbox 996 2328 1004 2352; x_wconf 94' lang='lat'><strong>:</strong></span> <span class='ocrx_word' id='word_1_253' title='bbox 1033 2327 1116 2353; x_wconf 84' lang='lat' dir='ltr'><strong>om.</strong></span> <span class='ocrx_word' id='word_1_254' title='bbox 1139 2313 1228 2351; x_wconf 94' lang='lat' dir='ltr'><strong>KT</strong></span> <span class='ocrx_word' id='word_1_255' title='bbox 1335 2314 1399 2365; x_wconf 91' lang='lat' dir='ltr'><strong>ut]</strong></span> <span class='ocrx_word' id='word_1_256' title='bbox 1421 2321 1493 2353; x_wconf 83' lang='lat' dir='ltr'><strong>aut</strong></span> <span class='ocrx_word' id='word_1_257' title='bbox 1515 2314 1555 2352; x_wconf 89' lang='grc' dir='ltr'><em>Β</em></span> <span class='ocrx_word' id='word_1_258' title='bbox 1678 2315 1863 2354; x_wconf 89' lang='lat' dir='ltr'><strong>omnium</strong></span> 
     </span>
     <span class='ocr_line' id='line_1_28' title="bbox 125 2368 1863 2420; baseline 0 -12"><span class='ocrx_word' id='word_1_259' title='bbox 125 2371 222 2409; x_wconf 86' lang='lat' dir='ltr'><strong>Tex</strong></span> <span class='ocrx_word' id='word_1_260' title='bbox 239 2383 336 2409; x_wconf 86' lang='lat' dir='ltr'><strong>corr.</strong></span> <span class='ocrx_word' id='word_1_261' title='bbox 466 2382 487 2417; x_wconf 93' lang='lat'>7</span> <span class='ocrx_word' id='word_1_262' title='bbox 519 2375 647 2419; x_wconf 89' lang='lat' dir='ltr'><strong>temp.</strong></span> <span class='ocrx_word' id='word_1_263' title='bbox 673 2376 715 2408; x_wconf 91' lang='lat' dir='ltr'><strong>et</strong></span> <span class='ocrx_word' id='word_1_264' title='bbox 736 2382 870 2408; x_wconf 89' lang='lat' dir='ltr'><strong>mens.</strong></span> <span class='ocrx_word' id='word_1_265' title='bbox 894 2368 938 2405; x_wconf 91' lang='lat' dir='ltr'><em>K</em></span> <span class='ocrx_word' id='word_1_266' title='bbox 1049 2383 1075 2419; x_wconf 93' lang='lat'><strong>9</strong></span> <span class='ocrx_word' id='word_1_267' title='bbox 1104 2369 1374 2420; x_wconf 86' lang='lat' dir='ltr'><strong>mensurare]</strong></span> <span class='ocrx_word' id='word_1_268' title='bbox 1395 2382 1592 2408; x_wconf 87' lang='lat' dir='ltr'><strong>mensure</strong></span> <span class='ocrx_word' id='word_1_269' title='bbox 1619 2369 1656 2407; x_wconf 91' lang='lat' dir='ltr'><em>T</em></span> <span class='ocrx_word' id='word_1_270' title='bbox 1747 2383 1863 2408; x_wconf 89' lang='lat' dir='ltr'><strong>men-</strong></span> 
     </span>
     <span class='ocr_line' id='line_1_29' title="bbox 117 2422 1870 2473; baseline -0.001 -9"><span class='ocrx_word' id='word_1_271' title='bbox 117 2438 256 2464; x_wconf 90' lang='lat' dir='ltr'><strong>suram</strong></span> <span class='ocrx_word' id='word_1_272' title='bbox 277 2430 423 2463; x_wconf 89' lang='lat' dir='ltr'><strong>vocata</strong></span> <span class='ocrx_word' id='word_1_273' title='bbox 444 2423 489 2460; x_wconf 88' lang='lat' dir='ltr'><em>K</em></span> <span class='ocrx_word' id='word_1_274' title='bbox 507 2438 515 2462; x_wconf 92' lang='lat'>:</span> <span class='ocrx_word' id='word_1_275' title='bbox 547 2437 742 2462; x_wconf 86' lang='lat' dir='ltr'><strong>mensura</strong></span> <span class='ocrx_word' id='word_1_276' title='bbox 761 2430 911 2462; x_wconf 84' lang='lat' dir='ltr'><strong>vocata</strong></span> <span class='ocrx_word' id='word_1_277' title='bbox 929 2422 1016 2460; x_wconf 87' lang='lat' dir='ltr'><strong>BT</strong></span> <span class='ocrx_word' id='word_1_278' title='bbox 1197 2437 1245 2461; x_wconf 79' lang='lat'><strong>10</strong></span> <span class='ocrx_word' id='word_1_279' title='bbox 1275 2437 1358 2473; x_wconf 90' lang='lat' dir='ltr'><strong>quo</strong></span> <span class='ocrx_word' id='word_1_280' title='bbox 1379 2423 1425 2460; x_wconf 90' lang='lat' dir='ltr'><em>K</em></span> <span class='ocrx_word' id='word_1_281' title='bbox 1546 2424 1807 2463; x_wconf 90' lang='lat' dir='ltr'><strong>mentiuntur</strong></span> <span class='ocrx_word' id='word_1_282' title='bbox 1833 2425 1870 2462; x_wconf 92' lang='lat' dir='ltr'><em>T</em></span> 
     </span>
     <span class='ocr_line' id='line_1_30' title="bbox 119 2477 1860 2529; baseline 0.001 -13"><span class='ocrx_word' id='word_1_283' title='bbox 119 2492 162 2519; x_wconf 92' lang='lat'><strong>11</strong></span> <span class='ocrx_word' id='word_1_284' title='bbox 197 2480 363 2518; x_wconf 89' lang='lat' dir='ltr'><strong>modius</strong></span> <span class='ocrx_word' id='word_1_285' title='bbox 391 2479 428 2516; x_wconf 89' lang='lat' dir='ltr'><em>T</em></span> <span class='ocrx_word' id='word_1_286' title='bbox 606 2486 648 2517; x_wconf 92' lang='lat' dir='ltr'><strong>et</strong></span> <span class='ocrx_word' id='word_1_287' title='bbox 668 2478 766 2529; x_wconf 90' lang='lat' dir='ltr'><strong>art.]</strong></span> <span class='ocrx_word' id='word_1_288' title='bbox 787 2492 811 2516; x_wconf 91' lang='lat' dir='ltr'><strong>e</strong></span> <span class='ocrx_word' id='word_1_289' title='bbox 832 2485 944 2517; x_wconf 90' lang='lat' dir='ltr'><strong>terra</strong></span> <span class='ocrx_word' id='word_1_290' title='bbox 964 2479 1096 2516; x_wconf 88' lang='lat' dir='ltr'><strong>bones</strong></span> <span class='ocrx_word' id='word_1_291' title='bbox 1123 2478 1180 2517; x_wconf 88' lang='lat' dir='ltr'><strong>T:</strong></span> <span class='ocrx_word' id='word_1_292' title='bbox 1212 2492 1292 2516; x_wconf 86' lang='lat' dir='ltr'><strong>om.</strong></span> <span class='ocrx_word' id='word_1_293' title='bbox 1318 2477 1405 2517; x_wconf 87' lang='grc' dir='ltr'><strong>ΒΚ</strong></span> <span class='ocrx_word' id='word_1_294' title='bbox 1420 2493 1428 2517; x_wconf 92' lang='lat'><strong>:</strong></span> <span class='ocrx_word' id='word_1_295' title='bbox 1458 2480 1611 2517; x_wconf 81' lang='lat' dir='ltr'><strong>correxi</strong></span> <span class='ocrx_word' id='word_1_296' title='bbox 1618 2484 1715 2529; x_wconf 80' lang='lat' dir='ltr'><strong>post</strong></span> <span class='ocrx_word' id='word_1_297' title='bbox 1734 2480 1860 2519; x_wconf 81' lang='lat' dir='ltr'><strong>Arev.</strong></span> 
     </span>
     <span class='ocr_line' id='line_1_31' title="bbox 116 2532 1857 2582; baseline -0.001 -9"><span class='ocrx_word' id='word_1_298' title='bbox 116 2547 242 2573; x_wconf 90' lang='lat' dir='ltr'><strong>ornas</strong></span> <span class='ocrx_word' id='word_1_299' title='bbox 259 2534 304 2571; x_wconf 90' lang='lat' dir='ltr'><em>K</em></span> <span class='ocrx_word' id='word_1_300' title='bbox 492 2546 539 2571; x_wconf 87' lang='lat'><strong>12</strong></span> <span class='ocrx_word' id='word_1_301' title='bbox 569 2533 725 2571; x_wconf 90' lang='lat' dir='ltr'><strong>cloclar</strong></span> <span class='ocrx_word' id='word_1_302' title='bbox 743 2532 800 2570; x_wconf 78' lang='lat' dir='ltr'><strong>Bl</strong></span> <span class='ocrx_word' id='word_1_303' title='bbox 983 2545 1031 2582; x_wconf 86' lang='lat'><strong>13</strong></span> <span class='ocrx_word' id='word_1_304' title='bbox 1062 2532 1249 2582; x_wconf 87' lang='lat' dir='ltr'><strong>seliquas</strong></span> <span class='ocrx_word' id='word_1_305' title='bbox 1268 2533 1357 2571; x_wconf 89' lang='grc' dir='ltr'><strong>ΚΤ</strong></span> <span class='ocrx_word' id='word_1_306' title='bbox 1535 2546 1583 2582; x_wconf 91' lang='lat'><strong>14</strong></span> <span class='ocrx_word' id='word_1_307' title='bbox 1614 2547 1697 2572; x_wconf 90' lang='lat' dir='ltr'><strong>una</strong></span> <span class='ocrx_word' id='word_1_308' title='bbox 1718 2547 1798 2573; x_wconf 86' lang='lat' dir='ltr'><strong>om.</strong></span> <span class='ocrx_word' id='word_1_309' title='bbox 1832 2533 1857 2571; x_wconf 78' lang='lat'><em>1</em></span> 
     </span>
     <span class='ocr_line' id='line_1_32' title="bbox 116 2586 1863 2638; baseline -0.001 -10"><span class='ocrx_word' id='word_1_310' title='bbox 116 2589 318 2638; x_wconf 89' lang='lat' dir='ltr'><strong>adimplet</strong></span> <span class='ocrx_word' id='word_1_311' title='bbox 338 2586 383 2625; x_wconf 91' lang='lat' dir='ltr'><strong><em>K</em></strong></span> <span class='ocrx_word' id='word_1_312' title='bbox 572 2588 680 2627; x_wconf 87' lang='lat' dir='ltr'><strong>Ciati</strong></span> <span class='ocrx_word' id='word_1_313' title='bbox 700 2587 786 2626; x_wconf 83' lang='lat' dir='ltr'><strong>BT</strong></span> <span class='ocrx_word' id='word_1_314' title='bbox 1026 2601 1072 2637; x_wconf 91' lang='lat'><strong>15</strong></span> <span class='ocrx_word' id='word_1_315' title='bbox 1103 2588 1299 2637; x_wconf 88' lang='lat' dir='ltr'><strong>dragmas</strong></span> <span class='ocrx_word' id='word_1_316' title='bbox 1327 2587 1364 2625; x_wconf 92' lang='lat' dir='ltr'><em>T</em></span> <span class='ocrx_word' id='word_1_317' title='bbox 1551 2595 1697 2628; x_wconf 88' lang='lat' dir='ltr'><strong>cuatus</strong></span> <span class='ocrx_word' id='word_1_318' title='bbox 1716 2588 1757 2625; x_wconf 86' lang='lat' dir='ltr'><em>A</em></span> <span class='ocrx_word' id='word_1_319' title='bbox 1765 2602 1863 2627; x_wconf 66' lang='lat' dir='ltr'><strong>reu:</strong></span> 
     </span>
     <span class='ocr_line' id='line_1_33' title="bbox 116 2640 1860 2693; baseline -0.001 -11"><span class='ocrx_word' id='word_1_320' title='bbox 116 2650 310 2682; x_wconf 82' lang='lat' dir='ltr'><strong>causatus</strong></span> <span class='ocrx_word' id='word_1_321' title='bbox 330 2640 480 2680; x_wconf 86' lang='lat' dir='ltr'><em>B1DK</em></span> <span class='ocrx_word' id='word_1_322' title='bbox 494 2657 503 2680; x_wconf 80' lang='lat' dir='ltr'><strong><em>z</em></strong></span> <span class='ocrx_word' id='word_1_323' title='bbox 533 2649 647 2682; x_wconf 90' lang='lat' dir='ltr'><strong>satus</strong></span> <span class='ocrx_word' id='word_1_324' title='bbox 675 2642 736 2681; x_wconf 90' lang='lat' dir='ltr'><strong>T:</strong></span> <span class='ocrx_word' id='word_1_325' title='bbox 766 2648 931 2681; x_wconf 88' lang='lat' dir='ltr'><strong>casatus</strong></span> <span class='ocrx_word' id='word_1_326' title='bbox 951 2641 1008 2679; x_wconf 84' lang='grc' dir='ltr'><strong>Β2</strong></span> <span class='ocrx_word' id='word_1_327' title='bbox 1137 2644 1186 2680; x_wconf 89' lang='grc'><strong>16</strong></span> <span class='ocrx_word' id='word_1_328' title='bbox 1217 2643 1503 2693; x_wconf 83' lang='lat' dir='ltr'><strong>Oxybaphum</strong></span> <span class='ocrx_word' id='word_1_329' title='bbox 1523 2643 1702 2682; x_wconf 79' lang='lat' dir='ltr'><strong>Hultsch</strong></span> <span class='ocrx_word' id='word_1_330' title='bbox 1787 2644 1860 2682; x_wconf 89' lang='lat' dir='ltr'><strong>ad-</strong></span> 
     </span>
     <span class='ocr_line' id='line_1_34' title="bbox 117 2696 1859 2746; baseline -0.001 -10"><span class='ocrx_word' id='word_1_331' title='bbox 117 2699 270 2736; x_wconf 89' lang='lat' dir='ltr'><strong>dentur</strong></span> <span class='ocrx_word' id='word_1_332' title='bbox 289 2696 334 2734; x_wconf 91' lang='lat' dir='ltr'><em>K</em></span> <span class='ocrx_word' id='word_1_333' title='bbox 489 2709 535 2746; x_wconf 88' lang='lat'><strong>17</strong></span> <span class='ocrx_word' id='word_1_334' title='bbox 567 2696 846 2736; x_wconf 88' lang='lat' dir='ltr'><strong>Acetabulum</strong></span> <span class='ocrx_word' id='word_1_335' title='bbox 867 2696 991 2735; x_wconf 81' lang='lat' dir='ltr'><strong>Arev.</strong></span> <span class='ocrx_word' id='word_1_336' title='bbox 1121 2697 1331 2736; x_wconf 88' lang='lat' dir='ltr'><strong>drammas</strong></span> <span class='ocrx_word' id='word_1_337' title='bbox 1358 2697 1395 2735; x_wconf 91' lang='lat' dir='ltr'><em>T</em></span> <span class='ocrx_word' id='word_1_338' title='bbox 1557 2699 1605 2736; x_wconf 90' lang='lat'><strong>18</strong></span> <span class='ocrx_word' id='word_1_339' title='bbox 1637 2697 1774 2736; x_wconf 91' lang='lat' dir='ltr'><strong>Cotila</strong></span> <span class='ocrx_word' id='word_1_340' title='bbox 1799 2697 1859 2735; x_wconf 86' lang='lat' dir='ltr'><strong>T:</strong></span> 
     </span>
     <span class='ocr_line' id='line_1_35' title="bbox 117 2750 1865 2801; baseline -0.001 -10"><span class='ocrx_word' id='word_1_341' title='bbox 117 2752 269 2792; x_wconf 89' lang='lat' dir='ltr'><strong>Cotula</strong></span> <span class='ocrx_word' id='word_1_342' title='bbox 288 2750 376 2789; x_wconf 87' lang='grc' dir='ltr'><strong>ΒΚ</strong></span> <span class='ocrx_word' id='word_1_343' title='bbox 619 2757 771 2801; x_wconf 83' lang='lat' dir='ltr'><strong>cyatus</strong></span> <span class='ocrx_word' id='word_1_344' title='bbox 791 2751 837 2789; x_wconf 92' lang='lat' dir='ltr'><em>K</em></span> <span class='ocrx_word' id='word_1_345' title='bbox 852 2766 861 2790; x_wconf 71' lang='grc' dir='ltr'>ε</span> <span class='ocrx_word' id='word_1_346' title='bbox 891 2751 1022 2790; x_wconf 90' lang='lat' dir='ltr'><strong>ciatos</strong></span> <span class='ocrx_word' id='word_1_347' title='bbox 1039 2750 1125 2788; x_wconf 88' lang='grc' dir='ltr'><strong>ΒΤ</strong></span> <span class='ocrx_word' id='word_1_348' title='bbox 1367 2752 1493 2791; x_wconf 91' lang='lat' dir='ltr'><strong>cotila</strong></span> <span class='ocrx_word' id='word_1_349' title='bbox 1520 2751 1578 2790; x_wconf 90' lang='lat' dir='ltr'><strong>T:</strong></span> <span class='ocrx_word' id='word_1_350' title='bbox 1608 2752 1749 2791; x_wconf 89' lang='lat' dir='ltr'><strong>cotula</strong></span> <span class='ocrx_word' id='word_1_351' title='bbox 1776 2750 1865 2789; x_wconf 90' lang='grc' dir='ltr'><strong>ΒΚ</strong></span> 
     </span>
     <span class='ocr_line' id='line_1_36' title="bbox 122 2805 1856 2857; baseline 0.001 -12"><span class='ocrx_word' id='word_1_352' title='bbox 122 2819 171 2857; x_wconf 86' lang='lat'><strong>19</strong></span> <span class='ocrx_word' id='word_1_353' title='bbox 199 2806 412 2846; x_wconf 85' lang='lat' dir='ltr'><strong>sextarius</strong></span> <span class='ocrx_word' id='word_1_354' title='bbox 431 2805 611 2844; x_wconf 78' lang='lat' dir='ltr'><em>Hultsch</em></span> <span class='ocrx_word' id='word_1_355' title='bbox 777 2819 830 2845; x_wconf 88' lang='lat'><strong>20</strong></span> <span class='ocrx_word' id='word_1_356' title='bbox 860 2813 902 2844; x_wconf 90' lang='lat' dir='ltr'><strong>et</strong></span> <span class='ocrx_word' id='word_1_357' title='bbox 917 2818 979 2845; x_wconf 90' lang='lat' dir='ltr'><strong>co.</strong></span> <span class='ocrx_word' id='word_1_358' title='bbox 998 2806 1077 2844; x_wconf 85' lang='lat' dir='ltr'><strong>fac.</strong></span> <span class='ocrx_word' id='word_1_359' title='bbox 1103 2805 1195 2845; x_wconf 78' lang='lat' dir='ltr'><strong>hab.</strong></span> <span class='ocrx_word' id='word_1_360' title='bbox 1223 2805 1322 2845; x_wconf 85' lang='lat' dir='ltr'><strong>TU:</strong></span> <span class='ocrx_word' id='word_1_361' title='bbox 1354 2820 1437 2846; x_wconf 87' lang='lat' dir='ltr'><strong>om.</strong></span> <span class='ocrx_word' id='word_1_362' title='bbox 1455 2805 1647 2845; x_wconf 68' lang='lat' dir='ltr'><em>BlDEK</em></span> <span class='ocrx_word' id='word_1_363' title='bbox 1781 2807 1809 2845; x_wconf 88' lang='lat' dir='ltr'><strong>i.</strong></span> <span class='ocrx_word' id='word_1_364' title='bbox 1826 2820 1856 2846; x_wconf 83' lang='lat' dir='ltr'><strong>e.</strong></span> 
     </span>
     <span class='ocr_line' id='line_1_37' title="bbox 120 2859 1857 2910; baseline -0.001 -9"><span class='ocrx_word' id='word_1_365' title='bbox 120 2861 305 2901; x_wconf 90' lang='lat' dir='ltr'><strong>Hemina</strong></span> <span class='ocrx_word' id='word_1_366' title='bbox 433 2861 652 2910; x_wconf 87' lang='lat' dir='ltr'><strong>adpendet</strong></span> <span class='ocrx_word' id='word_1_367' title='bbox 672 2859 779 2898; x_wconf 86' lang='lat' dir='ltr'><strong>B1T</strong></span> <span class='ocrx_word' id='word_1_368' title='bbox 935 2873 983 2898; x_wconf 88' lang='lat'><strong>21</strong></span> <span class='ocrx_word' id='word_1_369' title='bbox 1017 2860 1116 2898; x_wconf 81' lang='lat' dir='ltr'><strong>facit</strong></span> <span class='ocrx_word' id='word_1_370' title='bbox 1136 2859 1223 2897; x_wconf 88' lang='grc' dir='ltr'><strong>ΒΚ</strong></span> <span class='ocrx_word' id='word_1_371' title='bbox 1238 2874 1248 2899; x_wconf 85' lang='lat'>:</span> <span class='ocrx_word' id='word_1_372' title='bbox 1278 2861 1427 2901; x_wconf 90' lang='lat' dir='ltr'><strong>reddet</strong></span> <span class='ocrx_word' id='word_1_373' title='bbox 1453 2861 1491 2900; x_wconf 94' lang='lat' dir='ltr'><em>T</em></span> <span class='ocrx_word' id='word_1_374' title='bbox 1613 2861 1857 2900; x_wconf 88' lang='lat' dir='ltr'><strong>Sextarium</strong></span> 
     </span>
     <span class='ocr_line' id='line_1_38' title="bbox 120 2913 1854 2968; baseline 0.001 -15"><span class='ocrx_word' id='word_1_375' title='bbox 120 2914 166 2953; x_wconf 89' lang='lat' dir='ltr'><em>K</em></span> <span class='ocrx_word' id='word_1_376' title='bbox 321 2927 372 2954; x_wconf 86' lang='lat'><strong>22</strong></span> <span class='ocrx_word' id='word_1_377' title='bbox 402 2920 612 2954; x_wconf 86' lang='lat' dir='ltr'><strong>assumtus</strong></span> <span class='ocrx_word' id='word_1_378' title='bbox 641 2913 699 2953; x_wconf 87' lang='lat' dir='ltr'><strong>T:</strong></span> <span class='ocrx_word' id='word_1_379' title='bbox 729 2915 980 2965; x_wconf 85' lang='lat' dir='ltr'><strong>adsumptus</strong></span> <span class='ocrx_word' id='word_1_380' title='bbox 999 2913 1088 2953; x_wconf 89' lang='grc' dir='ltr'><strong>ΒΚ</strong></span> <span class='ocrx_word' id='word_1_381' title='bbox 1101 2928 1108 2952; x_wconf 93' lang='lat'><strong>:</strong></span> <span class='ocrx_word' id='word_1_382' title='bbox 1141 2928 1197 2953; x_wconf 86' lang='lat' dir='ltr'><strong>an</strong></span> <span class='ocrx_word' id='word_1_383' title='bbox 1218 2916 1535 2956; x_wconf 70' lang='lat' dir='ltr'><strong>adsummatustt</strong></span> <span class='ocrx_word' id='word_1_384' title='bbox 1568 2916 1633 2968; x_wconf 61' lang='lat' dir='ltr'><strong>(ff.</strong></span> <span class='ocrx_word' id='word_1_385' title='bbox 1658 2928 1760 2955; x_wconf 72' lang='grc' dir='ltr'><strong>Χκν.</strong></span> <span class='ocrx_word' id='word_1_386' title='bbox 1789 2915 1854 2966; x_wconf 85' lang='grc'><strong>15)</strong></span> 
     </span>
     <span class='ocr_line' id='line_1_39' title="bbox 119 2968 1855 3020; baseline 0.001 -12"><span class='ocrx_word' id='word_1_387' title='bbox 119 2982 172 3018; x_wconf 86' lang='lat'><strong>23</strong></span> <span class='ocrx_word' id='word_1_388' title='bbox 201 2970 406 3009; x_wconf 87' lang='lat' dir='ltr'><strong>adsumtis</strong></span> <span class='ocrx_word' id='word_1_389' title='bbox 434 2968 486 3008; x_wconf 87' lang='lat' dir='ltr'><strong>T:</strong></span> <span class='ocrx_word' id='word_1_390' title='bbox 519 2970 766 3018; x_wconf 82' lang='lat' dir='ltr'><strong>adsumptus</strong></span> <span class='ocrx_word' id='word_1_391' title='bbox 787 2969 875 3007; x_wconf 87' lang='grc' dir='ltr'><strong>ΒΚ</strong></span> <span class='ocrx_word' id='word_1_392' title='bbox 1022 2971 1092 3009; x_wconf 62' lang='lat' dir='ltr'><strong>zze.</strong></span> <span class='ocrx_word' id='word_1_393' title='bbox 1120 2971 1300 3008; x_wconf 81' lang='lat' dir='ltr'><strong>choenix</strong></span> <span class='ocrx_word' id='word_1_394' title='bbox 1538 2983 1588 3019; x_wconf 85' lang='lat'><strong>24</strong></span> <span class='ocrx_word' id='word_1_395' title='bbox 1620 2970 1855 3020; x_wconf 90' lang='lat' dir='ltr'><strong>quinarium</strong></span> 
     </span>
     <span class='ocr_line' id='line_1_40' title="bbox 119 3023 1334 3074; baseline 0.001 -12"><span class='ocrx_word' id='word_1_396' title='bbox 119 3024 296 3063; x_wconf 78' lang='lat' dir='ltr'><strong>Hultsch</strong></span> <span class='ocrx_word' id='word_1_397' title='bbox 406 3036 558 3074; x_wconf 90' lang='lat' dir='ltr'><strong>gomor</strong></span> <span class='ocrx_word' id='word_1_398' title='bbox 575 3037 626 3062; x_wconf 83' lang='lat' dir='ltr'><strong>ex</strong></span> <span class='ocrx_word' id='word_1_399' title='bbox 641 3036 789 3073; x_wconf 89' lang='lat' dir='ltr'><strong>gomer</strong></span> <span class='ocrx_word' id='word_1_400' title='bbox 808 3029 852 3063; x_wconf 82' lang='lat' dir='ltr'><strong>ut</strong></span> <span class='ocrx_word' id='word_1_401' title='bbox 874 3024 953 3064; x_wconf 81' lang='lat' dir='ltr'><strong>vid.</strong></span> <span class='ocrx_word' id='word_1_402' title='bbox 986 3023 1022 3062; x_wconf 89' lang='lat' dir='ltr'><em>T</em></span> <span class='ocrx_word' id='word_1_403' title='bbox 1126 3024 1268 3063; x_wconf 82' lang='lat' dir='ltr'><strong>adices</strong></span> <span class='ocrx_word' id='word_1_404' title='bbox 1297 3023 1334 3062; x_wconf 92' lang='lat' dir='ltr'><em>T</em></span> 
     </span>
    </p>
   </div>
  </div>
 </body>
</html>
