2176 3424
482 134 1109 182 ETYMOLOGIARVM
1150 135 1279 181 LIB.
1320 136 1458 181 XIX.
1498 134 1526 191 i,
1554 134 1585 181 ii

160 279 306 311 coreo
341 281 495 326 genus
532 263 711 327 navigii
743 264 958 327 praebet.
1033 263 1281 313 Portemia
1314 264 1538 312 navicula
1572 263 1792 327 Syriatici
1828 283 1905 329 ge-

158 344 286 392 neris
323 347 418 393 lata
455 355 502 394 et
537 345 642 395 sine
677 345 854 406 carina,
886 362 916 393 a
950 347 1194 409 portando
1230 354 1416 394 vocata.
1489 349 1706 394 Vtuntur
1741 344 1816 393 his
1854 343 1904 392 in

162 426 427 475 Pannonia.
502 427 766 476 Trabariae
790 427 1014 476 amnicae
1038 444 1187 476 naves
1220 445 1347 491 quae
1372 445 1431 476 ex
1456 427 1658 491 singulis
1684 426 1903 475 trabibus
1927 441 1989 489 27

158 518 404 568 cavantur,
432 525 558 571 quae
583 509 679 558 alio
706 511 908 559 nomine
943 508 1184 558 litorariae
1217 509 1464 558 dicuntur.
1538 511 1682 557 Haec
1718 518 1765 557 et
1795 525 1905 556 cau-

112 607 133 646 5
158 591 310 651 dicae,
362 607 419 639 ex
459 607 559 639 uno
598 590 731 653 ligno
767 600 939 639 cavato
976 593 1132 640 factae
1152 609 1164 651 3
1218 600 1265 639 et
1302 592 1418 640 inde
1454 590 1689 640 caudicae
1726 591 1842 653 quia
1877 608 1906 639 a

157 679 387 733 quattuor
412 686 566 732 usque
591 670 654 718 acl
681 671 854 718 decem
881 668 1106 718 homines
1131 668 1345 732 capiunt.

295 755 375 800 DE
403 766 651 799 PARTIBVS
678 766 882 799 NAVIVM
921 766 985 798 ET
1010 765 1376 799 ARMAMENsz.
1451 749 1636 814 Puppis
1667 751 1907 814 posterior
1932 750 1971 790 ΙΙ

158 847 266 893 pars
293 829 428 878 navis
455 838 540 889 est,
569 829 707 892 quasi
732 837 874 892 post3
911 845 1051 891 prora
1065 829 1294 890 anterior,
1310 828 1450 892 quasi
1475 828 1649 892 priora.
1709 829 1907 879 Cumba

159 914 295 960 locus
338 911 463 959 imus
502 910 650 970 navis,
691 912 826 973 quod
863 910 1003 973 aquis
1040 910 1310 960 incumbat.
1384 909 1563 961 Carina
1599 928 1627 959 a
1663 912 1906 959 currendo

88 1011 138 1040 10
159 994 304 1052 dicta,
345 991 482 1056 quasi
519 991 721 1040 currina.
797 991 909 1040 Fori
947 991 1145 1040 navium
1183 994 1333 1040 latera
1368 1008 1599 1051 concava,
1638 1009 1668 1040 a
1702 993 1907 1041 ferendo
1929 1004 1962 1038 2

158 1091 306 1123 onere
331 1074 463 1123 dicta
483 1092 496 1135 3
533 1073 632 1122 sive
657 1073 875 1122 tabulata
899 1073 1098 1122 navium
1124 1090 1251 1136 quae
1277 1082 1573 1133 sternuntur,
1601 1075 1734 1122 dicta
1757 1074 1821 1122 ab
1847 1090 1906 1122 eo

157 1157 292 1219 quod
318 1155 537 1204 incessus
564 1157 719 1204 ferant
748 1157 824 1204 vel
852 1154 967 1203 foris
1002 1155 1266 1204 emineant.
1344 1158 1420 1204 De
1449 1155 1630 1219 quibus
1663 1155 1907 1219 Vergilius

158 1237 303 1301 (Aen.
324 1240 366 1297 6,
390 1237 507 1300 412)
530 1256 538 1286 ε

760 1315 1041 1384 [Laxatque
1077 1315 1247 1384 foros]

87 1419 134 1461 15
159 1399 478 1450 Columbaria
503 1399 552 1448 in
579 1399 784 1448 summis
810 1399 1042 1448 lateribus
1077 1401 1275 1448 navium
1311 1402 1420 1448 loca
1451 1416 1669 1448 concava
1695 1416 1780 1463 per
1810 1416 1908 1462 qua
1932 1417 1963 1463 3

159 1482 379 1531 eminent
404 1481 524 1529 remi
541 1500 553 1541 3
602 1481 746 1540 dicta,
775 1483 939 1541 credo,
967 1483 1103 1544 quod
1138 1481 1234 1530 sint
1267 1481 1442 1530 similia
1475 1481 1689 1530 latibulis
1724 1484 1908 1530 colum·
1966 1526 1971 1531 .

161 1565 330 1612 barum
358 1562 408 1610 in
435 1563 614 1626 quibus
647 1562 917 1612 nidificant.
990 1566 1126 1626 Agea
1160 1562 1266 1612 viae
1291 1573 1420 1622 sunt,
1449 1565 1558 1611 loca
1591 1562 1640 1611 in
1674 1563 1786 1612 navi
1823 1580 1908 1627 per
1931 1573 1964 1621 4

159 1663 256 1710 qua
280 1647 343 1694 ad
372 1644 578 1708 remiges
604 1646 822 1693 hortator
851 1644 1059 1694 accedit.
1134 1647 1211 1694 De
1237 1662 1335 1707 qua
1361 1645 1552 1692 Ennius
1576 1647 1730 1708 (Ann.
1759 1644 1906 1710 492):

397 1728 558 1775 Multa
595 1729 700 1775 foro
737 1736 903 1789 ponet,
942 1736 990 1775 et
1026 1742 1146 1789 agea
1182 1728 1331 1790 longa
1366 1728 1592 1790 repletur.

87 1827 140 1856 20
160 1810 394 1856 Transtra
426 1818 539 1856 sunt
572 1808 768 1856 tabulae
803 1808 886 1856 ubi
921 1809 1096 1856 sedent
1130 1807 1350 1896 remiges,
1380 1809 1517 1870 quod
1554 1807 1604 1855 in
1635 1818 1910 1857 transverso
1926 1777 1962 1867 5

161 1889 256 1938 sint
286 1889 445 1938 dicta·
432 1928 446 1951 ,
496 1906 622 1952 quae
652 1889 895 1952 Vergilius
927 1888 1073 1953 (Aen.
1099 1893 1142 1950 6,
1166 1888 1285 1953 411)
1320 1888 1431 1951 iuga
1459 1890 1686 1952 appellat.
1763 1889 1910 1939 Remi
1936 1889 1971 1936 6

160 1988 187 2019 a
226 1970 552 2031 removendis,
593 1970 786 2035 <tonsae
834 1987 862 2018 a
904 1970 1195 2034 tondendis>
1233 1980 1281 2018 et
1328 1970 1638 2019 decutiendis
1677 1971 1909 2020 fluctibus
1956 1999 1971 2018 r

160 2052 292 2110 dicti,
315 2052 440 2101 sicut
457 2062 678 2100 tonsores
693 2068 721 2099 a
741 2051 1007 2099 tondendis
1026 2061 1074 2101 et
1091 2051 1401 2101 decutiendis
1421 2051 1622 2116 capillis.
1686 2055 1910 2102 Palmula
1934 2061 1964 2111 7

162 2144 234 2183 est
259 2144 474 2183 extrema
503 2134 711 2182 latitudo
744 2133 878 2193 remi,
906 2150 934 2183 a
972 2135 1136 2197 palma
1168 2133 1314 2194 dicta,
1348 2150 1445 2197 qua
1479 2151 1612 2184 mare
1645 2134 1908 2198 inpellitur.

89 2233 138 2275 25
164 2219 442 2265 Antemnae
466 2226 630 2264 autem
658 2215 819 2264 dictae
849 2216 986 2278 quod
1010 2225 1124 2264 ante
1154 2232 1351 2264 amnem
1378 2215 1475 2264 sint
1505 2216 1694 2279 positae
1716 2235 1728 2277 3
1778 2233 1910 2281 prae-

217 2359 240 2383 2
271 2345 413 2383 carino
435 2358 460 2383 o
481 2350 587 2395 port.
621 2343 659 2381 T
801 2357 825 2393 3
853 2343 1082 2383 Travariae
1103 2343 1149 2382 K
1267 2345 1452 2383 travibus
1471 2345 1559 2383 ΒΚ
1693 2359 1717 2394 4
1748 2347 1908 2385 cautice

165 2401 310 2450 (-cem)
335 2399 424 2437 KN
631 2412 654 2448 5
686 2405 856 2438 cavatae
879 2398 950 2437 K:
980 2405 1163 2438 cavatam
1185 2404 1227 2437 et
1246 2399 1293 2437 N
1440 2406 1482 2438 et
1503 2399 1622 2451 inde]
1645 2401 1802 2440 exinde
1824 2401 1914 2440 KN

163 2455 323 2493 cautice
358 2453 447 2491 ΚΝ
621 2454 673 2492 ad
707 2466 776 2502 qu.
814 2467 874 2493 us.
915 2455 1003 2493 dec.
1039 2454 1106 2492 N:
1149 2455 1201 2492 ad
1234 2467 1300 2502 qu.
1337 2466 1399 2493 us.
1431 2461 1473 2492 et
1508 2455 1596 2493 dec.
1634 2454 1680 2491 K
1713 2457 1816 2507 (non
1852 2456 1909 2508 U)

169 2522 216 2547 10
244 2510 361 2558 quasi
385 2521 493 2548 eurr.
517 2539 525 2548 .
550 2539 557 2547 .
579 2538 588 2547 .
613 2508 722 2547 dicta
747 2511 786 2559 (ξ
811 2509 857 2559 2)
881 2521 962 2547 om.
995 2510 1030 2547 T
1140 2521 1184 2546 11
1218 2509 1307 2547 sive
1326 2508 1476 2547 BTU:
1507 2515 1605 2547 sunt
1633 2509 1722 2547 KN
1800 2515 1908 2549 ster-

165 2570 318 2602 nantur
355 2563 396 2600 B
579 2575 626 2600 12
657 2563 822 2601 fuerant
862 2563 915 2600 Β1
1074 2563 1125 2601 de
1165 2576 1234 2612 qu.
1275 2563 1374 2602 Ver.
1415 2576 1498 2602 om.
1541 2563 1670 2601 KNP
1707 2566 1808 2615 (non
1852 2565 1909 2615 U)

169 2631 215 2666 14
247 2618 298 2656 la.
320 2618 374 2656 fo.
399 2618 490 2656 hab.
522 2617 622 2655 TU:
652 2630 738 2656 om.
758 2616 965 2655 BFKNP
1134 2629 1177 2665 15
1209 2631 1286 2668 per
1305 2630 1428 2666 quam
1450 2617 1496 2654 K
1666 2631 1711 2667 17
1744 2618 1852 2667 Agia
1872 2619 1913 2657 Β

163 2673 230 2710 vie
251 2673 296 2710 K
316 2673 399 2722 (i.e.
423 2673 534 2723 viae)
718 2685 795 2722 per
814 2684 936 2720 quam
958 2670 1003 2707 K
1249 2672 1297 2709 18
1328 2674 1518 2710 hortatur
1538 2686 1622 2711 acc.
1648 2673 1714 2710 K:
1747 2679 1910 2713 ortatus

167 2729 235 2776 (ut
251 2727 354 2777 vid.)
375 2728 548 2765 accedet
569 2726 610 2763 Β
628 2740 635 2763 :
664 2732 854 2765 ortatura
874 2727 995 2764 cedet
1022 2725 1059 2762 T
1165 2738 1212 2775 19
1242 2731 1370 2776 ponet
1386 2732 1428 2765 et
1446 2726 1761 2766 BDEFTUV·
1792 2733 1911 2777 potet

166 2782 215 2820 M
229 2797 236 2821 ;
267 2781 388 2831 punit
408 2780 514 2821 KP:
546 2794 658 2830 pune
678 2781 743 2821 N:
775 2781 893 2830 ponit
915 2786 956 2819 et
979 2779 1180 2819 Caesenas
1333 2780 1396 2820 vel
1414 2781 1563 2830 Longa
1584 2784 1695 2833 (nov.
1719 2785 1910 2834 versus>z

164 2836 291 2884 lenga
310 2835 356 2874 N
371 2834 472 2884 (non
493 2834 721 2884 MPDEF)
775 2835 938 2885 repleto
958 2835 1058 2872 ΒΕ1
1080 2835 1180 2886 (non
1202 2833 1470 2886 FMNPUV)
1555 2849 1608 2875 20
1637 2837 1809 2876 Trastra
1827 2836 1914 2876 BT

165 2890 320 2928 rimicis
339 2889 385 2928 K
492 2889 572 2928 dic.
594 2903 664 2938 qu.
691 2889 733 2927 in
755 2894 807 2930 tr.
829 2890 914 2929 sint
941 2889 978 2928 T
1101 2903 1148 2928 21
1179 2889 1347 2928 lonsae
1370 2891 1474 2929 remi
1493 2891 1620 2930 Arev.
1760 2904 1812 2929 22
1843 2904 1909 2931 re-

165 2945 374 2983 movendo
394 2943 450 2981 Β1
502 2944 685 2995 supplevi
790 2944 1008 2984 deciendis
1028 2943 1084 2981 Β1
1110 2946 1211 2994 (pro
1231 2944 1464 2984 deiciendis
1479 2944 1510 2994 3)
1628 2958 1680 2995 23
1711 2950 1909 2985 tunsores

166 3012 191 3036 a
211 2999 438 3037 tundendis
458 2998 504 3036 K
609 3004 652 3037 et
672 2999 761 3038 dee.
785 3012 865 3038 om.
893 2998 930 3038 T
947 3000 1048 3049 (non
1091 2998 1150 3050 U)
1270 3012 1320 3048 24
1341 3013 1465 3050 quam
1488 3012 1602 3039 mare
1627 3013 1695 3052 ‹Xex
1715 3000 1822 3040 male
1843 3000 1906 3053 K)

167 3053 407 3103 empellitur
427 3051 516 3091 KN
