2176 3424
995 118 1269 167 ISIDORI
2125 0 2176 297 W

144 259 226 297 VII
388 253 470 298 DE
503 262 785 298 comvous.
859 246 947 293 Vir
973 262 1143 294 sexum
1169 242 1423 306 significat,
1452 257 1554 289 non
1580 237 1880 301 coniugium,
1908 235 2003 285 nisi

196 351 227 385 2
249 331 486 381 adieceris
514 331 582 379 vir
607 332 725 379 eius.
783 328 992 377 Maritus
1011 343 1128 391 vero
1144 325 1292 374 etiam
1313 323 1419 372 sine
1437 320 1717 372 adiectione
1742 320 2004 381 coniugem
2172 331 2176 336 ·

251 422 394 462 sonat
415 432 429 474 3
466 422 514 462 et
538 429 567 460 a
592 428 726 461 mare
752 410 967 469 maritus,
991 409 1130 472 quasi
1157 423 1275 455 mas.
1340 407 1430 453 Est
1449 403 1582 453 enim
1607 417 1793 450 nomen
1818 398 2005 464 primae

249 494 520 558 positionis,
550 495 687 557 quod
723 492 838 541 facit
874 491 926 540 in
956 490 1288 540 diminutione
1322 488 1583 545 masculus,
1612 484 1662 532 in
1701 483 2005 533 derivatione

198 589 227 635 3
252 576 468 625 maritus.
542 577 761 639 Sponsus
798 574 861 623 ab
899 573 1197 637 spondendo
1234 579 1451 619 vocatus.
1525 569 1658 616 Nam
1705 575 1822 615 ante
1857 581 2003 613 usum
2032 583 2053 624 5

249 658 541 707 tabellarum
580 655 878 705 matrimonii
918 654 1172 703 cautiones
1213 651 1306 700 sibi
1349 650 1559 699 invicem
1604 647 1911 705 emittebant,
1956 644 2007 693 in

251 740 431 802 quibus
468 739 786 803 spondebant
812 755 864 786 se
902 737 1114 805 invicem
1148 732 1427 783 consentire
1464 731 1516 780 in
1553 730 1658 779 iura
1690 726 2005 786 matrimonii,

194 838 227 885 4
251 833 299 872 et
326 823 638 873 fideiussores
665 820 866 870 dabant.
940 819 1089 867 Vnde
1123 818 1397 866 admissum
1432 823 1505 863 est
1529 821 1583 862 ut
1608 827 1846 875 sponsum
1881 805 2008 858 dica-

253 923 362 953 mus
389 905 560 964 virum,
584 903 646 951 ab
667 902 981 965 spondendO,
1005 909 1052 948 et
1074 914 1308 962 sponsam
1335 894 1568 944 similiter.
1644 894 1878 943 Ceterum
1904 907 2011 954 pro-

253 989 356 1049 prie
394 986 640 1049 spondere
674 985 799 1032 velle
838 991 925 1030 est.
1003 982 1135 1043 Ergo
1165 995 1377 1042 sponsus
1413 992 1516 1025 non
1546 975 1663 1038 quia
1695 972 2008 1038 promittitur,
2039 994 2088 1021 10
2170 957 2176 963 ⁵

199 1076 229 1124 5
253 1070 340 1117 sed
378 1069 493 1130 quia
531 1066 744 1130 spondet
774 1073 822 1113 et
853 1078 1117 1126 sponsores
1149 1062 1251 1109 dat.
1322 1058 1514 1107 Arrabo
1544 1056 1690 1116 dicta,
1732 1055 1873 1118 quasi
1905 1071 2013 1102 arra
2169 1043 2176 1046 ⁷

255 1151 399 1199 bona.
476 1149 629 1210 Quod
655 1146 788 1197 enim
815 1147 958 1195 datur
978 1161 1067 1207 pro
1093 1141 1340 1205 coniugio,
1368 1140 1497 1189 bene
1524 1140 1680 1199 datur,
1703 1137 1819 1201 quia
1844 1135 2009 1185 coniu-

253 1234 388 1295 gium
417 1232 606 1280 bonum
632 1238 718 1278 est.
794 1229 947 1289 Quod
975 1242 1089 1275 vero
1115 1241 1263 1274 causa
1296 1220 1634 1272 fornicationis
1660 1229 1744 1268 aut
1769 1216 2009 1275 adulterii,

194 1315 229 1361 6
256 1315 441 1361 malum
467 1321 553 1371 est,
583 1310 768 1360 idcirco
794 1309 969 1358 arrabo
995 1325 1098 1356 non
1123 1316 1210 1356 est.
1285 1304 1434 1353 Dicta
1458 1312 1624 1352 autem
1650 1317 1755 1350 arra
1779 1317 1808 1348 a
1832 1317 1897 1358 re,
1925 1316 2015 1362 pro

256 1412 354 1458 qua
391 1393 609 1443 traditur.
684 1395 774 1441 Est
807 1400 974 1440 autem
1007 1406 1114 1438 arra
1152 1405 1254 1436 non
1295 1388 1455 1435 solum
1493 1382 1695 1448 sponsio
1728 1381 2012 1445 coniugalis,
2041 1402 2089 1443 15
2168 1390 2176 1443 ,ᾗ

258 1474 345 1522 sed
380 1472 529 1522 etiam
567 1488 657 1535 pro
692 1469 915 1533 qualibet
945 1467 1187 1532 promissa
1218 1482 1282 1525 re,
1311 1474 1364 1513 ut
1394 1472 1478 1513 aut
1514 1462 1747 1511 reddatur
1782 1469 1867 1508 aut
1903 1475 2018 1507 con·
2174 1451 2176 1454 ⁴

204 1569 233 1618 7
257 1557 463 1618 pleatur.
541 1552 684 1602 Proci
721 1551 1006 1615 nuptiarum
1048 1548 1299 1614 petitores,
1339 1564 1369 1595 a
1411 1545 1666 1610 procando
1703 1551 1752 1592 et
1798 1541 2017 1606 petendo

197 1641 226 1687 8
258 1636 392 1686 dicti.
467 1635 705 1684 Pronuba
741 1634 890 1699 dicta,
930 1649 991 1681 eo
1029 1633 1167 1695 quod
1203 1627 1510 1679 nubentibus
1547 1634 1753 1690 praeest,
1790 1638 2018 1687 quaeque

258 1718 533 1767 nubentem
581 1716 686 1765 viro
734 1714 1005 1778 coniungit.
1080 1715 1197 1776 Ipsa
1246 1720 1319 1761 est
1366 1719 1415 1759 et
1462 1707 1811 1773 paranympha.
1886 1706 2018 1752 Nam
2164 1759 2176 1772 τ

258 1802 479 1864 nympha
495 1816 678 1862 sponsa
694 1798 744 1846 in
763 1796 971 1860 nuptiis;
1005 1805 1052 1845 et
1069 1797 1288 1858 nympha
1305 1809 1394 1857 pro
1410 1789 1669 1840 lavationis
1685 1787 1861 1846 officio,
1882 1787 2019 1849 quod
2044 1809 2094 1836 20
2164 1775 2176 1833 ἶ

200 1892 234 1938 9
261 1891 308 1932 et
340 1884 406 1931 ad
437 1898 622 1930 nomen
660 1879 895 1929 nubentis
931 1877 1198 1927 adluditur.
1273 1874 1523 1937 Coniuges
1556 1871 1787 1935 appellati
1823 1878 2021 1932 propter
2165 1859 2176 1880 ¹

262 1968 445 2028 iugum,
475 1964 612 2027 quod
651 1961 905 2026 inponitur
935 1957 1251 2007 matrimonio
1282 1952 1656 2018 coniungendis.
1731 1953 1855 2013 Iugo
1886 1948 2020 1998 enim

261 2046 509 2095 nubentes
547 2043 706 2093 subici
739 2044 913 2103 solent,
951 2050 1150 2104 propter
1186 2040 1400 2087 futuram
1431 2033 1765 2093 concordiam,
1793 2048 1856 2080 ne
1889 2046 2023 2094 sepa-

263 2137 442 2176 rentur.
516 2125 768 2188 Coniuges
792 2133 959 2173 autem
985 2122 1145 2171 verius
1174 2121 1484 2184 appellantur
1515 2134 1543 2166 a
1567 2115 1724 2180 prima
1761 2115 2025 2176 desponsa-
2170 2173 2176 2180 ι

264 2210 412 2258 tionis
447 2209 560 2268 fide,
595 2205 819 2269 quamvis
853 2206 1018 2254 adhuc
1048 2203 1174 2251 inter
1203 2218 1289 2251 eos
1323 2201 1572 2264 ignoretur
1608 2195 1879 2260 coniugalis
1913 2212 2025 2244 con·
2048 2215 2095 2254 25
2160 2182 2176 2262 Ξ

268 2289 469 2338 cubitus
489 2308 502 2349 3
545 2289 674 2338 sicut
714 2287 876 2338 Maria
915 2287 1100 2349 Ioseph
1137 2284 1318 2333 coniux
1354 2291 1569 2340 vocatur,
1609 2279 1735 2328 inter
1771 2294 1896 2341 quos
1933 2293 2024 2327 nec
2160 2267 2176 2324 l

2161 1909 2176 1965 Ξ

321 2432 344 2456 2
367 2418 610 2468 coniugium
632 2416 678 2455 K
783 2431 807 2467 3
829 2430 854 2455 a
875 2420 1008 2455 marte
1037 2413 1074 2451 T
1179 2426 1203 2461 4
1226 2412 1358 2463 quod]
1381 2423 1490 2460 quae
1512 2409 1568 2447 Β1
1653 2420 1782 2447 masc.
1804 2412 1846 2445 et
1867 2406 1909 2445 in
1933 2407 2023 2446 der.

266 2473 308 2511 Β
328 2488 337 2512 :
369 2487 448 2512 om.
479 2473 517 2511 T
736 2484 760 2521 5
791 2472 954 2522 spondo
976 2468 1066 2507 ΒΚ
1253 2470 1280 2505 6
1310 2465 1550 2504 tabellarius
1570 2462 1618 2501 K
1723 2462 1962 2501 cautionem
1984 2459 2030 2498 K

267 2527 493 2567 emitabant
515 2527 662 2578 T(pro
677 2528 754 2566 im·
768 2526 802 2576 2)
916 2538 937 2574 7
967 2524 1028 2575 in]
1047 2524 1088 2561 iu
1111 2520 1159 2560 T1
1269 2522 1335 2559 ius
1356 2520 1408 2559 T2
1516 2520 1542 2557 8
1572 2524 1615 2556 et
1631 2517 1714 2556 fide
1731 2522 1774 2555 et
1787 2516 1976 2555 iussores
1995 2514 2033 2552 T

271 2597 319 2621 10
350 2583 553 2632 sponderi
576 2582 742 2631 puellae
765 2587 831 2620 est
853 2580 973 2620 Serv.
999 2579 1059 2618 ad
1075 2577 1184 2616 Aen.
1206 2589 1268 2626 10,
1295 2589 1346 2625 79
1457 2573 1662 2623 promittit
1683 2569 1729 2609 K
1876 2582 1921 2609 11
1953 2571 2025 2608 dat

267 2651 342 2676 sua
362 2637 580 2676 voluntate
605 2637 639 2675 C
655 2636 758 2686 (non
779 2635 894 2687 AU)
1034 2646 1102 2682 qu.
1127 2645 1188 2670 ar.
1212 2631 1277 2669 bo.
1301 2643 1382 2668 om.
1405 2627 1451 2666 K
1469 2629 1571 2675 (non
1591 2627 1655 2677 A)
1797 2625 1894 2674 quia
1915 2625 1951 2663 si
1975 2624 2026 2662 Cl

272 2706 319 2730 12
341 2692 475 2743 enim]
495 2698 560 2730 est
579 2691 625 2729 K
644 2694 749 2740 (non
765 2690 830 2740 A)
949 2702 997 2737 14
1019 2701 1078 2727 ar.
1103 2698 1198 2725 arra
1216 2685 1328 2723 bono
1350 2697 1434 2722 non
1456 2682 1503 2720 K
1520 2685 1622 2735 (non
1640 2680 1706 2733 A)
1727 2694 1734 2719 :
1764 2693 1860 2718 arra
1882 2680 1966 2717 bon
1993 2679 2031 2717 T

270 2749 373 2798 (non
395 2746 450 2797 U)
566 2746 632 2784 Di.
658 2751 723 2783 est
744 2758 808 2784 au.
830 2744 871 2782 Β
985 2744 1034 2782 16
1063 2741 1188 2780 etiarn
1210 2746 1252 2779 et
1271 2751 1350 2789 pro
1370 2737 1456 2777 AC
1563 2749 1608 2774 re
1630 2748 1763 2786 prom.
1784 2732 1856 2773 K:
1885 2746 2019 2784 prom.

271 2804 370 2852 (om.
393 2803 458 2852 re)
483 2800 560 2839 CT
576 2799 675 2853 (vid.
697 2799 827 2850 infra)
976 2803 1021 2836 ut
1050 2801 1123 2835 aut
1151 2795 1269 2833 redd.
1293 2799 1364 2833 aut
1393 2806 1456 2832 co.
1476 2789 1608 2830 ACK
1621 2804 1631 2829 z
1662 2791 1759 2828 data
1789 2794 1836 2827 ut
1866 2800 1928 2826 co.
1953 2786 1995 2823 B
2016 2801 2026 2826 z

269 2857 450 2895 reddant
471 2861 543 2894 aut
564 2869 626 2894 co.
653 2854 691 2892 T
798 2866 844 2903 17
879 2853 996 2891 Proti
1018 2856 1241 2901 nuptarum
1259 2847 1316 2885 Β1
1428 2860 1452 2886 a
1473 2859 1554 2885 om.
1577 2845 1628 2884 Cl
1740 2843 1958 2893 procando
1979 2846 2028 2879 ut

267 2911 349 2950 vid.
380 2910 431 2949 Tl
456 2911 521 2960 (cf.
547 2910 601 2950 X.
625 2909 722 2957 214)
746 2923 756 2947 ε
786 2908 1000 2958 precando
1019 2904 1203 2956 (praem)
1225 2902 1387 2942 CKT2:
1417 2900 1624 2952 pretando
1641 2897 1698 2935 B¹
1811 2909 1861 2946 19
1889 2897 2023 2935 virum

270 2965 316 3003 K
423 2965 509 3017 est]
532 2971 574 3004 et
602 2964 745 3003 Tante
764 2976 862 3002 corr.
993 2974 1046 2999 20
1075 2958 1209 3009 quod]
1231 2959 1328 3007 quia
1349 2957 1390 2995 Β
1501 2968 1548 2993 21
1583 2954 1634 2993 ad
1655 2965 1736 2992 om.
1763 2950 1814 2990 Cl
1924 2963 2024 2990 con-

269 3021 496 3069 iungentes
513 3019 564 3058 C1
673 3029 724 3067 25
745 3017 920 3068 quaevis
940 3016 991 3055 C1
1011 3030 1021 3055 :
1050 3013 1231 3064 quodvis
1245 3011 1288 3050 Β
1397 3012 1472 3050 int.
1491 3021 1566 3050 eos
1588 3008 1684 3048 adh.
1712 3006 1774 3046 T:
1802 3006 1900 3046 adh.
1919 3006 2020 3058 (om.

270 3074 343 3114 int.
366 3074 456 3126 eos)
483 3073 533 3113 Cl
1886 3076 1896 3079 '⁷
