2228 3444
861 300 1075 350 LIBER
1112 300 1216 346 VII

351 459 356 463 ·
421 432 528 483 DE
573 430 754 493 DEO,
794 427 1147 481 ANGELIS
1191 429 1292 479 ET
1334 427 1672 481 SANCTIS

304 571 387 618 DE
430 570 561 616 DEo.
636 564 955 615 Beatissimus
983 564 1336 628 Hieronymus,
1366 562 1435 613 vir
1472 561 1831 612 eruditissimus
1869 572 1959 612 etI

167 652 430 701 multarum
456 649 730 712 linguarum
757 646 953 710 peritus,
976 647 1323 695 Hebraeorum
1350 644 1610 695 nominum
1636 644 1918 709 interpreta-

164 732 351 782 tionem
384 731 568 795 primus
601 729 651 777 in
682 728 909 777 Latinam
936 728 1153 791 linguam
1187 727 1439 777 convertit.
1515 729 1588 774 Ex
1614 726 1794 789 quibus
1827 743 1916 789 pro

164 813 401 863 brevitate
447 810 798 876 praetermissis
847 809 1012 858 multis
1069 811 1314 872 quaedam
1362 808 1478 856 huic
1526 808 1663 870 operi
1710 807 1916 857 adiectis

117 913 137 951 5
163 893 644 959 interpretationibus
687 892 1049 955 interponenda
1103 890 1285 940 studui.
1359 889 1733 938 Vocabulorum
1782 889 1915 937 enim
1948 908 1978 942 2

162 977 400 1042 expositio
426 975 539 1025 satis
564 974 749 1024 indicat
775 973 895 1037 quid
920 973 1035 1022 velit
1061 972 1292 1036 intellegi.
1380 972 1587 1020 Habent
1611 970 1743 1020 enim
1771 988 1917 1035 quae-

161 1061 275 1110 dam
302 1075 359 1107 ex
384 1056 590 1121 propriis
614 1055 772 1105 causis
797 1055 1056 1104 nominum
1083 1054 1340 1103 rationem.
1398 1055 1459 1101 In
1483 1052 1724 1117 principio
1748 1061 1914 1101 autem

161 1142 334 1190 decem
361 1138 565 1188 nomina
590 1137 835 1202 ponimus,
864 1137 1044 1199 quibus
1069 1138 1202 1200 apud
1234 1137 1496 1185 Hebraeos
1533 1137 1672 1183 Deus
1698 1143 1912 1183 vocatur.

163 1220 382 1270 Primum
429 1221 564 1283 apud
614 1218 874 1268 Hebraeos
916 1218 1011 1266 Dei
1060 1235 1245 1266 nomen
1296 1218 1355 1265 El
1397 1216 1575 1265 dicitur
1594 1235 1606 1276 3
1659 1218 1795 1278 quod
1836 1215 1917 1263 alii
1940 1223 1969 1269 3

93 1318 140 1345 10
166 1305 344 1364 Deum,
372 1302 452 1351 alii
481 1300 828 1365 etymologiam
854 1300 958 1350 eius
984 1299 1312 1364 exprimentes
1339 1300 1540 1364 ἰσχυρὸς,
1564 1298 1615 1347 id
1641 1307 1713 1347 est
1738 1299 1914 1346 fortem

161 1384 462 1448 interpretati
504 1393 630 1444 sunt,
668 1383 783 1432 ideo
820 1384 956 1446 quod
994 1384 1128 1431 nulla
1163 1381 1445 1430 infirmitate
1483 1380 1785 1444 opprimitur,
1826 1381 1915 1428 sed

158 1466 294 1516 fortis
321 1475 394 1516 est
419 1476 467 1515 et
492 1464 736 1514 sufficiens
756 1466 820 1513 ad
840 1464 1008 1512 omnia
1023 1465 1362 1527 perpetranda.
1414 1463 1702 1512 Secundum
1727 1477 1914 1509 nomen
1938 1477 1970 1523 4

163 1548 287 1597 Eloi.
361 1547 582 1597 Tertium
611 1548 747 1606 Eloe‚
777 1547 914 1609 quod
951 1555 1214 1608 utrumque
1244 1544 1293 1592 in
1331 1544 1508 1593 Latino
1544 1546 1682 1592 Deus
1717 1542 1907 1592 dicitur.
1937 1558 1967 1606 5

163 1631 252 1680 Est
275 1638 441 1679 autem
467 1645 650 1678 nomen
685 1627 736 1676 in
770 1627 1002 1677 Latinum
1037 1644 1095 1677 ex
1129 1628 1318 1676 Graeca
1346 1624 1680 1690 appellatione
1713 1625 1913 1672 transla-

89 1726 136 1768 15
162 1721 280 1761 tum.
343 1714 474 1761 Nam
503 1714 640 1760 Deus
665 1711 854 1760 Graece
880 1711 992 1771 δέος,
1020 1711 1178 1773 φόβος
1202 1708 1393 1768 dicitur,
1413 1708 1464 1756 id
1491 1716 1564 1757 est
1589 1706 1750 1767 timor,
1778 1707 1912 1754 unde

161 1803 368 1843 tractum
395 1802 468 1842 est
497 1795 645 1853 DeuS,
675 1794 810 1855 quod
837 1810 950 1842 eum
976 1791 1254 1841 colentibus
1282 1793 1342 1839 sit
1367 1789 1525 1838 timor.
1584 1791 1721 1837 Deus
1746 1797 1910 1836 autem
1938 1790 1973 1837 6

161 1875 355 1939 proprie
379 1892 562 1924 nomen
588 1882 661 1923 est
686 1873 938 1923 Trinitatis
971 1873 1222 1938 pertinens
1258 1874 1323 1921 ad
1357 1875 1553 1920 Patrem
1585 1879 1633 1920 et
1659 1869 1839 1918 Filium
1866 1879 1914 1917 et

162 1957 398 2021 Spiritum
434 1966 676 2005 sanctum.
748 1958 830 2005 Ad
864 1973 1013 2019 quam
1047 1955 1341 2003 Trinitatem
1380 1953 1527 2002 etiam
1562 1951 1750 2014 reliqua
1786 1967 1914 2014 quae

163 2038 212 2086 in
241 2042 352 2087 Deo
377 2038 500 2086 infra
525 2047 639 2086 sunt
664 2037 824 2101 posita
848 2038 1090 2086 vocabula
1115 2037 1399 2086 referuntur.
1457 2037 1701 2096 Quartum
1728 2050 1914 2082 nomen
1935 2045 1964 2094 7

88 2136 140 2164 20
165 2119 262 2168 Dei
286 2119 463 2170 dicitur
489 2119 720 2178 Sabaoth,
750 2121 885 2182 quod
911 2119 1111 2168 vertitur
1136 2118 1187 2165 in
1214 2117 1447 2166 Latinum
1474 2116 1776 2165 exercituum
1813 2115 1914 2164 sive

161 2201 407 2260 virtutum,
436 2202 500 2249 de
532 2217 633 2263 quo
665 2199 715 2248 in
749 2202 947 2249 Psalmo
978 2201 1042 2249 ab
1075 2199 1259 2263 angelis
1285 2199 1463 2248 dicitur
1481 2198 1579 2263 (23,
1607 2197 1685 2262 10)
1710 2217 1718 2246 :
1759 2197 1913 2259 ‘Quis

162 2293 235 2332 est
260 2283 351 2332 iste
376 2299 456 2331 rex
480 2282 698 2346 gloriae?
759 2282 1005 2331 Dominus
1031 2282 1294 2330 virtutum.’
1366 2283 1491 2330 Sunt
1524 2279 1656 2329 enim
1691 2278 1741 2327 in
1767 2278 1911 2327 huius
1935 2283 1964 2328 8

163 2364 336 2414 mundi
361 2364 670 2413 ordinatione
695 2363 896 2413 virtutes
923 2366 1120 2424 multae,
1146 2373 1200 2412 ut
1225 2362 1398 2426 angeli,
1426 2360 1719 2424 archangeli,
1742 2360 1916 2424 princi-

162 2455 303 2510 patus
329 2455 376 2494 et
402 2454 683 2508 potestates,
703 2445 969 2508 cunctique
995 2443 1219 2493 caelestis
1246 2443 1447 2492 militiae
1473 2443 1686 2503 ordines,
1707 2459 1916 2505 quorum

92 2541 138 2582 25
163 2537 330 2577 tamen
366 2527 445 2576 ille
485 2526 730 2576 Dominus
768 2536 854 2576 est.
929 2528 1119 2575 Omnes
1156 2525 1287 2575 enim
1319 2525 1412 2574 sub
1438 2524 1545 2589 ipso
1572 2534 1686 2574 sunt
1712 2523 1917 2586 eiusque

223 2670 240 2695 1
276 2655 436 2695 Beatus
457 2655 502 2693 K
622 2667 645 2704 5
675 2656 799 2694 studii
830 2654 867 2692 T
974 2655 1107 2707 enim]
1129 2661 1270 2694 autem
1294 2653 1371 2694 CK
1392 2655 1495 2706 (non
1516 2655 1580 2706 A)
1705 2654 1731 2691 6
1762 2652 1915 2692 vellint

165 2711 335 2764 (velint)
349 2709 477 2749 ΑΒΕ
582 2723 609 2759 9
629 2709 682 2749 eli
697 2709 737 2747 Β
869 2723 918 2749 10
948 2711 1074 2749 deum
1089 2716 1132 2749 et
1148 2710 1219 2748 alii
1242 2709 1279 2747 T
1388 2722 1432 2747 11
1467 2710 1570 2748 nulli
1589 2710 1642 2748 de
1659 2708 1858 2747 firmitate
1880 2706 1917 2744 T

169 2779 218 2805 12
248 2771 313 2804 est
330 2777 413 2805 om.
431 2764 476 2802 K
556 2770 797 2815 perpetrata
820 2763 857 2802 T
965 2777 1013 2814 13
1043 2766 1154 2815 quod
1172 2778 1253 2804 om.
1270 2763 1315 2801 K
1330 2765 1434 2816 (non
1452 2764 1517 2812 A)
1603 2764 1778 2802 latinum
1794 2760 1917 2800 BCT

168 2833 216 2870 14
245 2832 355 2859 nom.
381 2819 557 2858 latinum
581 2819 616 2858 C
727 2831 775 2868 15
805 2819 909 2871 δέος]
930 2820 1055 2859 theos
1076 2818 1187 2859 codd.
1276 2819 1426 2858 foebos
1448 2817 1551 2858 CT:
1571 2818 1692 2858 febos
1713 2816 1754 2854 Β
1772 2830 1780 2855 :
1802 2816 1911 2855 fibos

164 2874 205 2911 A
228 2889 237 2913 :
257 2888 339 2914 om.
358 2873 403 2911 K
516 2875 566 2912 16
586 2880 651 2912 est
669 2886 822 2913 nornen
835 2875 942 2913 deus
957 2874 1004 2912 K
1085 2873 1202 2925 eum]
1216 2873 1328 2912 enim
1343 2872 1385 2911 Β
1479 2874 1527 2912 18
1549 2874 1600 2912 ad
1613 2871 1758 2923 quam]
1775 2871 1914 2920 aliqua

166 2928 267 2967 inl<
280 2929 385 2980 (non
401 2928 464 2980 A)
577 2941 630 2967 20
660 2928 727 2968 dei
745 2929 898 2968 dicitur
912 2927 1022 2969 BT:
1044 2934 1108 2968 est
1124 2928 1170 2966 K
1187 2943 1195 2967 :
1219 2934 1286 2967 est
1303 2928 1369 2967 dei
1387 2928 1543 2967 dicitur
1561 2927 1612 2967 Cl
1723 2938 1771 2963 21
1805 2925 1912 2977 quo]

166 2983 279 3032 quod
295 2982 348 3021 C1
422 2982 656 3033 psalmisK
736 2983 870 3034 quies
889 2983 939 3021 Tl
1049 2997 1100 3023 22
1132 2982 1434 3022 huiusmodiK
1542 2994 1593 3030 23
1623 2980 1913 3020 ordinationes

169 3036 219 3075 C1
236 3051 244 3076 ε
264 3037 560 3077 observatione
579 3037 732 3089 Κζηοη
747 3037 811 3090 Α)
887 3051 939 3088 24
961 3045 1002 3077 et
1017 3052 1099 3078 om.
1116 3038 1271 3089 K(non
1287 3037 1349 3075 A)
1427 3049 1477 3086 25
1499 3037 1557 3074 illi
1575 3034 1616 3072 Β
1685 3041 1750 3074 est
1765 3047 1832 3073 om
1863 3033 1914 3075 C¹

223 3117 326 3163 1182
696 3143 699 3147 -
1026 3135 1048 3176 S
