2228 3444
566 181 840 230 ISIIJORI
882 184 1516 233 ETYMOLOGIARVM
1557 188 1690 236 LlB.
1729 190 1816 236 VI.
1857 188 1934 237 xix

364 311 457 361 sub
479 327 576 361 una
590 312 935 377 designatione
961 314 1184 376 habetur,
1201 332 1293 364 nec
1310 314 1458 366 distat
1473 318 1620 381 vulgo
1645 327 1810 373 utrum
1835 318 2033 370 litaniae
2057 338 2121 370 an

364 394 725 458 exomologesis
751 396 992 445 dicantur.
1066 396 1450 461 Supplicationis
1475 409 1641 450 autem
1672 417 1858 453 nomen
1882 404 2118 465 quodam-

273 474 336 520 82
364 476 517 524 modo
544 493 678 525 nunc
703 493 761 526 ex
785 477 1059 542 gentilitate
1089 477 1338 529 retinetur.
1413 481 1544 530 Nam
1577 481 1725 532 feriae
1755 492 1839 532 aut
1873 482 2119 547 legitimae

362 566 500 606 erant
529 560 663 622 apud
691 576 775 608 eos
807 570 892 609 aut
918 559 1149 610 indictae.
1224 561 1450 612 Indictae
1486 572 1666 624 autem,
1706 565 1822 628 quia
1857 576 2117 630 paupertas

358 639 564 704 antiqua
581 643 924 692 Romanorum
943 659 1002 692 ex
1017 644 1300 694 conlatione
1316 643 1636 707 sacrificabat,
1646 656 1730 695 aut
1747 657 1879 697 certe
1894 649 1958 697 de
1974 647 2118 702 bonis
2143 666 2164 706 5

360 724 730 773 damnatorum.
805 726 955 775 Vnde
991 724 1233 790 supplicia
1279 725 1512 777 dicuntur
1551 728 1950 793 supplicationes,
1991 747 2118 795 quae

360 805 547 854 fiebant
572 806 636 855 de
661 805 805 856 bonis
831 823 1089 870 passorum
1111 807 1364 872 supplicia.
1439 811 1614 859 Sacrae
1635 810 1767 860 enim
1787 827 1862 860 res
1883 812 1946 861 de
1971 811 2117 862 rebus

359 889 747 938 execrandorum
773 889 973 939 fiebant.

417 1029 433 1055 1
467 1017 765 1067 adsignatione
786 1017 827 1056 Β
956 1033 980 1058 2
1011 1019 1331 1070 exomologesin
1351 1018 1495 1061 B2CT
1510 1035 1519 1060 ε
1549 1021 1811 1072 omologesin
1834 1021 1891 1061 Β1
2010 1023 2113 1064 indi·

357 1077 508 1110 cantur
528 1077 575 1110 ut
592 1072 672 1112 vid.
700 1073 757 1112 Bl
911 1087 937 1124 3
967 1075 1042 1115 fer.
1066 1075 1147 1125 leg.
1180 1074 1218 1114 T
1350 1087 1375 1126 5
1406 1076 1702 1116 sacrificabant
1730 1077 1767 1116 T
1899 1080 1925 1117 6
1955 1079 2068 1118 unde
2089 1094 2114 1118 a

357 1127 497 1176 suppl.
522 1126 591 1165 K:
622 1129 735 1168 unde
757 1134 800 1168 et
818 1130 956 1179 suppl.
975 1128 1090 1170 Serv.
1115 1129 1174 1169 ad
1189 1130 1297 1170 Aen.
1323 1143 1357 1181 1,
1380 1132 1459 1180 632
1573 1145 1594 1181 7
1625 1132 1866 1184 passorum]
1889 1146 2113 1183 possesso·

358 1193 449 1220 rum
474 1181 555 1221 CK
573 1183 678 1233 (non
698 1183 762 1234 A)
866 1185 1073 1235 supplicia
1094 1199 1178 1224 om.
1202 1185 1248 1224 K
1269 1186 1373 1238 (non
1392 1186 1457 1238 A)
1551 1199 1672 1227 sacra
1691 1186 1733 1225 Β
1825 1200 1893 1227 res
1914 1202 1997 1228 om.
2020 1188 2118 1228 KM

354 1235 381 1273 8
410 1235 538 1275 fiebat
560 1237 610 1276 Cl
757 1239 956 1290 Sequitur
975 1240 1228 1291 Hieronymi
1243 1245 1446 1281 tractatus
1468 1254 1523 1281 DE
1545 1254 1688 1282 Fissus
1709 1254 1866 1283 Drrzssvs
1888 1255 1934 1283 m
1955 1255 2111 1283 vin-zm

359 1302 472 1331 LEGE
490 1292 553 1344 (in
575 1305 664 1332 una
682 1294 859 1345 pagina)
877 1295 922 1332 in
946 1294 983 1332 T
