2228 3444
465 149 1095 199 ETYMOLOGIARVM
1139 149 1265 195 LIB.
1303 147 1392 193 VI.
1433 144 1573 192 ix-xii

148 286 340 332 Romae
371 282 583 331 candida
617 280 906 329 membrana
938 289 1127 341 reperta
1153 287 1298 336 sunt3
1333 277 1470 338 quod
1503 274 1727 338 apparuit
1761 273 1895 322 inha-

146 365 243 413 bile
279 380 397 423 esse,
433 363 570 426 quod
606 371 654 411 et
690 361 831 409 facile
868 360 1167 418 sordescant,
1203 359 1461 420 aciemque
1497 356 1765 419 legentium
1803 356 1895 403 lae-

143 448 265 496 dant
286 465 300 507 ‚³
333 460 447 494 cum
474 444 726 507 peritiores
751 440 1005 490 architecti
1030 457 1193 504 neque
1216 456 1363 489 aurea
1388 437 1635 487 lacunaria
1661 438 1896 500 ponenda

144 529 194 576 in
219 525 533 577 bibliothecis
567 534 743 589 putent
776 539 937 587 neque
970 522 1252 587 pavimenta
1284 521 1378 570 alia
1412 537 1561 584 quam
1596 537 1623 568 e
1657 520 1893 582 Carysteo

93 631 115 670 5
145 625 398 669 marmore,
427 609 563 672 quod
588 606 692 655 auri
719 607 875 669 fulgor
900 605 1102 654 hebetat
1135 614 1183 654 et
1218 603 1438 666 Carystei
1465 600 1683 650 viriditas
1709 599 1894 649 reficiat

138 693 328 740 oculos.
402 692 532 739 Nam
559 699 606 738 et
631 687 717 751 qui
742 686 1123 736 nummulariam
1150 687 1361 744 discunt,
1385 682 1698 733 denariorum
1725 680 1892 731 formis
1916 693 1946 739 3

144 782 355 836 myrteos
381 787 572 836 pannos
598 768 862 828 subiciunt,
891 778 938 818 et
971 785 1278 832 gemmarum
1312 767 1585 829 sculptores
1612 763 1893 813 scarabaeo-

142 872 249 904 rum
299 865 444 918 terga,
489 852 669 916 quibus
712 852 835 900 nihil
877 860 950 900 est
992 849 1208 909 viridius,
1254 847 1465 910 subinde
1514 845 1795 910 respiciunt,
1847 855 1894 893 et

143 936 352 1000 pictores
397 934 553 1002 [idem
598 933 795 992 faciunt,
826 942 878 981 ut
914 933 1134 981 laborem
1173 930 1303 980 visus
1339 946 1510 979 eorum
1548 927 1790 977 viriditate
1827 944 1894 975 re-

71 1036 119 1064 10
143 1015 346 1083 creent}
422 1015 717 1065 Membrana
741 1024 907 1063 autem
932 1023 1017 1063 aut
1043 1013 1256 1063 candida
1280 1021 1364 1061 aut
1389 1014 1522 1060 lutea
1540 1019 1624 1058 aut
1650 1025 1892 1073 purpurea
1916 1021 1947 1067 4

142 1108 269 1148 sunt.
315 1096 544 1148 Candida
569 1095 850 1145 naturaliter
875 1097 1101 1145 existunt.
1155 1097 1367 1143 Luteum
1395 1092 1741 1142 membranum
1762 1089 1893 1139 bico-

141 1182 213 1229 lor
238 1190 324 1240 est,
352 1180 488 1242 quod
513 1196 541 1227 a
574 1179 856 1227 confectore
882 1195 980 1226 una
1017 1175 1252 1239 tinguitur
1284 1185 1435 1238 parte,
1464 1173 1514 1223 id
1548 1183 1619 1222 est
1653 1182 1888 1221 crocatur.

143 1264 221 1310 De
246 1278 346 1325 quo
382 1261 575 1309 Persius
603 1259 668 1324 (3,
694 1260 772 1323 10)
794 1279 803 1309 :

344 1345 450 1391 Iam
488 1342 611 1391 liber
647 1352 695 1390 et
731 1343 902 1405 positis
941 1341 1129 1390 bicolor
1166 1339 1455 1389 membrana
1491 1336 1690 1400 capillis.

76 1442 117 1482 ¹5
146 1427 394 1488 Purpurea
418 1441 533 1473 vero
559 1422 842 1471 inficiuntur
867 1423 1031 1472 colore
1061 1438 1322 1486 purpureo,
1350 1419 1400 1468 in
1435 1418 1614 1482 quibus
1644 1434 1817 1466 aurum
1845 1427 1892 1466 et
1917 1426 1947 1475 5

139 1517 395 1571 argentum
421 1505 697 1569 liquescens
722 1514 941 1569 patescat
967 1503 1017 1553 in
1042 1505 1230 1553 litteris.

278 1591 360 1637 DE
409 1603 577 1636 LIBRIS
625 1600 1012 1636 coNF1CIEND15.
1101 1585 1363 1647 Quaedam
1411 1582 1614 1631 nomina
1655 1580 1890 1631 librorum
1915 1588 1999 1627 XII

141 1671 275 1733 apud
312 1670 519 1734 gentiles
559 1668 701 1718 certis
742 1667 954 1718 modulis
997 1666 1403 1716 conficiebantur.
1479 1662 1698 1713 Breviori
1736 1664 1892 1712 forma

142 1751 360 1800 carmina
405 1761 554 1815 atque
595 1750 845 1815 epistolae.
933 1751 1001 1798 At
1042 1765 1157 1799 vero
1199 1747 1431 1797 historiae
1474 1745 1647 1795 maiori
1686 1747 1892 1795 modulo

71 1850 120 1877 20
143 1835 499 1895 scribebantur,
532 1844 579 1883 et
609 1850 712 1882 non
742 1834 902 1881 solum
934 1831 984 1880 in
1018 1841 1150 1880 carta
1175 1832 1251 1880 vel
1285 1829 1603 1890 membranis,
1629 1829 1716 1877 sed
1742 1827 1889 1876 etiam

143 1926 190 1966 et
217 1916 266 1965 in
300 1915 512 1966 omentis
547 1913 875 1979 elephantinis
909 1912 1257 1975 textilibusque
1287 1913 1559 1959 malvarum
1585 1909 1712 1959 foliis
1741 1919 1891 1972 atque

144 2001 430 2062 palmarum.
505 1996 659 2047 Cuius
685 1994 875 2059 generis
903 1994 1066 2045 Cinna
1090 1994 1159 2042 sic
1185 1992 1409 2042 meminit
1435 1991 1572 2057 (11):
1915 2003 1945 2036 2

347 2081 490 2128 Haec
526 2077 616 2127 tibi
654 2078 845 2126 Arateis
883 2078 1092 2124 multum
1130 2073 1378 2138 invigilata
1412 2072 1624 2123 lucernis

413 2159 645 2220 carmina,
684 2157 794 2222 quis
830 2157 955 2221 ignis
992 2158 1221 2207 novimus
1257 2156 1430 2215 aerios,

73 2253 122 2294 25
347 2240 465 2292 levis
502 2241 552 2290 in
588 2239 779 2289 aridulo
817 2241 1005 2289 malvae
1041 2237 1288 2301 descripta
1323 2236 1491 2286 libello

416 2324 646 2373 Prusiaca
682 2323 788 2371 vexi
825 2337 1031 2371 munera
1066 2319 1306 2369 navicula.

145 2405 446 2458 Circumcidi
470 2404 621 2454 libros
647 2403 840 2454 Siciliae
858 2402 1072 2467 primum
1093 2402 1351 2451 increbuit.
1424 2403 1555 2451 Nam
1576 2399 1716 2449 initio
1735 2400 1890 2464 pumi-
1914 2417 1943 2463 3

144 2488 397 2537 cabantur.
467 2488 617 2536 Vnde
642 2495 690 2535 et
716 2486 941 2536 Catullus
966 2484 1033 2534 ait
1060 2484 1126 2549 (1,
1152 2484 1200 2549 1)
1222 2505 1230 2534 z

203 2630 222 2657 1
258 2616 420 2656 Rornae
442 2629 525 2655 om.
547 2614 642 2655 ΑΚ
660 2616 763 2667 (non
782 2614 876 2654 DH
902 2614 1034 2666 Trin.)
1175 2627 1200 2663 4
1228 2613 1309 2652 alia
1329 2625 1451 2663 quarn
1475 2611 1543 2650 B:
1573 2611 1751 2661 aliquam
1777 2611 1894 2650 ClT:

147 2672 310 2722 aliaque
329 2671 371 2710 A
392 2684 403 2710 ι
433 2671 572 2720 aliqua
592 2683 717 2720 quam
738 2669 784 2708 K
1047 2682 1070 2708 e
1092 2667 1210 2719 Can]
1231 2668 1506 2707 eticharisteo
1527 2665 1592 2707 K:
1627 2667 1893 2705 eucharisteo

147 2727 271 2777 (-ca·)
295 2725 421 2765 ABC
600 2737 624 2774 5
655 2725 827 2764 habetat
846 2723 895 2764 C¹
913 2739 922 2763 ε
953 2724 1153 2762 rehabeat
1172 2721 1219 2760 K
1230 2723 1334 2775 (non
1353 2722 1418 2771 A)
1530 2727 1572 2758 et
1591 2721 1733 2760 caristi
1755 2722 1890 2772 (cha-)

148 2780 257 2820 KT:
288 2780 485 2820 eucaristi
505 2781 672 2832 (eoch-)
694 2778 774 2818 BC
910 2781 936 2817 6
967 2784 1009 2817 et
1030 2791 1112 2817 om.
1133 2775 1225 2815 AK
1351 2775 1725 2814 nummolariorum
1746 2776 1892 2814 dicunt

148 2834 194 2873 K
213 2835 314 2886 (non
334 2834 397 2887 A)
480 2835 533 2874 so.
557 2834 600 2872 in
624 2847 677 2874 m.
695 2833 812 2874 AK:
842 2834 898 2873 fo.
918 2835 1129 2872 inmusteo
1149 2830 1219 2870 B:
1245 2831 1301 2870 fo.
1318 2831 1361 2869 in
1383 2836 1570 2869 musteos
1590 2829 1639 2868 C¹
1725 2842 1746 2878 7
1778 2831 1891 2868 subi-

148 2903 245 2930 cere
266 2888 312 2926 K
329 2891 433 2940 (non
452 2890 515 2939 A)
645 2902 672 2938 9
701 2889 812 2927 idem
834 2918 844 2929 .
868 2920 878 2930 .
900 2918 910 2927 .
934 2892 1128 2927 recreent
1151 2884 1244 2925 hab.
1270 2885 1305 2924 C
1329 2884 1440 2924 Trin.
1473 2883 1573 2922 TU:
1603 2897 1686 2924 om.
1711 2883 1894 2922 BDHK

148 2944 284 2996 visus]
304 2944 436 2983 husus
463 2942 559 2992 T(2·.
574 2956 608 2983 e.
631 2943 750 2993 usus)
867 2954 914 2992 15
943 2943 1021 2982 col.
1044 2954 1147 2980 vero
1166 2953 1235 2990 pu.
1265 2939 1303 2978 T
1407 2952 1495 2979 aur.
1518 2947 1827 2989 argentumque
1848 2937 1895 2976 K

153 3011 199 3047 17
230 2998 402 3038 nomina
420 2996 544 3038 BCK
560 3011 570 3036 :
600 3009 758 3048 genera
786 2995 866 3036 TU·
1003 3010 1052 3048 19
1080 2995 1266 3036 carmina
1285 3007 1367 3032 om.
1388 2993 1430 3030 B
1567 3005 1620 3043 23
1647 2993 1721 3032 tibi
1741 3007 1825 3033 om.
1849 2992 1895 3030 K

151 3058 254 3102 (non
273 3053 335 3103 A)
514 3053 644 3091 aratis
664 3051 745 3090 BC
761 3065 771 3090 :
801 3052 953 3092 areteis
975 3051 1020 3090 K
1180 3049 1409 3099 invigulata
1436 3046 1479 3084 K
1645 3061 1696 3096 24
1726 3061 1830 3097 quas
1849 3047 1895 3084 K

153 3107 254 3159 (non
275 3107 338 3158 A)
451 3117 504 3155 25
533 3106 734 3157 discripta
755 3105 835 3146 CK
841 3105 878 3144 T
991 3107 1043 3144 26
1074 3104 1189 3156 vexi]
1211 3104 1281 3143 vix
1302 3102 1347 3141 K
1466 3115 1516 3151 27
1548 3103 1757 3152 increpuit
1781 3101 1893 3141 ίἾΚι
