2228 3444
419 113 1052 163 ETYMOLOGIARVM
1091 112 1220 159 LIB.
1263 113 1380 159 VII.
1423 115 1481 170 ix,
1522 128 1550 158 x

99 263 156 294 ex
182 245 309 293 tribu
338 245 561 293 Issachar
584 243 883 291 vocabulum
909 240 1131 305 sumpsit,
1159 241 1379 304 quodam
1417 240 1669 302 praesagio
1695 237 1843 288 futuri

97 326 148 374 in
173 325 641 376 condemnationem
675 324 764 374 sui.
839 325 1065 373 Issachar
1094 322 1227 372 enirn
1260 321 1606 385 interpretatur
1635 337 1839 382 merces,

97 418 150 456 ut
187 408 539 472 significaretur
585 406 795 471 pretium
843 405 1105 470 proditoris
1146 421 1246 468 quo
1285 403 1508 453 vendidit
1547 402 1840 465 Dominum,

97 489 222 539 sicut
254 490 489 554 scripturn
519 498 592 539 est
618 489 819 553 (Matth.
842 503 916 549 27,
937 491 1018 550 9):
1059 491 1070 513 ‘
1090 485 1197 553 [Et]
1229 494 1525 550 acceperunt
1559 486 1839 535 mercedem

52 590 74 630 5
99 590 275 633 meam,
295 571 488 636 triginta
512 582 782 635 argenteos,
805 569 1015 634 pretium
1042 570 1179 632 quod
1194 568 1495 633 adpretiatus
1517 586 1626 617 sum
1652 567 1716 616 ab
1741 567 1841 616 eis.'

97 652 347 714 Matthias,
368 653 452 717 qui
471 654 595 702 inter
621 654 889 717 Apostolos
909 653 1014 700 sine
1040 650 1338 715 cognomine
1365 652 1496 700 solus
1522 651 1744 711 habetur,
1773 649 1841 698 in·
1865 664 1919 699 21

96 745 384 798 terpretatur
420 738 649 795 donatus,
686 745 738 783 ut
776 734 1097 783 subaudiatur
1134 751 1223 796 pro
1267 734 1407 782 Iuda.
1483 735 1584 782 Iste
1621 732 1753 781 enim
1791 731 1841 780 in

95 818 259 865 locum
309 817 411 866 eius
458 820 641 866 electus
690 827 762 865 est
808 817 871 864 ab
911 817 1175 879 Apostolis,
1212 833 1325 863 cum
1374 833 1461 879 pro
1499 815 1696 864 duobus
1739 831 1842 862 sors

97 898 379 948 mitteretur.
454 902 652 948 Marcus
679 900 898 947 excelsus
925 899 1174 956 mandato,
1203 897 1373 960 utique
1398 906 1597 961 propter
1623 899 1842 960 Evange-
1865 908 1928 942 22

26 999 73 1026 10
94 980 214 1029 lium
244 980 495 1040 Altissimi,
524 982 658 1043 quod
692 980 1004 1044 praedicavit.
1078 982 1237 1028 Lucas
1262 979 1367 1042 ipse
1399 995 1714 1042 consurgens,
1742 977 1842 1027 sive
1865 994 1929 1041 23

94 1061 197 1124 ipse
223 1064 417 1112 elevans
450 1061 531 1128 [eo
561 1064 696 1125 quod
722 1061 982 1111 elevaverit
1006 1060 1424 1124 praedicationem
1451 1059 1706 1124 Evangelii
1730 1069 1842 1124 post

92 1141 251 1209 alios}
325 1145 574 1193 Barnabas
601 1144 728 1193 filius
754 1146 1037 1208 prophetae,
1067 1145 1142 1192 vel
1169 1142 1295 1191 filius
1321 1142 1686 1192 consolationis.
1863 1150 1928 1197 24

232 1229 314 1274 DE
352 1241 591 1283 RELIQVIS
630 1241 686 1274 IN
724 1228 1035 1274 EVANGELIO
1073 1240 1380 1274 N0M1N1Bvs.
1454 1226 1615 1273 Maria
1650 1223 1842 1273 inlumi-
1863 1240 1904 1278 X

94 1310 262 1368 natrix,
285 1310 385 1358 sive
406 1311 545 1358 stella
569 1310 730 1358 maris.
791 1308 977 1358 Genuit
998 1310 1131 1358 enim
1157 1310 1326 1357 lumen
1352 1308 1540 1357 mundi.
1603 1309 1840 1357 Sermone

24 1412 71 1453 15
93 1400 257 1441 autem
279 1393 398 1454 Syro
419 1391 578 1440 Maria
597 1391 801 1440 domina
820 1401 1132 1455 nuncupatur
1150 1409 1163 1451 ,·
1199 1400 1247 1440 et
1266 1392 1468 1454 pulchre
1488 1409 1500 1451 3
1536 1389 1651 1454 quia
1669 1391 1840 1439 Domi-

93 1490 212 1521 num
248 1473 428 1537 genuit.
502 1473 759 1522 Elisabeth
797 1472 891 1522 Dei
930 1472 1027 1521 mei
1064 1471 1300 1533 saturitas,
1341 1473 1418 1521 vel
1452 1471 1548 1520 Dei
1585 1471 1682 1521 mei
1718 1471 1890 1526 iura—2

95 1565 330 1604 mentum.
393 1558 692 1620 Magdalena
716 1554 871 1604 turris.
934 1556 1132 1603 Martha
1156 1554 1373 1615 inritans,
1395 1551 1523 1621 [vel]
1547 1571 1835 1617 provocans.
1860 1575 1891 1621 3

96 1640 331 1688 Sermone
347 1648 512 1688 autern
530 1642 649 1701 Syro
666 1638 1006 1701 interpretatur
1021 1636 1299 1686 dominans.
1352 1639 1398 1686 N
1403 1639 1630 1686 athanael
1647 1639 1837 1687 donum
1860 1656 1892 1702 4

98 1719 192 1768 Dei
227 1717 363 1786 [quia
398 1722 558 1781 dolus,
593 1719 642 1769 id
680 1729 752 1768 est
788 1718 1049 1779 simulatio,
1082 1721 1216 1768 dono
1252 1718 1348 1767 Dei
1385 1718 1434 1767 in
1473 1736 1533 1768 eo
1570 1736 1672 1768 non
1708 1717 1836 1784 suit}

23 1821 72 1849 20
95 1801 381 1850 Zebedaeus
397 1803 623 1860 donatus,
641 1803 741 1850 sive
757 1803 912 1850 fluens
929 1802 1032 1850 iste.
1072 1803 1352 1850 Zacchaeus
1369 1800 1538 1861 iustus,
1557 1801 1657 1851 sive
1672 1801 1838 1850 iustifi-
1860 1814 1891 1863 5

93 1892 244 1941 catus,
282 1893 365 1931 aut
409 1882 760 1932 iustificandus.
833 1885 1005 1946 Syrum
1044 1893 1116 1932 est
1152 1901 1349 1942 nomen,
1390 1900 1491 1932 non
1531 1884 1835 1932 Hebraeum.

96 1967 304 2013 Lazarus
336 1964 533 2014 adiutus
558 1964 644 2031 [eo
670 1966 805 2027 quod
838 1965 897 2013 sit
930 1983 958 2012 a
992 1975 1147 2014 morte
1180 1963 1533 2031 resuscitatus]
1607 1968 1837 2015 Herodes
1860 1970 1894 2016 6

94 2046 329 2107 pellicius,
350 2046 602 2109 gloriosus.
665 2046 879 2108 Caiphas
899 2045 1226 2109 investigator,
1249 2056 1333 2095 aut
1353 2064 1511 2110 sagax,
1531 2057 1615 2096 aut
1632 2065 1837 2097 vomens
1861 2068 1890 2116 7

95 2144 191 2176 ore.
265 2130 441 2190 Inique
476 2128 606 2177 enim
644 2145 728 2177 ore
761 2145 850 2176 suo
883 2127 1065 2176 iustum
1099 2129 1462 2188 condemnavit,
1492 2130 1715 2192 quamvis
1742 2132 1837 2179 hoc

24 2230 70 2270 25
96 2209 324 2272 mysterio
345 2209 618 2272 prophetali
642 2209 995 2259 adnuntiasset.
1059 2210 1261 2260 Pontius
1283 2211 1537 2261 declinans
1557 2212 1833 2274 consilium,
1861 2222 1890 2268 8

94 2293 263 2353 utique
284 2293 598 2340 Iudaeorum.
660 2294 881 2355 Accepta
900 2291 1032 2340 enim
1052 2310 1180 2356 aqua
1199 2294 1314 2342 lavit
1335 2311 1509 2343 manus
1535 2311 1645 2343 suas
1664 2294 1835 2344 dicens

96 2373 300 2436 (Matth.
322 2389 395 2434 27,
420 2373 531 2438 24):
583 2375 863 2423 ‘Innocens
900 2391 992 2438 ego
1029 2391 1137 2423 sum
1173 2393 1202 2423 a
1237 2375 1474 2439 sanguine
1510 2376 1624 2425 iusti
1660 2377 1835 2427 huius.'

149 2517 174 2552 3
203 2504 308 2556 quo]
328 2505 436 2554 quod
461 2503 510 2543 C1
705 2505 950 2557 Dominum]
977 2506 1109 2544 Deum
1133 2505 1173 2543 Β
1285 2522 1307 2555 4
1337 2514 1377 2546 et
1399 2509 1491 2548 hab.
1514 2508 1616 2546 BC:
1647 2522 1726 2548 om.
1751 2508 1840 2547 KT

95 2570 118 2605 5
149 2560 363 2608 argenteis
393 2559 438 2597 K
571 2562 597 2597 6
627 2561 697 2610 qui
718 2561 1018 2610 interpretatur
1037 2562 1256 2610 apostolus
1276 2562 1348 2600 K:
1377 2576 1458 2604 om.
1486 2566 1543 2603 C:
1574 2565 1646 2613 qui
1668 2577 1750 2603 om.
1775 2564 1832 2601 Β1

95 2612 120 2648 8
141 2613 299 2653 duabus
328 2614 364 2652 T
523 2627 549 2663 9
570 2615 742 2654 excelso
764 2615 809 2653 K
828 2616 931 2665 (non
950 2615 1016 2668 A)
1187 2629 1230 2653 11
1264 2617 1355 2667 ipse
1377 2631 1458 2658 om.
1480 2617 1522 2655 Β
1687 2620 1832 2657 levans

98 2665 131 2704 C
239 2682 290 2708 eo
310 2669 423 2718 quod
444 2698 453 2707 .
476 2701 485 2709 .
507 2697 518 2708 .
541 2670 646 2708 alios
666 2670 758 2709 hab.
784 2669 879 2708 CT:
911 2684 992 2709 om.
1015 2669 1149 2708 BDK
1260 2685 1307 2720 14
1339 2672 1451 2711 enim
1475 2686 1556 2712 om.
1580 2672 1626 2711 K
1645 2675 1748 2723 (non
1765 2673 1830 2722 A)

94 2734 141 2770 15
165 2722 299 2762 Maria
314 2737 396 2762 om.
421 2722 466 2760 Κ
483 2725 589 2771 (non
604 2724 666 2774 A)
784 2738 830 2773 17
851 2725 918 2764 vel
935 2725 1027 2763 hab.
1046 2724 1149 2764 CK:
1169 2739 1252 2766 om.
1275 2725 1379 2764 BlT
1486 2741 1535 2778 19
1555 2729 1652 2778 quia
1667 2757 1677 2767 .
1696 2757 1705 2767 .
1722 2757 1732 2766 .
1758 2728 1834 2766 fuit

95 2778 184 2817 hab.
211 2777 354 2817 CTU:
384 2791 463 2817 om.
487 2777 621 2817 BDK
782 2780 893 2818 dono
915 2779 982 2818 dei
1004 2793 1085 2818 om.
1113 2779 1155 2817 U
1313 2794 1361 2819 21
1395 2788 1464 2820 aut
1487 2814 1495 2822 .
1518 2811 1528 2820 .
1553 2812 1562 2821 .
1588 2783 1832 2822 Hebraeum

96 2846 177 2872 om.
199 2831 246 2870 K
352 2846 403 2871 22
433 2845 484 2871 eo
505 2861 517 2873 .
539 2864 548 2874 .
574 2865 583 2874 .
605 2846 763 2873 resusc.
785 2833 876 2874 hab.
902 2833 1045 2872 CTU:
1076 2847 1157 2873 om.
1181 2834 1269 2872 ΒΚ
1375 2836 1449 2888 sit]
1472 2851 1519 2876 se
1541 2837 1590 2875 Cl
1700 2837 1832 2875 susci-

96 2891 207 2926 tatus
235 2887 274 2926 T
420 2900 472 2937 23
501 2888 602 2937 pell.
625 2889 731 2937 glor.
756 2888 866 2927 clara
889 2889 1161 2939 ethimologia
1183 2890 1242 2928 C:
1272 2890 1396 2940 pellis
1416 2892 1552 2941 gloria
1573 2890 1619 2928 K
1770 2890 1830 2929 in·

95 2941 327 2991 vestigatus
353 2941 389 2980 T
547 2948 617 2982 aut
637 2941 771 2994 (alt.)]
793 2942 860 2982 vel
882 2942 928 2982 K
1085 2957 1135 2993 24
1168 2944 1312 2994 iniquo
1336 2945 1371 2984 C
1528 2958 1579 2995 25
1596 2946 1831 2986 ministerio

95 2994 142 3099 g<
219 3049 283 3101 A)
301 2997 352 3036 ad
374 2998 694 3038 adnuntiassent
721 2998 758 3037 T
935 3012 985 3049 27
1018 2999 1225 3039 innocens
1246 3013 1327 3041 om,
1354 2999 1413 3038 Κ1
1563 3000 1658 3040 iusti
1680 3013 1761 3040 om.
1788 3000 1834 3040 K

115 3063 197 3089 non
