2228 3444
451 181 1080 230 ETYMOLOGIARVM
1121 182 1250 229 LIB.
1292 183 1329 229 I.
1372 181 1577 229 xviii-xx

134 309 235 355 duo
253 306 401 354 verba
421 304 648 363 conectit,
669 304 890 352 subiecta
910 305 1093 366 virgula
1113 303 1270 352 versui
1291 303 1614 365 circumflexa,
1645 309 1696 356 fit
1717 308 1811 356 ita:
1840 309 1885 357 ι]

137 387 370 445 Diastole,
399 387 450 434 id
476 394 549 434 est
573 383 838 444 distinctio,
868 401 994 447 quae
1021 401 1047 433 e
1073 384 1317 432 contrario
1342 394 1546 448 separat,
1576 388 1743 437 dextra
1769 406 1878 453 pars
1899 403 1928 453 7

133 468 308 527 circuli
337 466 590 530 supposita
627 466 801 525 versui,
827 467 881 514 fit
915 466 1011 514 ita:
1041 467 1073 513 7
1138 467 1484 529 Apostrophus
1516 483 1626 529 pars
1652 468 1769 519 item
1796 471 1878 518 cir·
1905 475 1934 522 8

135 549 232 597 culi
273 551 441 598 dextra
477 557 525 597 et
559 549 624 596 ad
660 564 903 595 summam
947 547 1156 596 litteram
1193 547 1433 610 adposita,
1472 550 1526 597 fit
1561 549 1730 611 itazD,
1783 569 1881 615 qua

87 646 107 685 5
134 639 251 679 nota
275 631 448 678 deesse
472 629 746 677 ostenditur
770 627 818 675 in
845 644 1072 677 sermone
1097 629 1270 676 ultima
1293 628 1488 689 vocalis,
1518 639 1570 678 ut
1599 632 1880 680 ‘tribunal'’

135 729 222 775 pro
244 714 255 737 ‘
275 711 548 759 tribunale.'
608 713 802 769 Δασεῖα,
826 711 962 772 quod
987 709 1329 772 interpretatur
1352 712 1596 773 aspiratio,
1619 714 1669 761 id
1696 722 1768 762 est
1793 714 1878 762 ubi
1905 729 1940 775 9

140 795 190 841 H
212 792 369 841 littera
386 791 503 855 poni
520 791 683 850 debet,
704 790 786 839 tali
803 792 954 852 figura
976 799 1172 838 notatur
1191 810 1199 838 ι
1221 791 1248 836 Ι-
1285 792 1423 854 Ψιλή,
1443 793 1580 853 quod
1599 792 1880 857 interpreta-
1900 810 1960 844 10

137 884 214 922 tur
239 873 444 932 siccitas,
466 874 566 921 sive
591 889 782 935 purum,
807 873 856 920 id
883 881 970 932 est,
992 872 1077 920 ubi
1099 875 1151 920 H
1173 872 1330 921 littera
1351 890 1456 921 esse
1482 891 1584 921 non
1610 877 1773 936 debet,
1797 879 1879 924 tali

138 965 255 1004 nota
281 955 555 1003 ostenditur
575 954 629 1002 :4
682 956 906 1016 Quorum
928 954 1139 1001 duorum
1166 964 1462 1002 accentuum
1490 956 1692 1017 figuram
1721 957 1881 1005 Latini
1906 970 1952 1002 11

70 1052 116 1079 10
138 1054 195 1086 ex
221 1037 324 1099 ipsa
356 1039 514 1085 littera
546 1035 854 1099 aspirationis
888 1037 1123 1084 fecerunt.
1212 1038 1360 1085 Vnde
1394 1036 1433 1084 si
1467 1036 1738 1101 coniungas
1780 1041 1880 1096 has,

137 1119 291 1167 fecisti
318 1120 527 1168 eandem
553 1117 861 1181 aspirationis
881 1127 1066 1166 notam.
1129 1120 1319 1166 Rursus
1345 1118 1383 1167 si
1411 1118 1631 1167 medium
1658 1120 1762 1169 eius
1788 1123 1885 1184 api-

138 1218 246 1250 cem
272 1200 468 1260 scindis,
498 1202 686 1249 δασεῖαν
711 1209 759 1249 et
785 1201 930 1264 ψιλήν
954 1199 1087 1248 facis.

273 1285 355 1331 DE
383 1297 661 1331 PoslTVRls.
735 1282 959 1331 Positura
991 1291 1064 1330 est
1097 1283 1250 1345 figura
1281 1283 1343 1330 ad
1378 1282 1755 1345 distinguendos
1782 1301 1887 1333 sen·
1909 1293 1994 1331 XX

139 1381 220 1413 sus
262 1381 347 1428 per
382 1366 490 1412 cola
527 1373 574 1412 et
610 1372 858 1412 commata
894 1372 941 1411 et
978 1361 1223 1425 periodos,
1264 1379 1389 1425 quae
1427 1365 1546 1412 dum
1584 1366 1758 1414 ordine
1795 1382 1885 1413 suo

69 1458 112 1498 15
138 1445 416 1508 adponitur,
468 1461 664 1494 sensum
714 1444 858 1492 nobis
907 1443 1132 1492 lectionis
1181 1443 1411 1492 ostendit.
1498 1444 1673 1494 Dictae
1719 1455 1885 1495 autem

139 1526 384 1590 positurae
411 1528 485 1574 vel
515 1525 630 1589 quia
662 1527 857 1589 punctis
891 1524 1061 1588 positis
1095 1526 1408 1584 adnotantur,
1438 1527 1514 1574 vel
1547 1526 1661 1588 quia
1694 1527 1762 1575 ibi
1797 1544 1888 1576 vox

140 1625 228 1672 pro
247 1607 501 1657 intervallo
521 1607 849 1656 distinctionis
866 1609 1143 1670 deponitur.
1200 1609 1307 1655 Has
1328 1607 1505 1656 Graeci
1526 1608 1675 1661 θέσεις
1694 1618 1886 1668 vocant,

143 1689 304 1738 Latini
338 1688 594 1751 posituras.
668 1688 830 1736 Prima
854 1690 1070 1750 positura
1096 1688 1443 1737 subdistinctio
1469 1688 1646 1738 dicitur
1664 1708 1677 1750 ,·
1714 1691 1887 1739 eadem
1913 1707 1942 1740 2

144 1781 191 1820 et
217 1787 425 1819 comma.
490 1770 661 1818 Media
681 1769 932 1818 distinctio
953 1786 1164 1832 sequens
1185 1778 1258 1818 est
1279 1788 1291 1829 3
1329 1769 1434 1832 ipsa
1454 1779 1501 1819 et
1521 1773 1642 1820 cola.
1704 1771 1890 1819 Vltima

69 1873 120 1900 20
144 1851 409 1912 distinctio,
421 1868 546 1914 quae
567 1860 720 1900 totam
738 1852 1032 1900 sententiam
1050 1850 1217 1907 cludit,
1238 1850 1342 1913 ipsa
1359 1859 1432 1899 est
1447 1851 1704 1913 periodus,
1735 1851 1888 1912 cuius,

144 1944 196 1982 ut
213 1933 438 1993 diximus,
455 1942 615 1996 partes
633 1942 746 1982 sunt
764 1935 872 1981 cola
891 1942 938 1980 et
957 1949 1178 1992 comma3
1204 1949 1410 1994 quarum
1427 1933 1678 1982 diversitas
1696 1935 1890 1996 punctis

144 2015 336 2064 diverso
369 2017 480 2063 loco
505 2013 677 2076 positis
703 2016 1081 2063 demonstratur.
1154 2013 1253 2060 Vbi
1279 2012 1411 2062 enim
1438 2013 1578 2062 initio
1612 2016 1892 2076 pronuntia-
1915 2034 1944 2079 3

143 2096 290 2145 tionis
315 2097 527 2145 necdum
556 2098 702 2158 plena
727 2112 836 2158 pars
863 2094 1025 2144 sensui
1052 2104 1136 2153 est,
1161 2104 1209 2143 et
1235 2104 1401 2142 tamen
1426 2096 1659 2157 respirare
1683 2105 1890 2158 oportet,

148 2180 202 2226 fit
217 2195 427 2237 comma,
448 2177 497 2225 id
525 2186 595 2225 est
621 2176 858 2239 particula
877 2192 1063 2235 sensus,
1085 2184 1399 2238 punctusque
1417 2177 1481 2223 ad
1508 2175 1657 2224 imam
1683 2176 1891 2226 litteram

74 2279 123 2320 25
150 2259 376 2323 ponitur;
415 2268 462 2306 et
488 2267 689 2307 vocatur
708 2257 1068 2317 subdistinctio,
1097 2258 1160 2305 ab
1186 2274 1246 2306 eo
1272 2258 1409 2319 quod
1435 2267 1675 2320 punctum
1702 2258 1889 2317 subtuS,

148 2341 198 2389 id
224 2349 297 2389 est
321 2342 382 2388 ad
405 2339 554 2386 imam
579 2339 807 2399 litteram,
826 2338 1015 2401 accipit.
1078 2337 1177 2385 Vbi
1197 2346 1362 2386 autem
1384 2337 1432 2384 in
1453 2339 1774 2401 sequentibus
1795 2339 1890 2387 iam
1914 2356 1945 2402 4

148 2420 389 2470 sententia
422 2437 620 2468 sensum
651 2427 876 2482 praestat,
906 2420 993 2467 sed
1026 2419 1190 2467 adhuc
1219 2418 1408 2481 aliquid
1442 2430 1662 2481 superest
1694 2422 1758 2469 de
1788 2437 1892 2468 sen-

149 2502 330 2551 tentiae
345 2500 668 2564 plenitudine,
681 2501 733 2548 fit
749 2502 870 2560 cola,
886 2499 1200 2561 mediamque
1217 2499 1426 2548 litteram
1444 2510 1630 2562 puncto
1646 2510 1874 2549 notamus
1881 2520 1893 2561 3

150 2592 198 2632 et
232 2582 445 2631 mediam
480 2581 848 2630 distinctionem
879 2597 1127 2640 vocamus,
1163 2579 1278 2642 quia
1306 2590 1545 2643 punctum
1579 2583 1643 2630 ad
1677 2583 1891 2630 mediam

79 2683 132 2722 30
152 2664 360 2713 litteram
410 2664 655 2728 ponimus.
735 2663 834 2711 Vbi
877 2679 991 2711 vero
1034 2662 1130 2710 iam
1178 2679 1264 2725 per
1305 2663 1483 2725 gradus
1525 2663 1892 2725 pronuntiando
1916 2674 1946 2722 5

209 2805 226 2831 1
261 2794 308 2832 fit
329 2793 388 2831 ita
416 2806 498 2832 om.
522 2793 582 2831 Κ1
829 2804 853 2829 2
882 2804 989 2841 quae
1010 2791 1221 2829 contraria
1249 2796 1418 2840 separat
1438 2790 1512 2829 K:
1543 2804 1653 2840 quae
1683 2791 1893 2830 contrario

151 2861 186 2887 s.
216 2846 258 2885 B
447 2860 471 2897 5
502 2845 675 2898 deesse]
707 2846 759 2885 de
790 2845 820 2884 S
852 2852 899 2886 ut
925 2845 1004 2885 vid.
1037 2845 1073 2882 T
1246 2848 1272 2884 6
1301 2845 1436 2896 quod]
1462 2858 1631 2895 quoque
1660 2844 1707 2883 K
1868 2846 1894 2883 8

153 2903 194 2941 id
225 2901 310 2952 est]
340 2902 487 2941 siveB
697 2913 746 2939 10
775 2901 925 2950 iungas
944 2899 1002 2937 Βι
1224 2913 1271 2949 19
1299 2912 1484 2948 sequens
1510 2906 1575 2939 est
1595 2899 1685 2938 cola
1706 2899 1797 2948 ipsa
1828 2905 1894 2937 est

152 2956 291 2996 media
319 2957 533 2996 distinctio
569 2955 614 2993 K
817 2967 864 2993 21
896 2960 1107 2993 commata
1143 2953 1187 2991 K
1403 2967 1454 2992 22
1484 2954 1596 2992 enim
1628 2954 1668 2990 in
1702 2953 1818 2991 initio
1851 2953 1898 2991 K

153 3022 206 3058 23
231 3023 383 3050 sensus
417 3010 497 3050 BC
620 3011 672 3048 26
701 3009 864 3059 accepit
894 3007 1063 3048 B¹C¹K¹
1247 3009 1298 3047 28
1329 3013 1524 3058 punctum
1553 3007 1589 3044 T
1708 3019 1762 3055 3ο
1789 3020 1891 3046 vero

154 3077 236 3104 om.
263 3065 303 3104 K
