2228 3444
89 1087 134 1116 10

403 203 1036 251 ETYMOLOGIARVM
1077 203 1206 250 LIB.
1251 203 1318 250 II.
1359 202 1516 261 xxviii,
1546 203 1655 250 xxix

155 347 256 379 non
283 340 356 379 est
382 331 598 378 malum.'
653 332 828 379 Sextus
849 332 1028 380 modus
1055 340 1140 391 est,
1165 330 1249 395 qui
1277 331 1513 380 conducit
1538 348 1596 381 ex
1621 331 1900 380 dedicativa
1928 344 1983 378 21

156 412 416 462 universali
468 421 516 460 et
562 411 840 462 abdicativa
888 412 1166 476 particulari
1222 412 1558 462 abdicativum
1612 412 1902 476 particulare

155 494 391 554 directim,
421 504 503 542 ut:
545 495 741 544 ‘Omne
767 494 949 543 iustum
977 496 1271 544 honestum:
1311 496 1567 558 quoddam
1594 496 1775 543 iustum
1802 511 1903 543 non

156 586 229 625 est
259 577 444 623 malum
469 596 478 625 z
516 576 771 638 quoddam
798 575 942 639 igitur
967 578 1233 625 honestum
1261 593 1363 624 non
1397 586 1470 625 est
1504 577 1720 624 malum.'
1794 578 1902 624 Has
1927 589 1992 623 22

155 659 388 707 formulas
406 656 793 720 categoricorum
811 658 1203 721 syllogismorum
1215 657 1299 721 qui
1315 660 1461 721 plene
1478 675 1625 706 nosse
1641 657 1901 716 desiderat,

155 739 335 789 librum
362 741 489 802 legat
516 738 600 802 qui
626 738 906 788 inscribitur
932 739 1324 788 Perihermenias
1352 738 1545 802 Apulei,
1566 748 1614 788 et
1640 756 1768 803 quae
1794 739 1903 787 sub-

157 821 286 870 tilius
308 830 422 870 sunt
438 829 643 869 tractata
662 831 944 884 cognoscet.
1009 821 1256 870 Distincta
1273 821 1405 870 enim
1426 831 1574 884 atque
1594 820 1904 870 considerata

155 905 219 952 ad
265 920 464 966 magnas
507 902 870 966 intellegentiae
913 904 1013 952 vias
1057 905 1306 963 lectorem,
1343 911 1623 966 praestante
1668 902 1902 962 Domino,

156 985 336 1033 utiliter
360 984 694 1033 introducunt.
771 987 919 1034 Nunc
935 987 999 1034 ad
1022 985 1388 1048 Hypotheticos
1409 984 1717 1048 syllogismos
1734 984 1907 1033 ordine

157 1066 381 1130 sequenti
408 1066 676 1115 veniamus.
753 1067 897 1115 Modi
915 1067 1310 1130 syllogismorum
1332 1066 1800 1130 Hypotheticorum,
1824 1065 1907 1129 qui
1929 1085 1994 1134 23

158 1149 282 1196 fiunt
302 1165 415 1196 cum
435 1147 600 1210 aliqua
616 1148 951 1208 conclusione,
973 1159 1086 1197 sunt
1113 1158 1318 1212 septem.
1373 1148 1566 1198 Primus
1594 1151 1773 1198 modus
1799 1158 1872 1198 est
1895 1168 1903 1198 :

163 1227 238 1276 ‘Si
275 1228 379 1277 dies
417 1239 501 1288 est,
544 1231 707 1278 lucet:
746 1240 818 1278 est
855 1240 1021 1279 autem
1059 1231 1194 1280 dies:
1232 1233 1363 1280 lucet
1401 1230 1574 1294 igitur.'
1647 1232 1906 1280 Secundus

161 1311 338 1359 modus
364 1320 438 1359 est
460 1331 468 1359 :
505 1314 518 1336 ‘
541 1311 590 1360 Si
617 1311 723 1361 dies
750 1322 836 1372 est,
866 1314 1024 1361 lucet:
1064 1330 1165 1361 non
1192 1314 1324 1362 lucet
1346 1329 1354 1359 :
1394 1329 1496 1361 non
1517 1322 1590 1361 est
1607 1312 1750 1376 igitur
1767 1312 1904 1362 dies.’

159 1393 354 1442 Tertius
376 1395 555 1442 modus
576 1402 649 1442 est
669 1393 735 1442 ita
759 1413 767 1443 ε
798 1396 944 1442 ‘Non
971 1403 1018 1443 et
1039 1394 1144 1444 dies
1166 1404 1239 1443 est
1260 1404 1307 1443 et
1329 1411 1430 1442 non
1453 1396 1584 1443 lucet
1608 1414 1616 1444 ε
1642 1394 1778 1458 atqui
1799 1394 1905 1443 dies

159 1485 262 1525 est:
299 1477 430 1524 lucet
456 1475 629 1538 igitur.’
703 1477 920 1536 Quartus
956 1478 1135 1525 modus
1162 1485 1235 1524 est
1261 1475 1356 1525 ita:
1397 1479 1530 1524 ‘Aut
1564 1475 1669 1525 dies
1703 1486 1790 1535 est,
1823 1485 1907 1524 aut
1932 1489 1997 1536 24

159 1574 289 1606 nox:
325 1557 462 1620 atqui
488 1557 593 1606 dies
620 1567 724 1606 est:
764 1575 861 1606 nox
886 1557 1030 1621 igitur
1063 1575 1164 1606 non
1196 1560 1299 1606 est.'
1372 1559 1590 1619 Quintus
1627 1559 1804 1607 modus
1836 1567 1908 1606 est

160 1639 255 1687 ita:
297 1642 428 1687 ‘Aut
447 1641 552 1688 dies
579 1649 664 1698 est,
687 1649 772 1688 aut
792 1656 918 1688 nox:
957 1640 1094 1703 atqui
1121 1657 1219 1689 nox
1244 1657 1346 1688 non
1374 1648 1446 1688 est
1468 1658 1476 1688 ε
1515 1639 1619 1689 dies
1646 1639 1790 1703 igitur
1807 1642 1909 1689 est.'

162 1723 335 1769 Sextus
356 1722 534 1770 modus
555 1730 628 1769 est
648 1720 714 1769 ita
735 1740 743 1769 :
776 1725 787 1746 ‘
808 1723 924 1770 Non
945 1731 992 1770 et
1015 1721 1120 1770 dies
1142 1731 1215 1771 est
1234 1731 1281 1770 et
1301 1739 1403 1770 non
1422 1723 1554 1770 lucet
1575 1741 1584 1770 ι
1618 1721 1723 1771 dies
1742 1732 1907 1771 autem

165 1801 279 1868 [est]
306 1822 314 1851 ε
354 1820 451 1850 nox
471 1802 615 1865 igitur
635 1819 735 1852 non
759 1804 862 1851 est.'
934 1802 1182 1866 Septimus
1211 1805 1389 1852 modus
1416 1812 1489 1852 est
1505 1802 1571 1851 ita
1595 1822 1604 1853 ε
1635 1806 1783 1853 ‘Non
1804 1803 1910 1853 dies
1934 1816 1998 1863 25

89 1907 139 1934 20
163 1893 211 1933 et
244 1899 369 1932 nox:
410 1885 546 1946 atqui
590 1900 689 1932 nox
730 1901 831 1933 non
872 1894 975 1933 est:
1012 1884 1118 1934 dies
1162 1884 1306 1948 igitur
1339 1887 1443 1934 est.'
1517 1886 1701 1934 Modos
1744 1893 1909 1932 autem

165 1965 614 2028 Hypotheticorum
636 1966 1028 2029 syllogismorum
1057 1966 1095 2016 si
1121 1967 1230 2030 quis
1256 1967 1449 2030 plenius
1476 1984 1622 2016 nosse
1648 1966 1908 2023 desiderat,

163 2047 342 2096 librum
390 2050 518 2111 legat
560 2047 705 2096 Marii
748 2047 991 2097 Victorini
1036 2048 1119 2111 qui
1170 2049 1452 2097 inscribitur
1494 2051 1557 2098 de
1606 2047 1909 2111 Syllogismis

166 2129 531 2193 Hypotheticis.
606 2129 743 2177 Hinc
767 2131 831 2178 ad
860 2129 1155 2179 Dialecticas
1182 2130 1530 2180 definitionum
1558 2130 1746 2193 species
1776 2147 1912 2179 acce-
1935 2137 2004 2183 26

166 2213 356 2272 damus,
385 2227 512 2274 quae
538 2219 674 2259 tanta
699 2211 938 2275 dignitate
969 2215 1272 2275 praecellunt
1307 2222 1360 2261 ut
1390 2213 1582 2276 possint
1615 2212 1909 2262 indiciorum

93 2318 111 2346 2
119 2319 139 2358 5
165 2302 331 2357 aperte
356 2292 776 2342 manifestationes
796 2304 844 2342 et
861 2296 1105 2357 quaedam
1132 2294 1315 2344 indicia
1340 2294 1616 2344 dictionum
1634 2296 1910 2345 ostendere.

301 2377 386 2423 DE
415 2390 686 2424 DIVISIONE
720 2390 1111 2424 DEFINITIONVM
1143 2392 1211 2424 Ex
1244 2379 1415 2424 MARII
1442 2379 1730 2425 VICTORINI
1759 2391 1914 2425 LlssRo
1937 2386 2089 2427 XXIX

222 2516 245 2541 2
276 2502 562 2553 particulatim
585 2502 659 2540 dir.
693 2502 730 2540 T
834 2515 858 2551 3
889 2503 1094 2541 directum
1116 2503 1162 2541 K
1243 2508 1287 2541 ut
1307 2516 1344 2542 0.
1368 2504 1391 2543 i.
1414 2503 1455 2542 h.
1479 2517 1519 2552 q.
1541 2503 1667 2553 igitur
1688 2504 1711 2543 i.
1736 2517 1777 2543 n.
1799 2517 1834 2543 e.
1857 2517 1910 2543 m.

170 2557 270 2609 (om.
294 2558 396 2609 rell.)
419 2557 460 2594 A
544 2570 628 2596 non
647 2563 713 2596 est
735 2588 743 2598 .
766 2586 776 2596 .
800 2587 808 2596 .
837 2558 1062 2597 honestum
1082 2570 1166 2596 om.
1185 2557 1230 2595 K
1338 2571 1361 2606 4
1393 2570 1476 2597 non
1499 2564 1563 2597 est
1585 2558 1737 2597 malum
1759 2572 1841 2598 om.
1862 2557 1911 2596 Cl

168 2625 190 2661 7
236 2612 369 2664 enim]
409 2618 550 2651 autem
598 2612 635 2651 T
806 2613 831 2650 8
879 2625 1075 2662 magnam
1114 2612 1423 2659 intelligentiae
1466 2614 1534 2666 (ex
1572 2613 1678 2665 —am>
1718 2613 1828 2651 viam
1869 2613 1914 2650 K

172 2680 221 2706 10
250 2667 446 2717 sequenti
466 2666 610 2705 BCT:
641 2666 883 2716 requirendi
903 2667 973 2706 K:
1003 2673 1202 2706 currente
1229 2665 1411 2706 Cassiod.
1524 2667 1908 2718 Hypotheticorum

167 2735 250 2760 om.
274 2721 366 2760 ΑΚ
530 2734 573 2759 11
607 2734 668 2771 pr.
692 2735 773 2761 mo.
798 2722 834 2760 si
855 2722 901 2760 K
1031 2735 1078 2760 12
1109 2735 1195 2760 sec.
1216 2727 1281 2760 est
1300 2722 1346 2760 K
1485 2735 1532 2771 13
1563 2735 1645 2760 non
1671 2723 1725 2771 ig.
1747 2723 1837 2761 dies
1861 2721 1911 2761 Cl

171 2788 219 2824 14
250 2776 358 2815 mod.
382 2776 439 2814 ita
458 2775 503 2814 K
623 2790 707 2815 non
729 2781 796 2815 est
816 2776 907 2815 dies
928 2782 993 2816 est
1014 2782 1056 2815 et
1075 2776 1219 2816 BCT:
1249 2790 1334 2815 non
1356 2777 1449 2815 dies
1470 2777 1560 2816 dies
1582 2781 1646 2816 est
1666 2782 1708 2815 et
1728 2777 1793 2817 K:
1825 2789 1909 2814 non

168 2831 260 2870 dies
281 2836 346 2869 est
367 2831 459 2870 dies
481 2836 546 2870 est
567 2836 608 2869 et
628 2831 668 2868 A
811 2831 949 2870 luceat
975 2832 1015 2869 A
1146 2831 1261 2880 atqui
1284 2861 1292 2870 .
1317 2861 1327 2871 .
1352 2859 1362 2871 .
1386 2830 1498 2870 lucet
1518 2844 1599 2870 om.
1624 2831 1666 2869 A
1796 2830 1910 2879 etqui

171 2885 292 2925 C1K:
321 2890 446 2935 atque
469 2885 507 2924 T
615 2897 663 2935 15
693 2885 842 2934 Quart.
859 2886 971 2926 mod.
986 2886 1045 2925 ita
1061 2891 1132 2924 aut
1157 2886 1250 2925 dies
1269 2891 1341 2925 aut
1361 2898 1448 2924 nox
1471 2886 1506 2925 C
1617 2887 1666 2924 16
1686 2884 1910 2933 autquiK:

169 2946 295 2990 atque
312 2939 407 2979 ClT
539 2940 670 2990 quint.
692 2941 801 2979 mod.
821 2939 879 2979 ita
898 2940 945 2978 K
1083 2953 1130 2989 17
1161 2941 1303 2990 autqui
1319 2941 1388 2979 K:
1418 2946 1545 2990 atque
1565 2939 1614 2980 Cl
1632 2954 1641 2978 z
1669 2945 1711 2977 at
1732 2939 1829 2988 quia
1847 2938 1915 2989 (ex

167 2993 313 3045 adqui)
342 2995 379 3033 T
484 2995 575 3034 dies
596 2996 651 3045 ig.
674 2996 774 3047 (om.
800 2995 886 3046 est)
906 2995 947 3032 Β
1123 2997 1171 3034 18
1201 3001 1310 3035 sext.
1334 2995 1444 3034 mod.
1467 2996 1524 3034 ita
1555 2994 1634 3033 CK
1741 3005 1826 3032 non
1847 2999 1912 3032 est

169 3050 261 3088 dies
281 3054 347 3088 est
366 3054 410 3088 et
430 3049 539 3090 codd.
749 3062 798 3098 19
826 3056 890 3088 est
909 3050 1002 3089 hab.
1026 3049 1126 3089 CT:
1155 3062 1237 3088 om.
1259 3047 1364 3088 B1K
1518 3049 1634 3099 Sept.
1657 3048 1766 3086 mod.
1790 3047 1847 3086 ita
1870 3047 1914 3086 K

171 3116 256 3142 non
277 3104 367 3142 dies
388 3110 454 3143 est
475 3117 561 3142 nox
583 3104 628 3143 K
785 3117 839 3142 20
866 3110 990 3153 atque
1014 3103 1109 3143 C1T
1125 3106 1192 3153 (ex
1212 3103 1369 3155 adque)
1519 3115 1570 3140 22
1600 3102 1849 3152 sylogismis
1869 3108 1911 3140 et

170 3159 426 3208 epythetieis
445 3158 492 3196 K
652 3171 703 3208 24
733 3165 908 3208 possent
935 3159 971 3198 'l'
1133 3171 1184 3209 25
1214 3158 1330 3208 aperi
1353 3158 1408 3196 Bl
1427 3157 1528 3208 <-ire
1549 3156 1626 3209 B2)

688 3222 691 3230 “
1008 3228 1022 3261 1
1052 3229 1076 3260 2
