2176 3424
1005 60 1009 64 ᾗ
1063 99 1332 148 ISIDORI

325 239 561 286 umquam
593 225 774 288 praeda
803 235 891 274 est.
965 227 1123 276 Maria
1156 231 1436 289 transvolat,
1464 230 1632 294 ibique
1664 230 1827 281 hieme
1859 248 2076 281 commo-

248 317 301 366 71
325 314 466 354 ratur.
541 307 738 356 Turdos
763 324 791 356 a
816 307 1044 359 tarditate
1069 309 1228 359 dictos
1246 329 1260 372 3
1296 310 1472 361 hiemis
1505 312 1637 361 enim
1671 313 1890 363 confinio
1923 331 1974 363 se
2007 332 2075 364 re-

323 390 497 437 ferunt.
571 391 790 440 Turdela
832 390 972 455 quasi
1010 393 1166 442 maior
1204 394 1375 443 turdus
1394 412 1407 455 3
1456 393 1593 443 cuius
1638 404 1848 446 stercore
1886 395 2074 446 viscum

321 487 554 534 generare
588 481 799 536 putatur.
872 475 1022 523 Vnde
1066 484 1114 523 et
1152 474 1466 538 proverbium
1508 478 1642 541 apud
1685 477 1915 542 antiquos
1958 487 2072 538 erat,

236 557 300 606 72
326 553 547 601 ‘Malum
597 553 689 603 sibi
735 572 879 604 avem
929 558 1128 605 cacare.⁷
1218 556 1444 607 Furfurio
1493 567 1712 620 vocatus,
1758 562 1894 623 quod
1942 559 2075 625 prius
2100 581 2122 622 5

236 643 299 691 73
322 635 444 684 farre
479 634 527 683 in
568 635 772 685 farinam
817 638 1018 687 redacto
1055 648 1348 702 pasceretur.
1421 640 1688 690 Ficedulae
1725 643 1899 702 dictae,
1939 643 2075 705 quod

323 718 444 765 ficus
500 717 653 782 magis
710 721 873 768 edant.
966 720 1206 769 Panditur
1261 721 1502 771 versiculo
1554 723 1704 773 veteri
1762 723 1846 772 illo
1902 723 2072 788 (Mart.

331 816 402 862 13,
424 799 534 865 49)ζ

528 882 659 933 Cum
698 900 776 932 me
815 886 936 933 ficus
973 887 1084 945 alat,
1125 903 1237 933 cum
1275 903 1445 950 pascar
1481 887 1710 936 dulcibus
1747 887 1866 948 uvis,

599 983 684 1014 cur
720 966 885 1030 potius
922 983 1108 1016 nomen
1146 985 1248 1016 non
1286 969 1425 1018 dedit
1463 987 1557 1018 uva
1592 969 1748 1018 mihi?
2105 990 2152 1018 10

241 1058 306 1107 74
330 1048 619 1106 Carduelus,
648 1050 785 1112 quod
819 1049 972 1113 spinis
998 1059 1046 1098 et
1071 1050 1300 1099 cardibus
1334 1051 1549 1115 pascitur
1566 1070 1579 1113 3
1614 1053 1747 1102 unde
1773 1051 1919 1100 etiam
1944 1053 2078 1115 apud

329 1126 548 1178 Graecos
581 1131 852 1180 acalanthis
886 1131 1018 1181 dicta
1052 1142 1138 1194 est,
1165 1133 1228 1181 ab
1256 1135 1487 1194 ἀκάνθαις,
1516 1133 1566 1183 id
1597 1143 1669 1183 est
1703 1133 1869 1197 spinis,
1897 1134 2077 1197 quibus

244 1218 307 1268 75
328 1210 485 1261 alitur.
547 1215 771 1277 Augures
790 1223 956 1262 autem
978 1213 1150 1264 dicunt
1170 1225 1217 1263 et
1244 1217 1294 1263 in
1319 1226 1459 1279 gestu
1479 1226 1527 1265 et
1546 1215 1596 1264 in
1617 1225 1754 1264 motu
1776 1226 1823 1264 et
1844 1215 1894 1264 in
1914 1217 2078 1265 volatu

238 1294 305 1354 76
330 1302 377 1341 et
395 1292 444 1341 in
459 1311 582 1342 voce
595 1294 760 1343 avium
778 1297 916 1359 signa
932 1312 1038 1345 esse
1055 1297 1334 1346 constituta.
1388 1298 1596 1347 Oscines
1612 1315 1726 1347 aves
1742 1306 1934 1358 vocant,
1953 1314 2079 1361 quae

244 1389 305 1439 77
326 1392 410 1425 ore
428 1385 676 1441 cantuque
692 1378 969 1442 auspicium
987 1379 1170 1428 faciunt
1180 1399 1193 1442 3
1231 1389 1284 1429 ut
1301 1397 1487 1441 corvus,
1508 1380 1688 1441 cornix,
1708 1380 1861 1444 picus.
1906 1380 2076 1440 Alites‚
2109 1400 2154 1439 15

325 1475 453 1521 quae
479 1461 643 1508 volatu
679 1462 939 1510 ostendere
975 1463 1135 1510 futura
1160 1461 1388 1512 videntur
1404 1481 1417 1524 3
1455 1479 1581 1526 quae
1613 1464 1652 1511 si
1685 1464 1918 1512 adversae
1950 1472 2077 1522 sunt,

326 1539 525 1591 inebrae
563 1542 808 1604 dicuntur,
846 1545 983 1607 quod
1017 1542 1288 1604 inhibeant,
1321 1545 1372 1594 id
1406 1555 1479 1594 est
1503 1554 1669 1595 vetent
1687 1563 1700 1606 3
1736 1544 1775 1594 si
1805 1562 2079 1609 prosperae,

326 1634 611 1687 praepetes;
653 1635 700 1675 et
737 1625 851 1675 ideo
887 1636 1158 1690 praepetes,
1198 1627 1314 1691 quia
1350 1645 1524 1677 omnes
1560 1644 1674 1677 aves
1711 1629 1872 1691 priora
1907 1636 2082 1691 petunt

239 1710 303 1768 78
327 1707 563 1756 volantes.
627 1707 845 1756 Tertiam
867 1708 1053 1758 faciunt
1074 1708 1290 1774 speciem
1315 1710 1631 1774 auguriorum
1651 1711 1699 1758 in
1721 1710 1907 1770 avibus,
1931 1727 2080 1773 quam

328 1806 647 1839 communem
675 1800 866 1851 vocant,
895 1809 952 1840 ex
986 1800 1196 1855 utroque
1229 1791 1534 1856 permixtam,
1563 1791 1613 1841 id
1639 1802 1712 1841 est
1737 1809 1850 1840 cum
1884 1808 1997 1840 aves
2023 1807 2081 1840 ex
2106 1807 2158 1835 20

238 1889 303 1938 79
330 1888 413 1921 ore
434 1881 482 1920 et
502 1874 665 1921 volatu
685 1874 956 1935 auguriant.
1010 1874 1108 1922 Sed
1135 1874 1286 1922 fidem
1312 1890 1414 1922 non
1440 1874 1602 1922 habet.
1657 1873 1895 1924 Omnium
1914 1883 2081 1922 autern

329 1971 509 2019 genera
535 1956 789 2004 volucrum
815 1955 891 2004 bis
917 1966 1198 2004 nascuntur.
1275 1955 1493 2004 Primum
1520 1955 1651 2004 enirn
1678 1973 1770 2004 ova
1804 1955 2081 2019 gignuntur,

237 2045 304 2093 80
332 2037 449 2087 inde
498 2040 659 2088 calore
708 2038 915 2087 materni
954 2037 1168 2103 corporis
1211 2039 1483 2086 formantur
1520 2048 1568 2087 et
1610 2037 1902 2087 animantur.
1977 2039 2084 2088 Ova

330 2130 495 2169 autem
523 2120 656 2169 dicta
680 2121 743 2170 ab
770 2138 830 2171 eo
855 2123 991 2184 quod
1023 2121 1119 2169 sint
1153 2119 1314 2169 uvida.
1388 2121 1535 2169 Vnde
1560 2129 1608 2168 et
1634 2137 1740 2179 uva,
1770 2137 1830 2168 eo
1855 2121 1991 2183 quod
2017 2118 2084 2167 in-

332 2202 570 2252 trinsecus
601 2205 809 2251 humore
835 2202 895 2251 sit
920 2204 1080 2266 plena.
1154 2204 1285 2251 Nam
1319 2201 1581 2251 humidum
1615 2211 1688 2251 est
1714 2203 1848 2264 quod
1874 2200 2083 2250 exterius
2109 2215 2157 2256 25

333 2288 592 2335 humorem
637 2286 814 2344 habet3
870 2284 1088 2345 uvidum,
1136 2285 1271 2347 quod
1320 2283 1534 2332 interius.
1613 2281 1831 2344 Quidam
1876 2280 2083 2348 [autem]

392 2427 409 2451 1
443 2415 710 2454 transvolans
730 2414 770 2453 Β
793 2413 898 2463 (non
924 2414 978 2464 U)
1146 2426 1170 2450 2
1200 2413 1370 2452 Turdus
1398 2412 1458 2451 T:
1488 2413 1651 2452 Tardus
1674 2412 1723 2452 Cl
1854 2413 1989 2452 dictus
2016 2412 2090 2452 TC

335 2481 360 2518 5
391 2483 469 2509 ave
489 2470 535 2508 K
643 2483 750 2520 quos
770 2469 817 2507 K
957 2470 983 2507 6
1012 2469 1185 2507 reducto
1206 2468 1246 2506 Β
1267 2473 1361 2506 ante
1379 2481 1479 2507 corr.
1499 2482 1508 2506 ε
1540 2469 1713 2508 redacta
1735 2467 1770 2506 C
1896 2480 1918 2516 7
1949 2466 2083 2506 veteri

335 2525 379 2562 in
400 2525 538 2564 ras.B
649 2525 708 2563 illi
729 2524 775 2563 K
929 2537 956 2574 9
986 2523 1151 2562 dulcius
1180 2522 1218 2561 T
1322 2535 1443 2561 uvam
1482 2522 1520 2563 T
1671 2535 1716 2561 11
1750 2522 1982 2561 Cardualus
2001 2521 2088 2560 ΒΚ

336 2579 436 2628 quia
457 2578 493 2618 C
600 2579 749 2631 etiam]
770 2584 813 2618 et
842 2577 879 2617 T
1031 2591 1079 2615 12
1110 2577 1271 2617 acantis
1290 2576 1379 2615 ΒΚ
1386 2577 1424 2616 Τ
1529 2584 1594 2616 est
1615 2591 1696 2617 om.
1725 2576 1761 2615 C
1864 2577 1916 2616 ab
1937 2590 2020 2616 om.
2042 2575 2089 2615 K

341 2647 390 2684 13
420 2640 560 2673 autem
580 2648 663 2674 om.
696 2634 734 2672 T
838 2640 964 2682 gustu
984 2632 1031 2670 K
1198 2645 1246 2682 15
1277 2637 1445 2671 cantatu
1467 2645 1586 2682 ausp.
1610 2632 1657 2670 K
1821 2633 1870 2669 16
1899 2645 2005 2682 quae
2026 2630 2084 2682 si]

338 2689 510 2738 quasiB
626 2702 671 2737 17
703 2688 854 2727 inebae
871 2689 975 2740 (-be)
995 2687 1082 2726 ΒΚ
1100 2702 1109 2726 z
1138 2688 1319 2727 inhebae
1335 2687 1383 2726 C1
1487 2687 1617 2739 quod]
1637 2687 1755 2738 quasi
1769 2685 1815 2725 K
1912 2692 2086 2727 vectent

338 2743 384 2782 K
501 2757 688 2796 propere
709 2743 755 2782 K
921 2745 969 2781 18
998 2749 1040 2782 et
1058 2756 1140 2782 om.
1164 2742 1211 2781 K
1317 2747 1467 2791 petent
1495 2741 1534 2780 T
1693 2754 1744 2791 19
1771 2741 2011 2780 voluntates
2033 2738 2085 2778 Cl

339 2799 418 2838 sac.
434 2804 532 2849 post
550 2813 615 2839 av,
644 2798 679 2838 C
800 2811 926 2848 quem
947 2798 1034 2838 BT
1155 2811 1208 2835 20
1238 2797 1447 2846 permixta
1466 2796 1555 2836 BT
1673 2796 1714 2835 id
1736 2803 1800 2835 est
1820 2795 1936 2847 cum]
1955 2796 1998 2834 id
2017 2794 2059 2832 Β
2075 2808 2084 2835 :

339 2855 420 2893 hae
441 2854 488 2892 K
627 2866 674 2892 21
707 2853 883 2903 auguria
902 2853 1062 2892 faciunt
1082 2851 1250 2891 BCDK
1376 2852 1503 2890 fidem
1527 2852 1596 2891 D:
1627 2851 1733 2889 fides
1754 2849 1866 2890 codd.
1997 2862 2084 2888 non

340 2908 365 2947 f.
387 2909 428 2948 h.
449 2909 490 2948 Β
511 2914 606 2948 ante
622 2922 723 2949 corr.
744 2923 751 2948 ε
784 2908 809 2946 f.
832 2908 1009 2948 inabitat
1037 2907 1175 2959 T<vix
1186 2913 1265 2958 pro
1284 2906 1501 2958 inhibitat)
1613 2906 1771 2945 habent
1789 2905 1834 2943 D
1941 2909 2084 2943 autem

341 2977 423 3003 om.
449 2964 484 3003 C
609 2977 662 3003 22
691 2962 800 3014 voL]
821 2963 959 3002 avium
980 2963 1026 3002 K
1153 2975 1203 3011 24
1235 2967 1375 3001 autem
1397 2975 1477 3002 om.
1499 2961 1533 3001 C
1638 2959 1796 2999 uvaec
1919 2971 1969 3008 25
2000 2959 2087 2999 sint

340 3017 417 3056 BC
527 3019 678 3069 plenae
701 3019 736 3058 C
846 3020 898 3056 26
928 3018 1099 3058 uvidum
1119 3015 1160 3057 Β
1273 3022 1417 3056 autem
1438 3017 1530 3057 hab.
1553 3015 1659 3054 BT:
1690 3029 1771 3055 om.
1798 3013 1877 3054 CK
